2462 3972
178 194 237 257 aso
404 211 540 257 aluums
560 210 659 258 rorrus
679 209 762 256 annis
782 209 930 256 ctuomct.

183 331 198 368 a
224 309 306 370 niam
329 307 421 370 iidem
442 305 614 384 christiani,
637 326 699 370 non
722 326 757 370 ea
779 305 844 370 loca
867 309 1006 385 tantiam,
1026 307 1063 370 ad
1087 325 1156 388 qua

183 419 197 456 a
222 397 382 459 convenire
404 401 638 472 consueverant,
662 395 791 458 sedalis
814 395 904 458 etiam
928 395 1069 458 habuisse
1091 413 1153 457 nos

181 507 197 546 a
221 491 346 562 cuntur,
369 485 478 562 adjus
503 485 637 565 corporis
662 502 786 562 eorum,
812 483 843 545 id
869 489 917 546 est
941 485 1155 560 ecclesiarum,

179 597 194 632 a
217 592 278 635 non
292 573 452 635 hominum
468 573 656 653 singulorum
671 572 872 652 pertinentia,
887 591 923 634 ea
934 573 1078 635 omnia...
1095 592 1156 635 aar·

179 686 194 723 a
219 681 284 745 pon
299 669 328 724 et
341 662 558 724 conventiculis
572 679 680 724 corum
695 661 779 722 reddi
791 660 949 740 jubebis...
966 683 983 720 a

221 756 255 814 In
270 750 328 813 alit
341 751 553 814 constitutione
570 749 662 812 iidem
675 751 874 832 Imperatores
894 748 999 812 dicunt
1016 769 1024 811 ε
1047 753 1160 832 «Ergo

182 865 196 898 n
222 859 347 922 oporam
360 839 446 902 dabis
459 845 492 900 ut
506 839 566 900 sive
579 838 676 914 horti,
688 837 749 900 sive
759 837 855 914 aedea,
872 856 927 900 sen
940 838 1159 920 quodcumque

182 953 195 987 n
223 929 306 991 aliud
322 928 421 1008 adjus
435 926 609 989 earumdem
624 927 827 989 Ecclesiarum
838 927 1033 1007 pertinuerit,
1049 937 1159 990 cuncta

181 1043 195 1075 o
220 1019 278 1080 iltis
292 1015 707 1099 quantociusrasdtuautucu
719 1013 794 1076 Vide
804 1015 950 1092 Garridre,
960 1015 1005 1078 De
1017 1017 1158 1093 decutit,

183 1119 216 1167 n⁰
230 1111 281 1169 98.
852 1123 853 1126 ’

148 1220 153 1228 ·
221 1197 284 1256 Hac
302 1195 440 1256 doctrina
462 1191 703 1274 independentiae
723 1192 865 1255 Ecclesiae
885 1193 984 1274 quoad
1006 1194 1058 1271 ius
1078 1194 1159 1256 bona

185 1283 355 1364 possidendi
370 1301 403 1346 se
420 1282 557 1344 tuebatur
578 1284 610 1344 S.
634 1281 812 1344 Ambrosius
831 1299 869 1343 ne
893 1281 1010 1343 arianis
1030 1281 1159 1346 traderet

184 1372 340 1434 Basilicam
362 1389 456 1452 quarn
475 1374 578 1432 tamen
598 1372 764 1451 Imperator
789 1369 1016 1432 Valentinianus
1037 1390 1096 1452 pro
1118 1375 1161 1433 eis

186 1459 371 1540 postulabat:
391 1458 604 1535 «convenior,
625 1460 743 1540 inquit,
763 1460 780 1520 a
800 1458 963 1521 comitibus
980 1465 1010 1522 et
1030 1460 1162 1522 tribunis

184 1572 198 1604 a
223 1547 392 1610 dicentibus
405 1549 621 1628 Imperatorem
632 1548 700 1626 jure
714 1565 769 1609 sno
784 1547 845 1625 uti,
861 1547 898 1610 ed
912 1547 993 1628 quod
1009 1547 1040 1608 in
1059 1557 1160 1630 potes-

185 1659 198 1695 ι)
223 1643 283 1698 tate
297 1637 363 1714 ejus
377 1641 478 1698 essent
490 1635 604 1697 omnia.
620 1635 791 1717 Respondi,
806 1635 862 1698 sia
880 1654 930 1697 me
949 1643 1065 1717 peteret
1078 1638 1161 1719 qnod

185 1749 199 1784 a
225 1743 327 1787 meum
342 1729 456 1787 esset...
472 1742 522 1786 me
537 1743 597 1785 non
612 1724 850 1805 refragaturum,
865 1743 1043 1805 quanquam
1056 1727 1161 1788 omnia

185 1837 200 1873 a
224 1833 293 1894 quac
313 1816 373 1875 met
393 1819 480 1887 sunt,
501 1817 602 1874 essent
624 1831 814 1894 pauperum:
835 1815 936 1874 aarum
957 1832 992 1874 en
1009 1833 1078 1896 qaoe
1095 1829 1163 1876 sunt

186 1925 199 1962 n
224 1902 340 1972 divino,
355 1901 554 1984 imperatoriae
558 1901 701 1982 potestati
714 1919 769 1962 nun
783 1920 841 1963 esse
853 1899 1023 1982 subjectu...
1040 1904 1164 1965 Manda-

185 2013 200 2050 a
225 1997 324 2052 tur...:
337 1989 421 2052 trade
430 1990 588 2051 Basilicam
600 2008 607 2050 :
618 1988 798 2070 Respondeo
810 2009 817 2050 :
830 1989 971 2052 necmihi
984 1989 1029 2052 Ias
1041 1999 1092 2054 est
1104 2002 1162 2056 tra-

186 2101 201 2138 »
226 2079 315 2156 dere;
341 2097 398 2140 neo
420 2079 474 2139 tibi
494 2079 644 2159 accipere,
665 2079 851 2160 Imperator,
873 2078 1005 2160 expedit.
1029 2081 1160 2145 Domum

186 2190 200 2226 a
226 2167 329 2248 privati
346 2167 429 2229 nullo
443 2173 528 2247 potes
538 2167 605 2244 jure
619 2172 783 2244 temerare;
798 2167 924 2230 domum
938 2168 994 2230 Dei
1009 2169 1160 2233 existimas

185 2277 200 2315 u
226 2255 828 2338 auferendaml-Allegaturlmperatori
836 2257 926 2320 licere
935 2258 1154 2341 omnia,ipsins

186 2367 201 2404 a
225 2363 291 2407 esse
306 2345 455 2406 universa.
478 2345 678 2426 Responneo:
695 2345 757 2408 noli
775 2351 804 2408 te
818 2363 959 2428 gravare,
974 2349 1152 2430 Imperator,

186 2456 201 2495 a
225 2443 258 2496 ut
272 2440 360 2515 putes
372 2441 402 2496 le
421 2434 453 2494 in
467 2451 500 2495 ea
513 2451 579 2514 qnoe
598 2433 701 2494 divino
717 2441 786 2494 sunt
805 2433 960 2516 imperiale
979 2435 1158 2518 olr'qnodjas

187 2546 202 2583 a
227 2523 352 2594 Ιιαὸενες
369 2522 429 2584 noli
448 2527 476 2584 te
494 2522 656 2601 extollere,
676 2521 728 2585 sed
746 2522 771 2584 si
790 2522 834 2584 vis
856 2521 970 2584 diutins
993 2525 1162 2606 imperare,

189 2633 203 2670 a
228 2619 292 2675 esto
306 2615 369 2674 Deo
387 2611 533 2674 subditus.
554 2611 705 2691 Scriptum
728 2617 773 2673 est
793 2631 800 2672 :
821 2613 893 2684 Quae
914 2612 969 2674 Dei
988 2619 1064 2676 sunt
1082 2615 1164 2691 Deo,

189 2723 204 2760 a
229 2719 296 2783 quae
316 2700 440 2762 Caesaris
454 2699 572 2761 Gasari.
591 2699 636 2760 Ad
648 2702 865 2780 Imperatorem
879 2699 1165 2783 palatiapertinent,

189 2813 204 2848 a
228 2790 266 2852 ad
289 2788 476 2852 sacerdotem
497 2787 646 2864 ecclesiae;
666 2787 858 2870 publicorum
871 2787 926 2849 tibi
946 2791 1102 2854 moemum
1118 2795 1167 2873 jus

189 2899 204 2937 a
229 2878 426 2940 commissum
440 2882 503 2953 est,
519 2894 581 2938 non
596 2894 759 2938 sacrorum.
776 2899 792 2935 o

228 2969 317 3028 5260.
335 2968 408 3028 llaec
427 2965 467 3028 ita
485 2983 553 3027 vara
573 2969 643 3026 sunt
655 2971 707 3042 ut,
723 2983 804 3028 anno
827 2969 925 3044 lull,
944 2966 1059 3029 Concil.
1085 2969 1167 3051 Lug·

188 3055 261 3117 dun.
278 3055 314 3128 II,
331 3054 463 3132 generali
477 3053 694 3116 Caristituticne
708 3055 848 3116 sancient
864 3075 879 3112 a
892 3055 1048 3117 uniuersos
1055 3063 1091 3120 et
1106 3062 1167 3121 sin·

190 3165 203 3200 t)
230 3141 316 3220 gulos
330 3141 419 3221 qui...
442 3141 523 3203 bona
537 3141 750 3220 ecclesiarum,
767 3143 1059 3207 monasteriorum...
1077 3165 1168 3210 oecu-

105 3263 115 3312 .·
188 3253 203 3288 a
228 3247 300 3308 pare
314 3238 515 3308 praesumunt,
532 3237 785 3314 quantacumque
797 3232 950 3314 dignitatis
964 3231 1084 3297 honore
1094 3254 1170 3318 pre·

189 3337 204 3372 ι
229 3313 399 3394 fulgeant...
416 3318 531 3397 eoipso
549 3321 870 3383 excommunicationis
891 3321 1047 3384 sententiaa
1059 3327 1168 3406 subja·

189 3422 203 3458 a
228 3419 340 3462 cere.»

229 3488 266 3547 Et
280 3491 393 3551 Concil.
409 3491 542 3554 Trident.
559 3495 643 3574 (sess.
659 3501 709 3577 22,
725 3517 791 3581 cap.
809 3503 875 3576 Ill:
896 3501 954 3563 «Si
968 3519 1059 3583 quem
1074 3501 1168 3566 cleri-

189 3592 333 3638 »corum
355 3577 400 3638 vel
423 3578 587 3658 laicorum,
610 3589 805 3668 quacumque
832 3589 856 3650 is
879 3588 1044 3668 dignitate,
1072 3593 1168 3654 etlam
