2420 3968
13 3635 17 3711 l

189 205 249 264 560
403 217 544 262 atauus.
565 215 669 262 rarius
688 209 771 260 arms
789 211 937 260 canoram.

191 328 319 413 praeiatls
331 332 439 394 diebus
453 331 545 394 simul
558 347 631 394 cum
650 347 743 392 carne
756 327 935 405 ederemuu
949 333 982 389 et
994 324 1050 392 hoo
1066 323 1134 408 pari·

191 428 236 482 ar
248 420 286 482 ad
301 421 424 482 limaces
434 429 463 482 et
478 439 567 482 ranas
576 419 710 483 extendit
722 415 859 498 Gury‚in
869 432 927 478 suo
938 432 1029 497 opera
1039 433 1050 480 a
1062 415 1138 481 Casu

191 509 385 584 canscientia,
403 521 424 572 t.
443 513 472 585 l,
485 518 519 570 n’
534 513 604 574 l89.

230 597 394 660 Prohibitio
408 605 513 662 autem
532 605 578 660 est
600 595 807 678 intelligenda,
823 594 998 660 nouaclum
1011 593 1142 676 daepulia

191 683 331 767 publicis,
346 685 502 750 sedetiam
517 687 555 747 de
569 685 690 766 privatis
705 683 750 766 (S.
761 684 827 764 Lig.
842 683 864 748 l.
878 686 1012 760 stou,
1023 691 1053 748 et
1064 683 1143 746 Hono

193 777 295 854 apost.
311 783 348 836 tr.
366 779 414 845 lt.
424 789 459 836 n⁰
472 776 517 856 l).
531 775 645 836 Ibidem
656 773 767 834 dicitur
780 772 864 853 quod
878 790 917 835 ex
931 774 964 836 C.
979 773 1143 836 Fraternitu

194 861 301 926 deduci
327 871 425 946 potest
445 863 620 926 Pontificem
640 880 702 924 nrm
717 859 908 925 interdixisse
922 864 1021 944 pisces
1042 863 1144 945 dispen-

196 951 267 1012 satis
281 954 381 1032 quoad
396 971 452 1015 oua
466 961 494 1014 et
506 951 654 1014 lacticinia
668 959 796 1014 tantum.

237 1041 313 1103 Nota
328 1060 389 1105 non
404 1061 469 1104 esse
484 1041 668 1122 prohibitum
681 1041 720 1102 ei.
735 1041 787 1121 qui
803 1039 835 1102 in
845 1059 909 1104 una
923 1041 1147 1106 reiectionem-

201 1148 254 1192 nes
264 1131 407 1204 comedit,
423 1129 513 1192 edere
525 1130 624 1212 pisces
636 1130 669 1190 in
682 1129 739 1190 alia
755 1129 788 1190 in
802 1147 863 1210 qua
874 1148 984 1194 carnes
994 1151 1056 1194 non
1070 1131 1147 1194 edun

200 1230 259 1292 tur,
272 1221 363 1282 modo
376 1238 393 1280 a
402 1219 520 1300 jejunio
533 1218 665 1301 legitima
675 1216 917 1300 sitdispensatus
927 1219 1050 1304 (Gury.‚
1064 1220 1113 1296 id,
1122 1229 1147 1282 n·

239 1399 330 1458 4998.
359 1395 443 1457 ldem
467 1395 543 1458 Bau.
569 1397 656 1474 XIV,
681 1395 714 1461 in
738 1397 865 1479 llneyel.
890 1399 1103 1473 Libentissime,
1123 1401 1151 1461 ld

197 1482 274 1563 junii
291 1485 380 1556 1745,
399 1483 589 1562 pluradubia
605 1485 703 1560 solvit,
719 1503 847 1566 nempe:
865 1493 898 1550 l⁰
913 1489 997 1571 quod
1012 1489 1074 1552 duo
1088 1507 1150 1570 pra·

200 1566 278 1631 dicta
303 1579 452 1654 praecapta
476 1573 514 1634 da
536 1573 626 1634 unica
641 1576 828 1638 comestione
847 1581 878 1638 et
897 1576 936 1640 de
951 1597 1015 1640 non
1037 1574 1150 1660 perraris·

202 1659 307 1722 cendia
322 1661 420 1743 epulis
434 1661 570 1742 obligent
584 1661 641 1724 sub
655 1662 753 1740 gravi;
772 1668 804 1726 Ξ·
819 1665 902 1744 quod
917 1685 973 1745 pro
986 1667 1151 1748 dispensatis

203 1749 241 1812 ad
257 1768 363 1811 carnes
377 1751 463 1813 licitae
480 1752 540 1813 sint
552 1753 641 1812 ctiam
652 1753 946 1831 carnesinsalubres‚
962 1758 1071 1818 saltem
1084 1765 1151 1817 extra

205 1841 322 1901 Staium
346 1843 497 1916 Rornan.;
518 1841 667 1903 interdicti
690 1859 761 1903 vero
775 1841 871 1921 pisces
891 1846 916 1904 si
930 1845 1023 1907 simul
1038 1863 1153 1928 appona-

205 1935 325 2004 rentur3
345 1933 377 1989 3ο
396 1929 476 2009 quod
493 1938 675 2010 preceptum
696 1930 734 1990 de
748 1929 835 1992 dictis
849 1932 946 2012 epulis
970 1953 1033 1996 non
1052 1933 1154 2016 pennis

206 2017 330 2093 caudis,
347 2017 514 2080 dominicas
528 2018 1058 2100 Quadragesimalescomprehendat
1072 2023 1155 2084 ordia

202 2105 308 2185 jejunii
320 2113 401 2166 extra
414 2107 675 2186 quadragesimam
684 2129 692 2182 ;
701 2108 752 2170 sed
760 2109 844 2188 juxta
853 2109 1009 2192 praefatam
1021 2113 1053 2176 S.
1072 2114 1156 2175 Poeurt.

206 2211 268 2256 non
294 2201 337 2255 est
363 2194 588 2256 extendendum
613 2195 652 2257 ad
674 2195 739 2258 dies
768 2197 881 2279 quibus
904 2199 1085 2266 abstinentia
1108 2200 1158 2264 suls

207 2281 391 2364 praecipitur.
409 2281 517 2364 (Gury,
533 2282 619 2358 ibid,
636 2293 669 2346 n·
681 2283 765 2368 488.)

247 2374 336 2434 4999.
350 2373 394 2434 llx
407 2371 530 2451 praeiata
545 2372 657 2436 declar.
675 2375 706 2436 S.
724 2375 955 2441 Paenitentiariae
968 2385 999 2442 et
1026 2385 1157 2445 sententia

209 2461 341 2540 plurium
356 2463 432 2535 uu.,
447 2460 611 2541 dispensati
626 2463 663 2524 ad
677 2481 785 2527 earnes
798 2467 877 2528 vesci
888 2477 1026 2548 possunt,
1036 2490 1095 2534 non
1107 2477 1159 2532 tan·

208 2557 271 2612 tum
293 2551 405 2614 oviset
427 2551 594 2624 lacticiniis,
611 2552 663 2613 sed
686 2553 778 2615 etiam
797 2554 941 2636 piscihus,
970 2559 996 2620 si
1017 2559 1161 2624 comedant

208 2639 352 2700 duntaxat
370 2640 561 2719 pulmentum
579 2639 717 2702 carnium
734 2642 804 2720 jure
818 2643 977 2708 decoctum
995 2667 1004 2708 :
1020 2651 1091 2731 quia
1103 2657 1161 2710 tuno

209 2745 273 2790 non
296 2728 461 2790 miscentur
475 2745 582 2790 earnes
598 2746 670 2790 cum
685 2729 829 2809 piscibus,
851 2739 881 2794 et
895 2735 1057 2814 prohibitio
1071 2737 1161 2800 Ponti·

210 2817 275 2878 ficis
290 2827 332 2878 est
349 2819 451 2880 stricte
465 2816 662 2898 intelligenda
679 2818 722 2900 (S.
739 2819 818 2900 lig..
834 2821 854 2883 l.
870 2824 900 2896 ³,
917 2825 1021 2906 1015).

249 2909 296 2966 An
318 2926 388 2967 vero
403 2905 578 2968 naturaliter
596 2906 675 2968 circa
696 2907 794 2988 legem
815 2910 921 2990 ieiunii
946 2922 976 2975 et
990 2915 1158 2980 abstinentia

209 2993 410 3073 dispensatus,
426 2997 518 3073 possit
537 2995 614 3058 licita
635 2997 733 3076 pisces
746 2999 890 3062 carnibus
909 3001 1086 3081 admiscere,
1100 3023 1154 3069 orn·

208 3082 390 3152 troiertitur‚
404 3081 488 3158 juxta
511 3085 605 3162 Gury.
623 3084 665 3145 lle
687 3085 745 3148 hoc
764 3086 948 3172 interrogata
968 3093 1000 3154 S.
1023 3094 1158 3158 Poenitan-

208 3167 475 3339 paripap'cspondit
509 3189 519 3234 ε
547 3173 687 3236 consulat
719 3176 840 3257 quasque
867 3179 1002 3260 probatos
1037 3195 1156 3248 mount.

225 3257 264 3317 lbi
291 3301 299 3317 .

248 3343 431 3406 suun-111.
444 3347 988 3431 Requirituradjejuniumeertahora
997 3361 1157 3430 retentoris,

209 3429 321 3491 acrlrcct
330 3431 581 3508 circumeuntem,
595 3439 744 3504 nisialiud
755 3444 812 3507 loci
823 3451 1013 3513 consuetudo
1024 3451 1121 3516 luerat.
1135 3449 1157 3512 ld

209 3523 308 3578 tamen
333 3537 393 3580 non
419 3521 631 3606 arathematire
656 3533 913 3613 computandum,
937 3539 991 3601 sed
1016 3543 1156 3604 moraliter.

249 3606 391 3668 Primitus
406 3610 531 3690 quidem
551 3611 624 3677 hora
644 3619 818 3685 refectionis
840 3633 903 3688 erat
926 3630 1093 3714 vespertina
1108 3635 1156 3714 put
