2452 3946
211 201 269 265 130
425 207 561 254 uanutta
581 207 682 254 tortus
702 206 784 253 tuat!
811 205 962 255 8833033101.

292 405 435 456 statuuat
455 403 541 451 cluet
562 403 778 452 aarusrmonau
798 403 836 452 ΕΤ
856 405 1097 457 uanturcrlottul

557 495 599 543 88.
626 495 825 542 amanum.

244 637 334 696 3759.
358 633 489 706 Quaestio
512 649 552 694 an
575 630 746 714 trequentes
766 649 832 695 essa
854 633 971 715 possint
993 635 1181 700 sanctissimi

206 723 389 786 sacramenti
410 721 627 803 expositiones,
644 721 775 784 indecisa
793 721 973 804 reiinquitur
986 723 1078 787 etiam
1093 727 1111 788 3
1128 729 1183 790 Sa-

208 813 276 879 ued.
293 815 369 889 xlv;
385 811 437 874 sed
453 811 601 892 imprimis
617 811 848 874 commendatur
866 818 900 874 ut
916 813 990 894 ipse
1004 831 1076 876 cum
1097 815 1182 878 omni

208 909 350 984 apparatu
376 909 405 964 et
427 900 564 962 decentia
584 901 736 982 requisitis
763 900 837 962 fiant
859 903 968 980 (Reuue
987 901 1037 964 dea
1060 905 1180 968 soenes

206 991 318 1065 accida,
332 1001 366 1053 n‘
375 995 406 1067 5,
420 1010 451 1072 p.
467 991 549 1071 483).
565 991 608 1052 Ex
622 990 713 1052 variis
724 997 827 1052 autem
842 991 975 1054 Decretis
988 999 1019 1054 et
1032 993 1182 1076 imprimis

206 1100 242 1143 ex
262 1084 388 1144 Decreto
402 1080 515 1142 Bened.
531 1083 609 1156 XIV,
630 1083 667 1141 tu
681 1099 730 1161 ap.
748 1083 836 1142 1746.
859 1080 929 1142 Non
951 1081 1021 1143 licet
1039 1101 1181 1164 acpoaere

204 1169 458 1252 publicidiviaonr
466 1169 704 1244 Eucharr‘str'om,
714 1169 775 1231 atsi
784 1169 996 1252 causopubiicn
1006 1173 1184 1257 etEpr'awpi

206 1260 333 1340 [acuitas
347 1259 547 1322 intervenerit.

248 1369 336 1429 3760.
360 1361 447 1429 Unde
463 1371 581 1426 certum
595 1361 729 1441 videtur,
743 1363 844 1446 inquit
864 1365 896 1428 S.
916 1365 1035 1447 Liquor.
1053 1363 1135 1444 (lib.
1153 1371 1183 1447 6,

209 1463 241 1518 n·
252 1459 332 1534 tii),
342 1472 404 1517 uon
418 1451 509 1516 iicera
519 1469 670 1535 exponere
683 1453 737 1515 88.
749 1451 1040 1532 Sacramentum,ob
1053 1455 1117 1518 litis
1129 1457 1186 1520 rio

208 1545 334 1622 toriam,
348 1543 389 1606 ob
408 1541 610 1606 vaietudinem
628 1543 775 1623 aiicujus,
791 1543 847 1605 nisi
862 1543 899 1606 sit
919 1561 1047 1626 persona
1062 1545 1186 1627 pubiica

208 1636 296 1714 cujus
310 1633 389 1696 salus
407 1631 631 1696 communitatis
644 1631 726 1696 bono
740 1631 898 1714 expediat3
914 1633 1135 1697 licerettamen
1150 1636 1185 1698 ad

208 1725 362 1807 pubiicum
381 1723 572 1786 devotionem
593 1719 846 1804 promovendam,
863 1722 953 1784 etiam
973 1741 1045 1804 erga
1059 1723 1186 1790 defunc·

208 1819 416 1896 tos,v.g.,per
424 1813 565 1876 Octavam
573 1811 875 1875 commemorationis
885 1812 1185 1878 OmniumFideiium

208 1903 419 1967 defunctorum
434 1903 540 1980 (Becare
553 1901 601 1964 dea
614 1901 736 1964 suentes
749 1899 860 1979 accida,
876 1901 932 1980 id,
943 1921 973 1983 p.
989 1903 1072 1980 tat).
1085 1905 1120 1966 ln
1131 1903 1187 1966 hoc

209 2001 309 2054 autem
326 1992 525 2074 spectandum
539 1997 583 2053 est
598 2007 649 2067 an,
665 1992 697 2053 in
711 1989 785 2054 locis
798 1991 830 2053 in
849 1989 959 2074 quibus
973 1991 1006 2052 iit
1018 1995 1186 2074 expositio,

209 2083 307 2144 cultus
322 2081 374 2143 88.
397 2079 584 2142 Sacramenti
605 2085 635 2142 et
654 2079 772 2144 deuotio
791 2087 958 2162 augeantur
972 2081 1018 2144 vei
1038 2083 1187 2146 minuan-

209 2177 257 2232 tur
268 2189 274 2229 :
285 2169 398 2232 laudari
412 2169 496 2230 enim
505 2167 594 2230 debet
606 2167 656 2231 ilia
666 2170 813 2252 expositio
822 2173 846 2232 si
861 2170 970 2233 exinde
984 2169 1056 2232 boui
1070 2170 1189 2236 tructus

210 2259 407 2341 proveniant,
429 2255 520 2319 modo
543 2275 605 2320 non
628 2258 665 2320 sit
688 2259 778 2321 nimia
801 2258 962 2341 frequens,
984 2260 1056 2341 quia
1076 2279 1115 2323 ex
1139 2263 1189 2326 tua

210 2349 303 2409 nimia
327 2347 495 2429 frequentia
525 2347 691 2409 reverentia
713 2366 785 2430 erga
815 2355 932 2412 tantum
956 2349 1188 2414 Sacramentum

209 2440 289 2501 carte
316 2437 502 2499 minueretur
527 2437 570 2516 (S.
590 2437 726 2518 Lignea,
750 2435 848 2517 itta).
871 2439 939 2500 Non
961 2438 1187 2520 approbaturi

209 2527 348 2610 pluribus
361 2527 443 2609 qudd
455 2525 588 2604 infestis,
597 2525 725 2601 totadie,
738 2527 791 2590 88.
808 2529 1037 2591 Sacramentum
1051 2547 1187 2611 expona-

208 2621 273 2688 tur,
290 2617 360 2699 quia
373 2615 433 2678 hoc
446 2614 610 2676 retraheret
623 2616 641 2676 a
654 2613 862 2680 recordatione
875 2617 1008 2698 Mysteni
1022 2617 1068 2680 vel
1084 2619 1187 2684 Sancti

208 2703 247 2768 de
266 2725 328 2789 quo
348 2705 457 2770 festum
479 2703 648 2767 celebratur
661 2704 790 2785 (Bened.
809 2706 887 2783 xlv,
902 2705 977 2768 lact.
998 2709 1048 2785 30,
1065 2717 1099 2769 n·
1115 2713 1185 2790 15).

209 2797 275 2859 Non
298 2795 476 2878 reprobatur
499 2801 603 2858 tamma
623 2793 707 2876 qudd
726 2794 756 2857 in
778 2794 862 2858 festis
879 2795 933 2858 88.
955 2797 1188 2861 Sacramentum

209 2887 379 2966 expositum
400 2885 437 2945 sit
451 2901 505 2964 per
519 2889 617 2946 totum
631 2884 835 2967 Vesperarum
854 2883 1000 2949 officium.
1016 2884 1127 2958 (Berua
1140 2887 1188 2952 des

209 2975 331 3036 scientes
345 2973 459 3050 ecclia,
470 2983 504 3032 u⁰
520 2975 575 3048 10,
591 2991 622 3054 p.
638 2977 696 3037 329
708 3021 716 3052 ,
729 2975 812 3054 333.)

250 3081 340 3139 3761.
365 3073 538 3137 Notandum
560 3084 605 3138 est
627 3075 678 3140 hic
696 3079 856 3141 Decretum
879 3079 909 3142 S.
937 3079 970 3144 G.
993 3079 1137 3163 Episccp.
1158 3089 1188 3145 et

212 3165 317 3248 Requi.
334 3168 353 3227 9
367 3163 521 3226 decembr.
542 3169 618 3228 1602
636 3185 643 3226 :
663 3189 678 3226 a
693 3168 722 3230 Si
742 3167 998 3251 quandocumque
1009 3169 1134 3250 pricorai
1150 3191 1187 3232 ea

210 3278 224 3314 a
249 3253 354 3330 cousi,
370 3253 564 3316 sacrosancta
584 3253 769 3318 Eucharistia
789 3257 966 3339 exponenda
987 3257 1187 3332 videbitur,d

211 3369 225 3404 a
249 3343 441 3406 tabernaculo
462 3361 618 3426 nunquam
640 3347 828 3424 extrahatur,
848 3349 901 3411 sed
923 3347 1022 3430 pixide
1036 3349 1130 3410 vetata
1153 3349 1185 3410 in

212 3453 226 3498 a
250 3443 352 3515 aperto
366 3433 502 3513 ejusdem
516 3435 699 3496 tabernacuii
714 3438 842 3516 ostiolo,
864 3455 934 3500 cum
949 3438 1117 3500 assistentia
1129 3437 1185 3500 ali-

211 3545 225 3582 n
249 3525 335 3604 cujus
358 3523 519 3586 sacerdotis
541 3525 616 3586 stota
640 3531 670 3586 et
689 3527 907 3608 superpelliceo
931 3527 1049 3605 induti,
1065 3535 1095 3589 et
1112 3545 1184 3589 cum

212 3634 225 3673 n
251 3631 303 3676 sex
317 3612 423 3676 saltem
443 3610 607 3674 luminibus
629 3613 724 3676 cereis
744 3615 923 3694 collocatum
946 3615 1029 3698 quod
1050 3616 1132 3678 idem
1152 3615 1183 3680 in
