2434 3940
403 243 490 294 uara
511 245 668 300 ascunous.
972 235 1026 296 t8'l

82 349 94 386 r
113 331 151 395 sic
161 331 196 396 de
208 335 269 400 aliis
280 338 485 416 unctionibus,
497 344 685 409 nominando
695 391 703 428 ‚
714 344 751 410 ad
766 363 1026 432 unamquamque,

82 439 93 476 ι
112 438 222 487 tensum
235 429 287 510 qui
301 431 435 512 ungitur)
448 429 640 515 deliquisti.»

110 511 167 574 iarn
180 514 308 596 diximus
323 520 404 602 quod
418 519 455 582 de
470 523 645 586 necessitate
663 523 840 589 sacramenti
854 525 893 589 sit
905 543 1028 610 expres·

79 601 115 660 sio
132 603 259 687 quinque
278 625 445 687 sensuum;
468 610 594 674 verbum
614 611 769 696 deliquisti
791 615 898 678 meritb
918 619 1028 699 pariter

79 685 185 754 babetur
195 702 228 757 ut
239 697 418 776 essentiale,
433 698 566 782 alioquin
582 721 643 764 non
661 703 880 786 exprimeretur
898 723 978 768 unus
993 724 1031 769 ex

41 811 43 815 ·
78 779 215 862 precipuis
234 783 392 850 effectibus
409 787 500 868 buius
517 791 716 854 sacramenti:
731 790 759 854 εἰ
775 791 807 854 in
822 793 951 874 paramo
968 795 1029 870 sit,

77 869 295 938 remitteniurei.
311 875 446 940 Verbum
457 885 558 942 autern
567 889 697 943 sanatam
709 899 770 944 non
781 887 828 943 cst
836 879 874 944 de
884 883 1030 944 essentia:

76 965 162 1035 peccat
173 965 280 1027 tamen·
290 970 483 1030 omittens-
494 967 653 1034 Dubitatur
671 977 774 1034 utrum
789 969 958 1033 essentialia
972 971 1033 1032 sint

75 1046 148 1112 rerba
162 1072 217 1134 per
237 1074 321 1117 mum
336 1057 501 1138 piissimam
515 1059 747 1122 misericordiam
765 1079 776 1121 :
797 1067 832 1123 ut
851 1061 921 1122 verb
942 1059 1033 1142 longe

74 1145 474 1226 communioretprobabiiior
485 1147 610 1210 habetur
620 1149 766 1212 sententia
778 1156 962 1231 quaenegat3
979 1147 1032 1212 sed

72 1227 165 1306 pariter
178 1238 260 1295 esset
277 1243 455 1316 peccatum,
474 1235 644 1320 etquidem
666 1239 790 1302 mortale
810 1238 859 1301 illa
880 1239 1029 1302 omittere.

102 1320 183 1384 3339.
206 1325 298 1386 Juxta
324 1342 520 1388 communem
546 1335 576 1390 et
588 1327 736 1390 veriorem
751 1327 930 1390 sententiam
945 1375 953 1406 ,
970 1347 1031 1390 non

71 1406 164 1472 sufficit
177 1411 262 1493 quod
276 1411 372 1476 forma
387 1413 424 1478 sit
433 1414 611 1495 indicativa,
627 1416 679 1478 sed
693 1417 731 1479 de
746 1417 920 1480 necessitate
934 1435 1031 1480 sacra·

70 1499 149 1560 menti
175 1501 268 1564 debet
293 1520 359 1566 esse
385 1502 595 1585 deprecativa:
625 1507 697 1587 quia
723 1505 832 1568 dicitur
852 1507 883 1567 in
898 1506 1031 1588 Epistola

69 1587 93 1647 S.
107 1589 205 1653 iacobi
224 1611 233 1653 ε
263 1613 279 1650 ι
299 1592 336 1654 Et
354 1601 438 1654 orent
453 1592 644 1674 (sacerdotes)
667 1613 757 1676 super
772 1613 860 1672 eum,
882 1601 1033 1675 ungentes

68 1697 79 1730 u
100 1695 165 1740 eum
178 1681 250 1744 oleo
259 1689 373 1758 sancto,
384 1689 413 1745 et
427 1683 522 1745 oratio
532 1681 604 1766 fidei
614 1683 738 1746 salvabit
751 1683 919 1744 infirmum.
936 1683 1032 1744 »Vide

68 1767 92 1827 S.
119 1769 239 1850 Lignor.
265 1770 329 1848 (lib.
349 1775 389 1851 6,
409 1783 442 1834 n⁰
456 1777 518 1852 rt),
534 1781 564 1834 et
586 1773 736 1855 imprimis
757 1770 870 1833 Bened.
887 1773 965 1848 XIV,
988 1771 1032 1834 lle

67 1855 171 1938 Spncdo
185 1861 252 1940 (lib.
265 1864 370 1943 8,cap.
387 1866 417 1933 2,
436 1864 467 1923 n⁰
481 1865 522 1941 3).
922 1941 923 1944 ¹

99 1949 183 2013 3930.
206 1950 291 2013 Nata
303 1969 341 2013 en
355 1949 476 2014 Ritnali
490 1952 639 2015 Romano:
653 1951 755 2014 «Diam
769 1949 873 2014 oculos
883 1997 890 2026 ,
902 1967 989 2012 aures
1003 1955 1033 2014 et

65 2062 75 2093 r
97 2038 149 2102 aiis
168 2040 309 2122 corporis
328 2041 464 2104 membra
481 2061 550 2124 quae
565 2045 649 2122 paria
665 2048 752 2116 sunt,
770 2039 908 2103 sacerdos
929 2039 1030 2120 ungit,

66 2149 76 2184 a
98 2137 194 2194 eareat
208 2149 250 2194 ne
265 2126 393 2194 aiterum
408 2131 543 2214 ipsorum
559 2131 750 2213 inungendo,
777 2130 955 2194 sacramenti
971 2129 1030 2191 for·

67 2245 75 2270 r
97 2237 173 2283 marn
188 2220 277 2304 pribs
291 2220 423 2284 absolvat
436 2224 529 2304 quem
545 2221 635 2284 ambo
649 2219 822 2302 hujusmodi
837 2221 919 2302 paria
934 2237 1030 2281 meme

65 2331 76 2362 e
97 2309 145 2372 bra
160 2311 350 2394 perunxerit.
365 2331 380 2370 a

469 2453 549 2515 titt.
575 2451 618 2514 tv.

273 2565 310 2611 oa
336 2565 473 2612 urnrsrno
494 2565 811 2614 rursusne-unerrours.

93 2673 182 2735 393l.
206 2672 252 2733 De
275 2668 402 2733 sideest
430 2669 602 2733 ministrum
624 2672 947 2736 Extremae-Unctionis
967 2691 1033 2738 esse

59 2759 151 2822 solum
166 2758 357 2822 sacerdotem
374 2778 381 2821 :
396 2766 563 2822 constater
579 2760 610 2821 S.
627 2759 740 2822 Jacobo
754 2763 793 2836 (o.
809 2764 840 2837 5,
854 2779 883 2822 v.
900 2760 969 2835 lt):
986 2761 1034 2822 le-

59 2847 139 2911 ducat
149 2849 342 2933 presbyteros
350 2858 400 2920 :et
409 2847 567 2912 delinitum
575 2847 657 2910 turta
667 2846 750 2910 Trid.
761 2848 844 2926 (sess.
856 2853 903 2928 ll,
913 2853 1030 2928 candi.

94 2940 189 3002 Porro
199 2946 234 3002 ut
247 2935 304 3002 hoc
317 2940 546 3002 Sacramentum
557 2937 636 3000 licite
645 2935 879 3018 administretur,
896 2937 1033 3002 sacerdos

58 3029 142 3092 debet
156 3047 225 3093 esse
239 3028 380 3110 proprius
402 3028 463 3090 sive
482 3035 593 3110 pastor,
609 3027 674 3090 sine
688 3029 774 3106 cujus
793 3028 896 3106 venia,
912 3029 936 3091 si
951 3034 1033 3091 extra

59 3137 159 3180 casum
175 3117 361 3180 necessitatis
375 3117 452 3179 alius
466 3115 672 3196 administret,
687 3117 820 3180 validum
840 3117 962 3200 quidem
976 3119 1034 3180 erit

56 3215 295 3285 sacramentum,
304 3205 358 3269 scd
367 3207 410 3270 sic
424 3205 597 3268 ministrans
607 3205 734 3287 graviter
744 3207 889 3288 peccabit.
899 3210 942 3288 (S.
953 3209 1030 3292 big.-

57 3295 105 3359 iib.
123 3302 155 3368 e,
173 3307 208 3359 n·
222 3299 306 3376 722.)
319 3331 359 3343 -
373 3294 448 3357 Vide
462 3293 541 3357 dicta
555 3312 645 3376 supra
660 3297 760 3374 (1384,
776 3299 858 3376 etc).

92 3389 188 3450 3932.
204 3388 238 3449 ln
251 3385 428 3450 necessitate
437 3391 550 3462 autem,
560 3383 585 3446 si
594 3403 621 3447 a.
632 3403 676 3465 g,
687 3391 786 3466 pastor
796 3385 873 3448 absit
879 3385 934 3460 ,vel
945 3388 1029 3452 licen-

59 3475 209 3540 ticmdare
220 3475 311 3553 nolit,
322 3473 400 3538 etad
414 3477 600 3556 superiorem
616 3492 676 3536 non
688 3475 851 3556 pateat,sel
861 3475 1033 3545 sitditlicilii

55 3583 220 3648 recursus,
233 3566 313 3629 licite
326 3563 476 3626 ministrat
489 3562 586 3644 quivis
600 3563 738 3626 sacerdos
752 3582 815 3626 non
829 3566 1033 3626 exeommuni-

57 3667 166 3734 catus,
182 3663 233 3720 aut
245 3671 423 3737 suspensus,
438 3660 490 3716 aut
502 3652 696 3734 irregularis:
713 3652 877 3715 tunoenim
890 3653 969 3723 Papa
983 3647 1034 3706 dat
