2462 3972
209 176 269 240 6ῖο
421 196 560 245 narnate
576 197 677 245 roaros
695 195 780 244 tuars
800 197 950 245 arnamar.
1229 253 1230 268 ἶ

197 297 303 360 butum
330 295 368 359 ab
393 295 465 377 ipsis
501 296 628 378 petitum
654 297 792 378 quamvis
818 299 836 360 a
864 297 953 360 nobis
992 297 1171 366 indebitum.

236 389 326 448 5285.
344 418 380 433 -
396 389 428 448 2·
445 386 568 448 Constat
584 403 621 447 ex
635 385 738 448 multis
755 385 831 466 juris
848 387 990 452 canonici
1011 391 1171 471 capitulis:

199 493 307 556 nempe
321 493 388 556 cap.
405 474 483 550 Ouio
500 472 655 553 nonnulli,
675 473 711 537 de
728 473 868 538 inviolcb.
885 483 915 538 et
928 475 1087 540 imminuit.
1113 479 1171 544 don.

198 566 280 637 eccl„
297 565 328 628 in
342 570 390 642 δ’,
412 563 464 628 ubi
484 563 616 627 dicitur:
636 585 690 628 c...
715 565 794 627 Sane
815 565 1021 628 intelleximus
1040 569 1125 648 qubd
1145 571 1173 632 iu

198 676 212 713 n
237 673 331 735 regno
344 652 496 731 Francia,
511 653 695 716 communia
709 653 844 732 scabini,
859 671 914 717 seu
929 655 1077 718 consules
1090 659 1174 721 etalii

198 765 212 802 ι
237 741 1078 824 dominitemporales...molcstisuntnimiirmecclesiis
1087 765 1175 828 super

197 855 213 894 ιι
239 831 427 914 pluribus...,
444 837 475 894 et
496 832 574 894 inter
595 837 701 894 caetera
722 831 859 894 nituntur
878 839 909 894 ct
921 831 1048 896 student
1068 840 1103 898 nt
1120 837 1175 899 illis

199 943 215 979 ι
237 919 376 983 collectas
390 927 420 982 et
438 919 553 996 tallias,
578 925 609 982 et
626 919 685 981 alia
697 918 870 997 hujusmodi
888 920 1007 984 eaedem
1020 922 1174 1001 ecclesie,

199 1031 214 1069 ι
239 1016 383 1090 pretextu
397 1008 547 1070 bonorum
560 1026 630 1090 quaa
643 1007 866 1090 acquisiverint,
874 1008 1011 1072 tribuant
1024 1017 1055 1072 et
1067 1013 1178 1093 persal-

200 1121 215 1158 c
240 1104 347 1161 vant...
363 1097 505 1161 Volentes
523 1096 660 1178 itaque...
681 1103 762 1158 tot...
781 1097 948 1159 temerariis
961 1098 1091 1162 ausibus
1104 1119 1176 1163 con-

202 1210 216 1245 n
241 1188 323 1270 gruis
337 1185 483 1270 presidiis
496 1185 636 1264 obviare,
652 1183 827 1247 auctoritate
845 1183 1056 1268 apostolica...
1074 1187 1176 1252 decer-

202 1299 216 1334 »
242 1276 344 1338 nimus
357 1293 420 1338 non
434 1273 523 1336 licere
536 1273 667 1356 praelatis
680 1274 915 1352 communiis...,
925 1275 1006 1338 etiis
1019 1276 1075 1356 qui
1090 1278 1122 1339 in
1136 1280 1178 1340 eis

201 1387 216 1423 n
238 1363 478 1444 iurisdictionem
492 1363 691 1444 temporalem
707 1361 862 1440 obtinent,
882 1363 930 1426 vel
944 1363 1092 1442 justitiam
1106 1373 1181 1428 tem-

201 1477 216 1512 ιι
240 1453 375 1535 poralem
389 1461 546 1530 exercent,
559 1451 693 1514 tallias...
711 1469 766 1514 seu
779 1452 952 1515 exactiones
967 1472 1181 1535 quascumque

201 1565 216 1602 ιι
241 1541 374 1604 ecclesiis
385 1542 432 1605 vel
444 1540 581 1624 personis
590 1540 798 1605 ecclesiasticis
806 1541 980 1623 imponere,
996 1542 1045 1605 vel
1059 1543 1180 1625 exigere

201 1655 216 1690 n
241 1631 279 1694 ab
302 1631 416 1695 eisdem
440 1651 496 1714 pro
516 1629 677 1710 domibus,
700 1629 842 1712 praediis,
862 1630 909 1693 rel
931 1630 1182 1715 quibuscumque

202 1744 217 1782 ι
242 1721 482 1803 possessionibus
494 1721 533 1782 ab
550 1719 703 1782 eisdem...
722 1718 891 1801 acquisitis,
910 1719 959 1782 vel
971 1719 1006 1782 in
1023 1727 1181 1804 postenun

202 1833 218 1871 ι
243 1809 451 1892 acquirendis,
468 1809 583 1872 etiamsi
597 1809 670 1891 ipsae
689 1808 838 1886 eeclesiae,
853 1808 900 1871 sel
915 1826 1059 1890 personae
1073 1809 1121 1872 vel
1136 1831 1183 1872 res

203 1923 218 1960 ιι
242 1899 417 1980 hujusmodi
431 1897 490 1961 sint
508 1897 585 1960 intra
608 1897 729 1960 illorum
746 1895 916 1961 districtum
929 1897 977 1959 vel
991 1900 1182 1962 territorium

203 2011 218 2048 ιι
243 1989 421 2052 constitute.
437 1991 499 2052 Nec
518 1989 608 2050 etiarn
623 1987 709 2049 liceat
729 1985 787 2048 illis
802 1986 881 2068 ipsas
893 1985 1038 2050 ecclesias
1053 1989 1102 2052 sel
1115 2007 1180 2070 pec

203 2099 218 2136 n
243 2095 332 2138 sonas
351 2076 390 2139 ad
403 2073 645 2152 distrahendum,
667 2075 713 2139 vel
727 2073 937 2152 alienandum,
953 2082 1006 2138 aut
1018 2083 1106 2140 extra
1118 2097 1179 2140 ma-

203 2187 218 2224 ι
244 2183 319 2227 num
333 2183 419 2228 suam
434 2163 609 2246 ponendum
622 2164 768 2246 acquisita
783 2165 869 2244 jam,
890 2163 938 2228 sel
951 2181 1022 2246 quae
1034 2165 1177 2248 deinceps

203 2275 218 2314 ι
243 2251 418 2334 acquirent,
431 2253 619 2336 aliquatenus
632 2259 794 2316 coarctare.
810 2275 826 2314 ι

242 2341 455 2424 Imprimisque
468 2359 534 2424 cap.
552 2341 677 2404 Clericia
692 2341 780 2403 laicos
792 2341 929 2422 eJusdem
941 2343 989 2406 tit.
1014 2344 1046 2406 in
1057 2349 1103 2420 δ’,
1117 2341 1169 2404 ubi

204 2431 337 2514 legitur:
362 2449 378 2491 a
397 2433 459 2494 Nos
477 2432 569 2514 igitur
588 2429 699 2493 talibus
721 2431 834 2513 iniquis
856 2431 977 2494 obviare
991 2433 1177 2510 volentes...,
1229 2455 1230 2502 f

206 2544 220 2580 n
248 2517 419 2602 Apostolict
434 2519 609 2584 anctoritate
628 2519 789 2583 statuimus
802 2519 885 2602 qnbd
898 2520 1091 2605 quicumque
1102 2523 1184 2584 Pne-
1229 2543 1230 2586 ι

205 2633 219 2670 n
242 2611 312 2690 lati,
327 2609 595 2691 ecclesiasticaeque
616 2625 791 2690 personae,
809 2625 1079 2693 quorumcumque
1097 2610 1187 2676 Ordi-

204 2723 219 2762 ιι
244 2717 357 2764 num...
374 2717 427 2762 seu
446 2701 550 2778 statas,
566 2697 719 2774 collectas,
737 2697 784 2761 vel
797 2697 909 2776 tallias,
923 2697 1080 2763 decimam
1096 2699 1188 2763 laicis

204 2813 219 2850 ιι
245 2789 407 2868 solverint,
421 2787 467 2852 vel
480 2787 673 2870 promiserint
685 2787 732 2850 sel
745 2806 778 2851 sc
790 2788 942 2852 soluturos
954 2789 1186 2861 consenserint,

205 2902 220 2939 ι
244 2877 1188 2962 autquamvisaliasqnantitatem..,quovis...titulo„absque.

204 2991 220 3028 n
245 2969 419 3032 anctoritate
429 2967 513 3030 Sedis
521 2966 1185 3050 ejusdemmecnonlmperatores,Reges...

204 3079 220 3115 n
247 3063 275 3119 ct
287 3055 383 3137 quivis
396 3055 446 3117 alii
457 3056 675 3138 cujuscumque
688 3055 960 3139 praeminentia...
976 3056 1115 3138 quitatis
1128 3059 1191 3120 im·

205 3167 220 3204 ι
246 3145 416 3226 posuerint,
440 3146 613 3228 exegerint,
639 3145 685 3208 vel
708 3145 895 3228 receperint,
919 3151 972 3209 aut
995 3145 1079 3227 apud
1100 3147 1229 3212 edes

204 3255 219 3291 a
244 3250 343 3294 sacras
356 3232 490 3314 deposita
504 3235 714 3312 ecclesiarum,
731 3235 776 3298 sel
791 3233 1061 3299 ecelesiasticorum
1076 3254 1229 3350 ρειειο-1

204 3337 353 3381 enarum
365 3321 489 3383 ubilibet
498 3325 729 3386 arrestavermt
736 3342 809 3401 seu
821 3341 970 3404 occupare
979 3309 1229 3406 praesumpse-

204 3428 219 3464 n
243 3407 315 3483 rint,
322 3407 538 3472 velamestari..
544 3419 767 3492 ‚antoccuparr
760 3411 1011 3490 mandaverint,
1026 3421 1198 3482 antonim-

203 3514 218 3550 ι
244 3499 349 3592 pata...
365 3497 544 3577 receperint,
559 3517 680 3564 necnon
689 3517 814 3578 omnes,
829 3501 880 3582 qui
895 3502 1025 3562 scienter
1038 3500 1199 3570 dederint

204 3599 219 3637 ι
245 3581 275 3641 in
289 3581 439 3662 praedictis
458 3585 620 3660 auxilium,
644 3587 822 3666 consilium,
842 3587 888 3650 vel
910 3585 1041 3652 lusorem
1056 3589 1199 3672 publice
