2416 3954
156 167 214 228 eoo
375 175 512 224 nonnam
531 170 633 220 nonos
651 169 734 216 aunis
754 161 903 214 canonici.

155 290 225 357 tur;
253 299 288 343 ex
311 276 510 342 instructione
537 279 639 336 tamen
665 240 751 335 Card.
782 269 911 349 Capram
930 282 1020 348 supra
1037 261 1116 328 citati
1196 295 1197 332 r

156 373 268 446 (4434),
283 369 399 430 videtur
412 364 493 447 qudd
508 365 539 426 in
561 359 742 444 quibusdam
752 355 871 420 casibus
884 353 1117 418 clandestinitatis
1196 389 1197 416 r

157 465 251 542 possit
262 455 415 538 applicari.
431 453 522 516 modd
535 457 609 514 tunc
623 449 724 532 sponsi
735 449 803 509 rere
816 445 965 508 voluerint
978 445 1119 507 matrimo
1196 485 1197 504 .

158 551 242 611 nium
257 545 445 609 contrahere.
461 541 536 606 vide
558 544 591 604 P.
615 541 697 621 Gury
717 536 815 617 (idid.)
835 542 866 598 et
883 535 1018 598 Carriere
1030 533 1118 616 (Com-

158 636 297 720 pendium
310 681 319 715 ,
335 647 367 696 n⁰
381 635 461 712 284).

198 731 289 789 4458.
312 725 384 788 Sine
398 721 518 806 speciali
527 719 658 798 lndulto,
668 719 835 802 Episcopus
848 713 1120 799 nequitlrujosmodi

161 815 398 898 dispensationes
420 810 607 876 concedere:
628 811 686 872 hoc
707 807 847 882 asseritur
874 808 892 869 t
913 805 1025 868 Bened.
1039 807 1120 880 lllll,

162 908 263 969 Consi.
272 904 344 968 Etsi
349 900 579 965 matrimonialis
588 919 598 962 :
606 899 713 962 videP.
723 899 816 978 dury,
829 906 861 958 n·
871 899 941 970 686,
952 901 982 958 et
988 895 1121 972 Cardena

165 993 372 1078 Compendiom
385 1040 393 1066 ,
408 995 441 1053 n⁰
454 995 528 1068 283;
543 996 574 1052 et
586 1007 656 1052 casn
667 1007 729 1070 quo
737 987 905 1067 Episcopus
916 985 974 1047 tale
980 983 1124 1046 indultum

165 1083 307 1168 possidet,
322 1103 359 1145 eo
380 1081 476 1144 valide
491 1081 532 1144 uti
557 1079 662 1160 nequit
676 1077 701 1139 si
715 1076 816 1160 sponsi
831 1073 940 1138 adduci
956 1083 1081 1158 possunt
1093 1073 1125 1135 ad

165 1173 372 1236 renovandum
385 1187 579 1234 consensum.
595 1167 759 1246 (Carriire,
775 1164 862 1243 idid.)

204 1265 294 1324 4453.
312 1261 424 1322 Eodem
435 1259 525 1321 modo
538 1257 775 1338 dispensationes
783 1255 815 1316 in
828 1252 928 1316 radice
937 1251 1127 1336 exsequenda

167 1359 284 1414 suniae
298 1349 459 1431 simplices,
475 1346 613 1410 addendo
626 1345 770 1408 duntaxat
782 1343 871 1406 verba
889 1341 922 1404 in
935 1341 1054 1420 radice,
1068 1341 1128 1406 sir:
1196 1357 1197 1376 ¹

171 1463 186 1500 o
206 1459 235 1502 v.
246 1460 289 1521 ς..
306 1439 371 1520 Epo
384 1437 562 1500 auctoritate
573 1432 821 1518 Apostolicdmilri
832 1431 1129 1508 conmudmntrmo-

168 1553 183 1590 n
207 1530 290 1590 nium
303 1528 322 1589 d
335 1537 363 1590 te
376 1535 554 1590 contractum
565 1544 629 1586 com
643 1523 712 1586 N...
728 1521 867 1584 inradies
879 1521 943 1602 ejio
952 1543 1019 1584 sono
1028 1531 1059 1585 et
1071 1543 1130 1585 con·

168 1641 183 1680 o
207 1617 321 1689 aalide,
343 1616 508 1700 prolemque
524 1621 684 1696 susceptam
699 1621 729 1675 et
745 1611 957 1696 suscipiendam
975 1611 1132 1695 lepitimom

168 1731 184 1770 a
207 1707 342 1783 declaro,
356 1707 509 1768 innomine
523 1705 669 1784 Petris»,
683 1710 742 1768 etc.

209 1799 324 1861 Deinde
338 1798 572 1860 instrumentum
584 1802 629 1858 est
638 1791 848 1876 redigendum,
859 1792 890 1855 in
901 1811 963 1874 quo
974 1792 1133 1857 referantur

171 1908 240 1971 quae
254 1893 372 1970 peracta
386 1887 501 1949 suntin
515 1886 575 1948 vim
588 1883 784 1964 delegationis
803 1885 993 1962 commissae,
1008 1889 1039 1946 et
1057 1884 1133 1946 indi-

171 1984 278 2040 centur
292 1975 392 2038 media
404 1975 534 2036 adhibita
545 1981 578 2036 ut
587 1977 733 2036 constaret
746 1972 784 2034 de
798 1972 1005 2054 permanentid
1015 1991 1134 2038 eonsen-

172 2069 233 2128 sus.
253 2063 324 2126 Vide
337 2063 493 2140 Garriere,
511 2059 737 2144 compendium,
755 2065 870 2126 110285.

582 2205 735 2254 Stilonium.

212 2323 301 2383 4454.
325 2318 401 2380 Casu
416 2335 477 2399 quo
491 2316 717 2380 matrimonium
731 2317 786 2382 luit
801 2317 928 2383 invalide
941 2325 1134 2392 contractum.
1194 2381 1195 2384 ,

173 2410 346 2490 contingere
360 2415 456 2488 potest
470 2415 502 2470 ut
516 2409 618 2489 sponsi
633 2408 784 2470 noluerint
803 2400 876 2472 illud
890 2409 1053 2474 revalidaie
1066 2459 1073 2488 ,
1088 2409 1135 2472 sed

174 2499 280 2560 malint
293 2497 366 2561 illud
380 2497 512 2560 dissolvi.
528 2497 685 2570 Quomodo
705 2499 744 2560 sit
765 2505 838 2561 tunc
859 2499 1082 2580 procedendum
1102 2499 1136 2562 ad

173 2587 367 2652 obtinendam
376 2585 548 2666 hujusmodi
557 2587 782 2658 dissolutionem
796 2607 899 2650 eoram
913 2587 979 2650 foro
992 2589 1137 2654 ecelesias

173 2681 243 2758 tice,
259 2677 394 2742 dicemus
408 2678 439 2740 in
452 2679 539 2738 tertio
554 2676 630 2738 libro
645 2680 731 2754 (6087
747 2723 756 2753 ,
774 2678 863 2760 etc.);
875 2676 942 2740 vide
956 2677 1046 2742 etiam
1060 2679 1135 2742 Ano·

175 2768 248 2830 lecto
263 2769 368 2847 (juillet
382 2775 412 2830 et
425 2770 496 2829 aeut
512 2769 607 2840 4858,
622 2765 680 2828 col.
696 2769 775 2844 987).

213 2862 304 2920 4455.
322 2857 425 2929 Quoad
435 2856 619 2937 verdagendi
630 2855 774 2918 rationem
783 2875 964 2940 sponsomm
974 2857 1093 2922 relative
1103 2857 1137 2920 ad

174 2945 309 3008 delutum
324 2946 498 3026 conjugale,
516 2946 680 3026 praesertim
695 2946 726 3006 in
740 2947 858 3009 casibus
871 2947 922 3009 ubi
933 2995 940 3024 ,
953 2953 1074 3032 propter
1087 2949 1138 3010 ali-

176 3033 257 3116 quod
272 3034 533 3116 impedimentum,
549 3034 701 3097 dubitatur
715 3034 752 3097 de
773 3037 957 3099 matrimonii
976 3039 1136 3114 validitate,

176 3123 242 3186 vide
255 3123 438 3203 Theologos:
455 3123 582 3185 sufficiat
600 3123 648 3186 hle
664 3123 774 3186 relerre
796 3143 863 3208 cap.
886 3127 1091 3208 inquisitioni,
1106 3124 1138 3186 de

176 3221 299 3275 sentent.
311 3231 474 3274 eudonem:
491 3213 676 3276 «Credimus
695 3213 943 3296 distinguendum
959 3226 1059 3280 utrum
1072 3216 1139 3278 alter

177 3324 192 3358 n
218 3302 381 3380 conjugum
405 3320 459 3382 pro
482 3309 564 3364 certo
583 3303 654 3364 scial
674 3303 922 3384 impedimentum
948 3306 1137 3387 conjugii...

177 3413 192 3451 n
217 3389 353 3469 quamvis
367 3387 439 3450 illud
454 3390 533 3468 apud
549 3390 710 3452 Ecclesiam
721 3391 848 3472 probare
862 3412 920 3456 non
933 3397 1138 3476 possit,annon

178 3501 193 3538 o
218 3477 291 3540 sciat
306 3494 359 3556 pro
373 3484 470 3551 certo,
486 3476 536 3538 sed
551 3477 670 3538 credat:
688 3479 718 3538 in
734 3481 929 3562 primocasu,
944 3481 1034 3546 debet
1048 3483 1138 3564 potins

178 3593 194 3623 ι
218 3565 537 3628 excommunicationis
570 3567 749 3630 sententiam
790 3571 943 3636 humiliter
978 3575 1137 3649 sustinere,
