2462 3972
365 240 450 284 tiore
472 240 630 286 sroonnns.
794 213 796 216 ’
934 225 992 287 bib

20 335 99 506 ppei
121 337 299 419 Superiores
326 338 580 400 condonationem
602 339 816 403 benefaciant.
831 342 868 403 Ut
890 357 990 402 causae

54 428 153 501 ‚tttmae
180 425 330 489 habentur
348 448 354 487 :
371 427 486 490 bonum
511 428 651 492 Ecclesiae
672 429 718 492 vel
736 428 921 511 Reipublicae
939 434 991 491 aut

19 513 153 590 familiae,
170 516 267 595 maior
281 516 432 597 protectus
446 518 599 594 voventis,
625 518 765 581 notabilis
782 517 944 580 difficultas
958 515 990 578 in

18 605 67 666 soti
98 605 309 668 observatione
331 623 392 668 nou
416 608 532 668 tantum
553 607 722 689 impraevisa
740 606 793 669 sed
807 606 898 669 etium
912 623 990 687 praa·

17 693 86 768 risa,
105 693 276 776 periculum
300 696 546 775 transgressionis
564 697 603 758 ob
623 695 883 778 indispositionem
898 694 990 775 parti·

16 784 143 846 nutarem
155 783 289 846 voventis
298 779 344 845 vel
354 783 394 845 ob
403 785 765 848 communemhominum
776 783 966 866 fragilitatem
980 799 988 846 t

15 871 122 935 suffieit
134 872 225 934 etiam
241 871 265 934 si
275 890 385 936 vovens
395 880 517 936 vexetur
529 875 648 956 magnis
662 873 827 954 scrupulis3
843 874 916 936 item
932 873 989 934 im·

15 961 142 1042 perfecta
157 959 333 1024 deliberatio
356 961 387 1023 in
412 963 574 1025 emissione
597 964 677 1041 voti,
698 961 781 1025 unde
804 979 896 1042 super
915 961 989 1024 votis

15 1049 206 1132 impuberum
221 1049 287 1113 sine
301 1050 358 1112 alit
372 1053 463 1114 causa
479 1058 576 1133 potest
590 1051 725 1116 absolute
742 1049 909 1133 dispensari
923 1049 990 1111 sind

13 1139 64 1200 alit
78 1141 320 1203 commutatione
332 1159 339 1215 ;
356 1139 436 1203 idem
451 1148 496 1202 est
509 1139 672 1203 dicendum
682 1141 720 1202 de
729 1157 801 1202 oasa
811 1157 872 1220 quo
885 1143 988 1200 votum

13 1228 44 1288 sit
57 1229 209 1290 emissum
228 1228 268 1289 ob
292 1233 407 1291 metum
421 1229 537 1306 levem,
558 1231 713 1292 incussum
736 1229 775 1290 ab
793 1229 986 1290 extrinseco:

12 1315 88 1380 idem
114 1317 138 1380 si
161 1317 336 1398 imperfecta
357 1317 531 1380 deliberatio
552 1319 695 1400 procedat
715 1337 752 1380 ex
769 1315 905 1393 tristitia,
923 1314 986 1391 ira,
1093 1318 1097 1324 '

12 1415 91 1470 metu
105 1405 254 1487 naufragii
277 1405 324 1468 vel
338 1407 459 1470 alterius
473 1407 563 1468 inali:
579 1408 603 1470 si
622 1414 726 1470 umen
751 1410 902 1470 constaret
914 1411 989 1466 tuno

12 1503 162 1574 maturam
190 1493 321 1558 adfuisse
339 1495 606 1570 deliberationem,
627 1495 821 1560 admiscenda
834 1498 913 1556 esset
925 1492 987 1555 dis·

12 1584 181 1664 pensationi
196 1583 297 1664 aliqua
310 1586 528 1660 commutatio,
545 1591 635 1666 prout
648 1586 739 1647 etiam
761 1584 826 1645 fieri
840 1583 946 1657 debet,
962 1581 987 1644 si

10 1679 107 1736 cessat
128 1691 222 1736 eausa
243 1673 402 1755 impulsiva
422 1674 492 1735 voti.
512 1675 554 1750 (S.
577 1675 713 1754 lignon,
738 1672 790 1735 lib.
806 1675 845 1750 3,
861 1671 902 1732 nu
916 1672 988 1731 950-

10 1765 92 1841 aaa.)

45 1855 140 1914 5238.
165 1850 286 1923 Quaerit.
314 1853 346 1912 l·
365 1851 412 1911 An
434 1849 530 1912 valida
559 1850 596 1911 sit
620 1848 804 1930 dispensatio
833 1846 902 1908 data
926 1847 987 1909 sine

7 1943 85 2019 justa
100 1943 215 2018 eausa,
239 1938 361 2021 quando
375 1938 454 2001 bont
478 1937 538 2001 tide
561 1937 692 2002 ereditur
715 1935 845 1999 adfuisse
864 1953 987 1998 eausam

6 2027 239 2093 sufficientem?

45 2122 140 2202 llesp.
157 2120 193 2180 ln
205 2117 264 2182 hoo
277 2120 340 2179 llD.
358 2136 419 2180 non
431 2117 635 2179 concordare:
653 2118 780 2180 Sanetus
804 2121 905 2178 autem
919 2115 984 2198 Lig.

6 2209 170 2289 amplexus
182 2206 239 2269 fuit
252 2207 431 2271 sententiam
446 2213 629 2287 negantem,
644 2206 715 2287 quia
729 2205 852 2268 inferior
864 2205 986 2287 dispen-

5 2314 73 2360 sare
86 2295 196 2377 nequit
207 2295 239 2356 io
251 2295 317 2376 lege
328 2294 491 2376 superioris
506 2296 571 2357 sine
585 2295 720 2376 legitima
734 2297 825 2358 causa
840 2313 848 2354 t
864 2293 921 2356 hoo
931 2313 986 2358 au-

6 2391 66 2448 lem
82 2385 162 2448 dicit
174 2381 212 2446 de
226 2401 298 2447 casu
313 2401 375 2466 quo
389 2389 491 2464 postea
505 2386 587 2446 certo
610 2383 759 2465 detegitur
778 2401 839 2446 uon
857 2381 988 2446 adfuisse

6 2491 134 2538 causam
150 2471 362 2534 sufficientem.
377 2474 471 2534 Seeus
481 2479 526 2534 est
534 2473 712 2549 dicendum,
725 2473 809 2552 juxta
823 2471 986 2550 eumdem,

5 2563 25 2622 si
41 2561 182 2626 dubium
197 2561 233 2621 sit
248 2579 286 2622 an
301 2560 429 2624 adfuerit
440 2561 519 2639 justa
537 2579 646 2636 eausa,
663 2560 734 2640 quia
753 2557 890 2621 indubio
904 2565 986 2620 slan-

5 2651 82 2714 dum
97 2655 147 2714 est
160 2667 216 2732 pro
229 2647 329 2712 valore
342 2649 595 2731 dispensationis,
617 2648 716 2710 donee
736 2647 843 2709 veritas
857 2664 918 2708 non
937 2665 988 2728 ap

5 2745 95 2820 paret
109 2739 144 2802 in
165 2738 352 2801 eontrarium
370 2758 377 2800 :
394 2738 466 2800 alias
480 2735 630 2818 scrupulis
643 2753 763 2818 semper
776 2735 897 2799 animus
909 2741 988 2798 esset

5 2827 174 2890 obnoxius.

43 2921 143 2980 5239.
167 2915 261 2977 Valde
282 2917 373 2978 etiam
396 2915 550 2998 probabile
572 2920 617 2977 est
643 2913 899 2997 dispensationem
921 2931 988 2977 esse

5 3006 158 3082 validam,
174 3005 244 3067 lieet
266 3004 344 3066 mala
359 3003 419 3067 fide
436 3006 454 3066 l
478 3003 670 3085 dispensante
685 3003 772 3066 fuerit
785 3021 948 3080 eonoessa,
962 3004 989 3067 si

5 3096 117 3158 revera
133 3091 235 3155 aderat
245 3094 325 3174 justa
336 3111 437 3156 eausa.
450 3094 491 3170 (S.
506 3094 642 3173 lignos,
654 3093 708 3171 ib,
728 3095 760 3155 n⁰
771 3091 858 3174 ast.)

44 3182 186 3256 Quando
197 3189 298 3244 autem
310 3199 401 3244 eausa
415 3200 477 3244 non
489 3181 599 3244 suffieit
613 3181 651 3244 ad
669 3183 818 3264 integram
836 3181 989 3265 dispensa-

5 3275 128 3334 ionem
143 3319 151 3347 ,
167 3271 276 3353 partim
296 3271 464 3353 dispensari
487 3278 517 3334 et
540 3271 650 3352 partim
673 3270 863 3354 compensari
878 3278 987 3353 potest.

8 3365 49 3426 S.
73 3361 212 3441 Liguor.,
227 3359 282 3436 ib,
298 3368 332 3422 n⁰
347 3361 430 3440 254.)

45 3453 146 3512 5240.
170 3449 290 3521 Quaerit.
308 3449 339 3510 2⁰
353 3451 400 3510 An
415 3467 486 3512 easu
500 3467 562 3531 quo
577 3455 680 3512 votum
698 3448 845 3512 redundat
859 3449 890 3511 iu
904 3449 988 3511 utiti-

5 3547 108 3602 atem
123 3536 273 3612 hominis,
292 3537 357 3599 sind
378 3537 456 3600 itlius
470 3538 602 3600 hominis
623 3555 793 3616 consensu,
809 3537 902 3618 possit
914 3555 986 3598 oon·

5 3625 81 3694 :edi
94 3625 295 3704 dispensatio,
310 3626 353 3687 vel
370 3625 565 3688 commutatio
579 3627 610 3686 in
623 3625 673 3686 tali
688 3624 780 3688 voto?
