2434 3940
198 251 257 314 230
417 265 554 312 urrunnu
575 261 676 312 rmrus
696 260 777 309 runis
798 257 946 306 cruomcr.

200 387 215 425 ι
241 367 293 424 out
305 359 446 443 quilibet,
461 359 550 422 etiam
565 357 728 440 regularis.
744 355 795 439 qui
806 355 849 418 eis
862 353 1080 438 presumpserit
1090 354 1150 416 iule-

200 475 214 512 r
240 469 339 524 resse,
364 467 417 530 per
439 449 603 510 triennium
625 448 662 509 ab
688 445 785 508 ollicio
808 443 1029 525 suspendatur,
1051 443 1152 525 graciis

201 563 217 599 u
242 537 413 620 puniendus
426 539 450 598 si
465 538 562 618 culpae
576 537 702 618 qualitas
716 534 884 615 exegerit.»
902 533 986 594 [licta
999 539 1092 596 aulem
1102 548 1154 591 sus
1200 551 1201 586 3

203 627 309 710 pensio
335 635 463 689 nonest
490 627 555 688 lalae
579 625 631 687 sed
664 623 794 686 lerendae
817 621 983 685 sententia.
1011 621 1154 700 (Ferraria,

203 726 232 779 v⁰
248 715 489 786 Matrimonium,
506 722 562 777 art.
577 719 608 790 d,
624 723 657 774 n⁰
671 715 718 788 8.)

650 883 724 965 §a

313 1013 359 1077 De
379 1010 609 1075 circumstantiis
624 1006 873 1092 promulgationis
893 1007 1073 1070 Bannomm.

243 1166 407 1228 tortu—l.
420 1159 651 1225 Circrrmstantr'a
666 1159 815 1242 temporis.
829 1159 905 1222 Fieri
917 1159 1029 1223 debent
1042 1155 1160 1240 promul·

205 1247 1164 1336 gatianusbannorum,juxtaSynodumTridentinamantequam

207 1341 428 1404 Matrimonium
442 1339 648 1411 cantrebocan·
665 1344 795 1399 attamen
812 1357 849 1399 cx
865 1338 972 1400 eodem
985 1337 1129 1410 Concilio,
1144 1333 1163 1394 si
1202 1327 1203 1384 ἶ

205 1451 241 1493 cx
269 1429 492 1510 dispensatione
515 1435 584 1489 ante
606 1427 777 1507 nuptiarum
812 1425 1045 1488 celebrationem
1068 1423 1168 1488 tuerint

206 1520 335 1592 omissae,
348 1524 420 1578 tunc
435 1515 616 1578 fieridcbant
627 1521 695 1576 ante
709 1516 1012 1592 consummationem,
1027 1514 1083 1576 nisi
1094 1513 1167 1575 aliter

205 1605 380 1687 judicaverit
391 1605 565 1685 Episcopus,
576 1604 650 1664 utin
661 1609 773 1685 puncto
788 1603 966 1685 precedenti
980 1603 1097 1666 dictum
1110 1601 1167 1662 lull:

207 1696 258 1758 sed
284 1695 341 1757 boc
368 1694 399 1755 iu
427 1692 657 1755 desuetudinem
684 1692 792 1754 abiisse
819 1692 936 1754 videtur
957 1693 1040 1774 apud
1065 1709 1119 1753 nos
1143 1689 1169 1749 in
1203 1687 1204 1758 l

208 1786 311 1848 Gallia.

246 1877 336 1938 4033.
354 1873 466 1934 Pariter
488 1891 526 1934 cx
540 1869 832 1944 conciliatricem,
852 1869 915 1932 lieri
935 1869 1070 1947 debent,
1087 1868 1172 1932 trilaa

208 1961 457 2026 continuisdiadus
471 1961 602 2042 festivis:
616 1977 684 2041 quae
698 1959 788 2021 verba
801 1961 900 2022 verius
914 1959 971 2022 boc
984 1977 1079 2023 sensu
1093 1957 1172 2020 intel·

208 2053 257 2133 ligi
272 2052 384 2114 debent
403 2050 484 2132 qudd
501 2049 573 2110 festa
588 2050 618 2109 in
632 2048 743 2129 quibus
753 2047 787 2108 lit
800 2048 962 2128 publicatio
979 2050 1020 2110 ita
1035 2051 1098 2112 sint
1112 2065 1174 2110 con-

208 2144 290 2204 tinua
301 2147 403 2203 rrtrron
419 2136 675 2200 intercedantdies
684 2135 775 2198 festivi
787 2137 818 2198 in
828 2137 938 2217 quibus
953 2138 1002 2200 illa
1011 2140 1173 2210 omittatur,
1204 2153 1205 2184 1

208 2231 344 2311 quamuis
367 2229 423 2289 lroc
454 2245 514 2287 non
538 2234 616 2286 essct
642 2243 750 2306 grave,
774 2226 865 2288 modo
886 2227 973 2288 multi
1001 2227 1070 2290 dies
1090 2225 1177 2290 festivi

208 2338 269 2380 mm
285 2317 468 2379 intercedant
481 2333 488 2374 :
501 2321 625 2394 possunt
639 2320 752 2390 autem,
765 2319 800 2376 ut
811 2321 901 2396 piatet,
916 2315 1107 2379 intercedere
1119 2316 1178 2376 dies

208 2407 342 2482 feriales,
356 2405 417 2466 imb
431 2403 625 2465 communius
639 2409 756 2464 tenetur
771 2421 831 2464 non
851 2403 890 2466 ila
907 2403 1017 2468 debere
1032 2424 1102 2468 csse
1115 2424 1179 2467 con-

209 2496 309 2558 tinuos
332 2493 396 2555 dics
414 2491 533 2554 festivos
552 2497 586 2553 ul
608 2509 668 2552 non
691 2500 867 2572 separentur
888 2491 989 2574 aliquo
1010 2495 1122 2556 saltem
1135 2493 1179 2554 die

209 2585 320 2660 feriali3
350 2580 431 2645 undc
458 2579 521 2642 lieri
545 2598 606 2641 non
629 2579 788 2654 deberent,
813 2581 910 2644 tribus
935 2581 1045 2646 diebus
1074 2581 1182 2647 festivis

210 2672 360 2736 Pasclralis
383 2670 429 2732 vel
451 2671 662 2744 Pentecostes,
686 2669 756 2750 quia
775 2675 910 2752 ternpore
933 2675 994 2732 tam
1015 2679 1106 2734 arcto
1125 2690 1181 2732 non

209 2765 280 2825 satis
293 2762 479 2824 obtineretur
499 2759 568 2820 finis
582 2757 739 2840 precepti;
761 2768 833 2820 sunt
847 2768 947 2822 taenea
961 2761 1010 2822 alii
1026 2764 1084 2843 qui
1099 2777 1184 2824 secus

210 2853 358 2927 sentiunt,
383 2857 413 2911 et
426 2849 546 2911 illorum
566 2847 713 2909 sententia
727 2853 758 2909 ut
773 2849 935 2929 probabilis
954 2848 1099 2924 babetur,
1116 2855 1184 2932 quia

210 2940 374 3002 Concilium
396 2956 458 3000 non
478 2937 635 3016 distinguit
654 2935 781 2998 dicendo
800 2936 895 2998 tribus
915 2939 1065 3001 continuis
1087 2939 1185 3003 diadar

156 3077 172 3086 ..
210 3028 326 3110 festinis
340 3028 381 3104 (S.
398 3026 532 3105 Lignea,
547 3024 597 3085 lib.
615 3029 646 3100 6,
660 3037 693 3085 n⁰
706 3027 785 3102 992).
802 3025 871 3088 Dies
884 3025 977 3088 festivi
990 3026 1112 3091 debent
1124 3046 1186 3090 esse

213 3118 251 3180 de
265 3121 432 3198 praecepto:
449 3111 531 3174 undo
541 3114 571 3173 in
582 3113 690 3190 Gallia,
704 3113 766 3174 lieri
778 3131 838 3174 non
850 3113 1099 3195 possuntdiebus
1112 3117 1186 3180 iesti-

213 3207 254 3269 vis
269 3223 322 3288 per
335 3201 554 3266 concordatum
565 3203 733 3283 suppressis
743 3203 929 3282 (Curriercdc
938 3205 1049 3282 Matr„
1068 3219 1106 3269 n·
1121 3211 1189 3284 ³8³)

213 3295 269 3357 nisi
287 3292 325 3356 dc
344 3309 493 3354 consensu
513 3289 674 3366 ordinarii,
696 3289 817 3372 quando
840 3290 923 3354 adest
944 3291 1054 3356 iisdem
1079 3295 1189 3358 diebus

213 3400 341 3462 magnus
354 3397 520 3443 concursus
535 3379 565 3439 in
579 3377 714 3440 eceleslt.
724 3380 766 3440 lta
776 3381 808 3441 S.
823 3381 917 3462 Coum
929 3381 1009 3464 apud
1022 3386 1190 3462 Analecta,

214 3476 264 3532 48·
278 3476 308 3531 ct
322 3473 372 3531 49⁰
386 3467 464 3544 lirr.,
479 3487 510 3549 p.
528 3469 615 3530 llll.

253 3561 342 3620 4054.
367 3557 413 3617 An
427 3565 546 3633 autem,
561 3556 592 3617 in
606 3575 677 3619 casu
692 3557 793 3638 magni
813 3560 978 3620 concursus
997 3560 1026 3621 in
1042 3563 1194 3642 ecclesii,

216 3646 280 3708 tlcri
294 3649 410 3726 possint
425 3643 592 3708 bannorum
617 3643 864 3726 proclamationes
879 3645 985 3708 dicbus
1003 3645 1191 3718 ferialibus.
