2420 3968
874 2 1140 75 „W

198 196 258 258 otti
423 204 560 254 uxuuxca
579 204 681 251 rorrus
700 203 783 250 rums
805 201 951 252 aauoxrcr.

199 325 299 388 neque
313 303 517 385 horologiarii,
528 303 585 365 nisi
596 321 706 384 magna
717 302 872 384 horologia
881 319 953 365 curn
963 301 1057 365 multo
1068 301 1153 366 labore

199 395 372 459 conficiant.

239 485 392 548 Moiitores
417 489 599 546 excusamur
622 484 646 545 si
671 489 824 564 nequeant
845 499 932 545 suam
958 489 1052 546 artem
1075 481 1151 562 jejuni

199 591 348 637 exercere.
366 574 397 635 S.
413 571 574 654 Lignorius
588 572 686 652 (ibr'd,
704 581 736 633 ιιο
753 575 852 651 toti).

238 665 329 725 5019.
345 663 582 724 Controvertitur
598 661 721 744 quidem
736 679 774 722 an
789 659 919 724 artifices
933 660 1050 740 divites,
1064 659 1108 741 qui
1123 677 1151 721 ex

199 751 297 814 officio
311 757 453 814 exercent
466 757 545 813 artes
558 750 741 824 laboriosas,
771 756 897 831 peccent
914 751 940 812 si
958 751 989 813 in
1007 750 1054 814 die
1064 749 1151 830 ieiunii

199 839 333 902 laborem
353 845 533 903 assumant:
553 839 606 902 sed
630 841 776 902 sententia
799 840 972 902 eommunis
993 847 1076 921 negat
1100 837 1152 899 iilos

200 949 343 1012 peccare,
369 935 399 992 et
422 929 564 1010 probetur
578 947 615 991 ex
635 928 757 992 oraculo
770 927 844 990 vivae
868 929 948 992 vocis
970 927 1148 1010 Eugeniiii:

206 1042 221 1078 u
243 1019 381 1082 Artifices
395 1018 557 1081 laboriosas
571 1023 649 1081 artes
670 1023 860 1096 exercentes,
876 1023 907 1080 et
920 1017 1039 1096 rustici,
1053 1018 1106 1080 sire
1116 1015 1149 1076 di·

200 1131 216 1170 n
241 1109 315 1172 vites
344 1109 404 1172 sint
430 1107 490 1170 sive
513 1125 680 1190 pauperes,
706 1125 767 1169 non
790 1115 932 1169 tenentur
951 1108 1083 1188 jejunare
1108 1104 1150 1166 sub

201 1221 217 1258 ιι
243 1204 392 1280 precepto
416 1197 529 1278 peccati
544 1197 694 1274 mortalis3
719 1203 749 1258 et
770 1195 852 1278 quod
875 1196 986 1258 absolvi
1002 1203 1113 1278 possunt
1130 1199 1149 1254 ei

202 1311 217 1348 a
243 1287 345 1350 induci
368 1285 405 1346 ad
428 1285 636 1367 eleemosynas
657 1292 688 1349 et
707 1285 765 1348 alia
788 1285 868 1348 bona
890 1305 982 1368 opera
996 1285 1147 1348 iaciendas

202 1377 313 1436 Dicunt
327 1373 451 1456 quidam
474 1372 531 1436 hoc
551 1375 709 1438 oraculum
723 1393 789 1438 esse
809 1375 1033 1456 apocryphum,
1048 1374 1094 1437 sed
1110 1372 1152 1434 rui·

204 1463 285 1524 nime
304 1463 433 1544 probent
453 1482 461 1522 ι
484 1463 560 1525 ratio
582 1471 683 1527 autem
698 1464 788 1544 hujus
805 1465 961 1527 sententiae
983 1463 1153 1528 videturesse

203 1552 285 1633 qucd
299 1549 384 1614 vaide
399 1549 581 1633 Reipublicae
596 1553 719 1616 interest
738 1572 787 1631 ne,
803 1557 893 1616 causa
904 1554 1031 1634 jejunii,
1048 1551 1154 1636 operarii

203 1641 402 1704 intermittant
424 1659 495 1706 suas
514 1659 653 1706 exercere
672 1651 761 1708 artes.
787 1643 828 1723 (S.
849 1642 987 1725 Liguor„
1008 1643 1060 1705 lib.
1080 1646 1111 1718 ³,
1131 1652 1156 1702 u·
1196 1697 1197 1728 ,

244 1825 334 1885 5020.
359 1821 592 1886 controvertitur
612 1822 723 1903 pariter
747 1839 786 1884 an
814 1821 943 1886 artifices
969 1822 1008 1886 ud
1028 1821 1158 1904 jejunium

205 1917 364 1974 teneantur
377 1930 450 1976 casu
464 1929 525 1994 quo
540 1912 604 1974 sine
614 1911 695 1993 gravi
705 1911 899 1974 incommodo
912 1911 1011 1975 valent
1021 1913 1156 1993 jejunare:

204 2001 351 2062 sententia
368 2000 522 2063 affirmans
545 2000 724 2082 speculative
737 2001 921 2083 probabilior
941 2001 1059 2065 videtur
1072 2003 1101 2064 S.
1122 2001 1155 2060 u-

204 2089 327 2170 guorm,
353 2089 405 2150 sed
424 2091 455 2150 in
471 2089 571 2171 proxi,
596 2090 712 2172 inquit,
731 2091 780 2152 xix
802 2109 882 2154 unus
903 2091 1053 2172 reperitur
1066 2091 1114 2172 qui
1134 2104 1157 2148 er

204 2175 377 2258 hujusmodi
391 2177 493 2240 labore
516 2179 645 2259 graviter
667 2197 728 2242 non
742 2179 893 2243 relaxetur
914 2179 1014 2260 (itia,
1030 2181 1063 2242 ιιο
1078 2183 1158 2252 tottii.

244 2269 334 2329 5021.
358 2266 479 2338 Quaerit.
501 2271 531 2328 t·
546 2271 595 2330 An
616 2273 798 2332 excusentur
811 2271 829 2332 'a
840 2269 958 2349 jejunio
971 2269 1098 2333 artifices
1115 2267 1161 2330 dia

205 2355 262 2417 bus
276 2356 386 2437 quibus
400 2359 534 2418 vacante
549 2356 675 2420 iebore?
1103 2429 1108 2438 .

244 2447 334 2527 Resp.
356 2469 371 2505 ιι
385 2447 414 2508 Si
428 2444 585 2510 manifeste
599 2447 654 2529 ipsi
670 2467 759 2530 grave
773 2448 1002 2512 incommodum
1017 2468 1053 2512 ex
1065 2447 1163 2530 jejunio

204 2558 219 2596 n
245 2555 307 2598 non
327 2537 521 2616 sustinerent,
537 2543 711 2600 tenerentur
722 2539 880 2618 jeJunare,
897 2539 997 2620 inquit
1011 2541 1042 2602 S.
1057 2540 1161 2621 Lignor.
1194 2559 1195 2590 ;

206 2648 220 2686 ιι
247 2625 310 2708 (it,
335 2629 488 2706 n01042i);
512 2645 599 2689 secus
613 2627 637 2688 si
653 2645 713 2688 non
739 2626 896 2690 manifeste
913 2646 921 2690 ι
937 2630 968 2690 ιιι
991 2627 1084 2692 dubio
1096 2629 1163 2691 enim

206 2739 220 2774 ιι
246 2722 447 2795 excusantur,
466 2715 537 2797 quia
551 2735 588 2778 ex
602 2716 806 2778 communiter
819 2717 1084 2798 contingentibus,
1098 2737 1164 2800 pre-

206 2830 220 2865 ιι
246 2805 377 2888 sumptio
391 2811 449 2867 stat
462 2825 517 2887 pro
535 2805 709 2868 necessitate
731 2805 886 2880 alimenti,
902 2813 935 2867 ut
949 2807 994 2870 rel
1010 2808 1163 2871 reficiantur

207 2917 221 2953 ιι
247 2898 264 2956 ir
279 2895 379 2957 labore
394 2895 535 2973 exercito,
551 2895 596 2957 uel
612 2893 712 2957 idonei
725 2893 889 2957 reddantur
902 2893 940 2956 ad
955 2895 1086 2960 laborem
1096 2913 1163 2957 errr-

206 3004 221 3042 ι
247 2983 408 3045 cendum»
429 3003 436 3043 :
457 2984 515 3046 hoc
529 2983 693 3064 praesertinr
712 2989 758 3045 est
771 3001 877 3046 verum
891 2985 1016 3065 quando
1029 2993 1162 3050 vacatura
1193 3017 1194 3044 1

206 3069 308 3132 labore
323 3087 385 3132 uno
398 3074 516 3133 tantiun
530 3078 583 3134 aut
595 3071 687 3135 altero
701 3071 760 3134 die.

246 3163 335 3221 5022.
360 3159 481 3231 Ouaerit.
498 3165 530 3222 2⁰
545 3165 592 3222 Αιι
612 3161 663 3242 qui
682 3161 817 3224 laborem
831 3163 957 3226 assumit
978 3171 1011 3230 ut
1033 3164 1163 3228 eximatur

206 3247 369 3326 ajejunio‚
385 3255 545 3312 excusetur
559 3251 576 3310 e
590 3249 703 3332 cuipti

245 3340 335 3418 Hesp.
351 3339 418 3400 Non
433 3337 550 3400 videtur
564 3339 857 3406 dubiundumillum
870 3345 1006 3408 excusari
1021 3351 1163 3428 postqum
1192 3417 1193 3430 χ

207 3438 252 3486 est
265 3425 392 3504 graviter
414 3425 593 3505 defatigatus
610 3448 616 3488 :
633 3428 687 3490 sed
700 3429 855 3495 dubitatur
877 3451 916 3496 an
930 3435 1063 3517 peccarit
1084 3453 1163 3514 appr
1192 3445 1193 3456 ¹

207 3511 307 3572 nendo
321 3513 709 3593 scienterimpedimentum
719 3538 726 3579 :
737 3521 768 3580 S.
785 3521 944 3603 Liguorius
957 3523 1028 3588 dicit
1041 3542 1104 3586 esse
1114 3539 1163 3583 om

207 3601 280 3662 uino
301 3600 513 3684 aiiirmanduur
535 3621 606 3664 curn
627 3610 774 3671 sententio
789 3613 968 3688 communi,
989 3615 1059 3688 ouis
1079 3631 1166 3675 ouria

1119 3705 1148 3944 i
1191 3849 1192 3944 i
