2416 3954
421 224 506 290 uraca
528 224 685 271 secunous.
982 215 1039 276 513
1088 257 1091 265 ·

71 325 107 386 de
116 325 252 406 praestito
265 324 348 386 cultu
357 322 493 404 publico;
505 323 653 403 siquidem
664 325 695 384 in
710 344 747 388 eo
764 327 888 388 uomina
904 347 1046 408 quorum-

71 411 139 474 dam
150 419 223 474 sunt
231 411 400 492 conscripta
414 413 466 491 qui
481 414 596 472 tantum
612 420 682 473 sunt
697 413 854 478 beatificati
868 437 875 491 ;
901 417 965 478 irnb
990 436 1046 481 noc

70 502 161 562 etiam
174 500 332 562 beatificati
349 503 411 564 bS.
433 498 526 575 Sede,
547 500 600 561 sed
620 503 738 563 tanthm
757 503 795 564 ab
813 505 988 587 Episcopis,
1008 507 1045 569 de

70 589 181 671 quibus
196 588 322 671 proinde
337 589 473 651 nendum
489 589 652 670 permissus
666 597 709 652 est
723 593 783 656 dS.
798 593 984 658 Sedecultus
995 617 1046 676 pu·

71 677 167 740 blicus
179 686 211 740 et
223 677 371 758 imprimis
384 677 576 753 universalis;
598 697 670 759 ergo
687 679 775 740 lectio
794 681 997 765 Martyrologii
1014 687 1044 746 in

22 803 24 807 -
70 765 164 830 choro
177 785 241 829 non
255 765 380 828 habetur
394 773 427 828 ut
440 773 523 830 actus
536 767 634 828 cultus
647 767 772 848 publici,
784 769 917 851 alioquin
933 771 963 834 in
980 775 1045 836 uni-

69 854 1044 935 versaliEcclesibonltupublicocolerenturetiamBeatihcati,imb

69 945 121 1030 qui
129 943 269 1006 nondum
277 945 294 1003 a
302 945 333 1004 S.
342 943 419 1004 Sede
426 941 584 1005 beatificati
592 942 732 1020 fuerunt3
744 943 791 1006 his
800 951 901 1006 tamen
910 965 971 1008 non
982 951 1044 1012 obs·

68 1033 271 1097 tontibusnon
280 1031 350 1094 licet
362 1029 472 1092 addere
485 1033 783 1113 blnrtyrologionova
793 1029 924 1095 ‘uomina
938 1035 1042 1098 Beato-

69 1141 151 1200 rum,
167 1122 230 1183 imd
245 1127 275 1182 et
284 1121 463 1194 Sanctorum
471 1121 715 1183 canonizatorum
726 1122 837 1201 privata
848 1123 1021 1185 auctoritate
1035 1145 1041 1186 :

69 1211 98 1274 id
112 1211 196 1274 enim
209 1209 266 1271 fuit
279 1207 462 1289 prohibitum
476 1211 493 1270 a
509 1211 539 1271 S.
556 1210 632 1272 Sede
654 1229 706 1292 per
719 1211 844 1272 Litteras
860 1211 1040 1292 Apostolicas

68 1298 206 1381 Gregorii
230 1299 294 1360 llll]
310 1297 368 1379 (De
382 1295 511 1378 Beotifi,
526 1297 579 1362 lib.
593 1304 633 1374 t,
650 1317 719 1379 pars
732 1303 751 1361 2
765 1348 772 1376 ,
788 1318 854 1381 cap.
874 1304 910 1363 l8
925 1348 932 1377 ,
950 1309 982 1360 n⁰
998 1303 1041 1381 l).

107 1392 196 1450 4889.
219 1389 287 1448 Non
301 1386 438 1448 obstante
448 1386 529 1468 quod
543 1386 652 1450 dicitur
666 1388 827 1470 inqoartd,
841 1407 940 1470 neque
954 1391 1042 1453 missa

66 1479 98 1539 in
113 1475 263 1538 honorem
287 1476 387 1538 Sancti
402 1480 447 1536 est
467 1475 644 1538 celebranda
665 1477 696 1538 in
716 1478 876 1539 universali
893 1480 1041 1559 Ecclesia,

66 1583 169 1647 neque
179 1564 312 1650 officium
323 1569 368 1625 est
376 1563 577 1639 recitandum,
590 1565 647 1626 nisi
658 1565 687 1626 id
696 1566 727 1628 S.
739 1566 876 1628 Pontifex
888 1567 1044 1648 indulgeat

65 1656 112 1716 rel
126 1653 283 1735 praecipiat
292 1670 345 1734 per
359 1655 519 1714 Decretum
529 1654 681 1732 peculiare
691 1653 788 1731 (itio,
805 1655 856 1716 lib.
871 1659 900 1734 l,
912 1675 977 1737 cap.
991 1662 1041 1732 38,

64 1744 107 1805 η’·
121 1747 140 1804 3
162 1748 192 1804 ct
209 1745 260 1820 ll:
277 1747 306 1802 et
320 1741 415 1802 Bullae
434 1741 673 1803 canonizationis
686 1743 887 1806 concedentes
907 1745 990 1824 qudd
1005 1746 1042 1808 dc

64 1835 178 1894 Sancto
197 1828 372 1892 canonizato
395 1828 514 1890 recitari
542 1828 636 1890 valeat
659 1829 813 1907 officium,
841 1831 1042 1912 intelligendae

63 1928 138 1982 sunt
157 1918 256 2001 quoad
274 1917 480 1993 habilitatem,
500 1933 563 1977 non
584 1919 656 1978 verb
677 1917 777 1998 quoad
800 1925 915 1995 actum3
933 1921 1039 2000 idest,

62 2008 241 2088 significant
253 2007 397 2068 Sanctum
412 2023 477 2067 csse
490 2005 582 2067 talem
595 2012 629 2067 ut
641 2006 735 2086 possit
748 2007 805 2088 ipsi
823 2007 890 2070 talis
901 2007 999 2074 honor
1012 2020 1041 2075 ct

62 2099 165 2160 cultus
178 2094 298 2157 deferri.
315 2092 419 2173 (ltin,
434 2102 467 2154 n⁰
483 2095 525 2172 6.)

105 2189 196 2249 4883.
214 2218 253 2230 -
267 2187 300 2244 t⁰
321 2181 368 2243 nd
382 2183 640 2263 complementum
662 2185 795 2246 materia
814 2183 863 2249 blc
880 2188 970 2250 etiam
989 2190 1039 2252 ad-

61 2275 201 2338 dendum
215 2279 261 2335 est
273 2271 347 2352 quid
361 2273 378 2332 a
393 2273 424 2334 S.
441 2271 518 2333 Sede
536 2270 626 2333 fuerit
645 2274 855 2354 prescriptum
876 2277 957 2338 circa
979 2279 1038 2340 cul-

62 2371 128 2428 tum
151 2366 312 2425 Servorum
328 2360 381 2422 Dei
395 2360 532 2422 nondum
546 2359 795 2424 beatificatorum.
812 2363 952 2425 Urbanus
972 2367 1037 2444 qui-

61 2453 202 2514 demVlll
211 2449 405 2531 dehocplura
415 2449 515 2510 statuit
525 2448 1036 2512 an.1625induobusDecret.S.ln·

61 2542 156 2622 qtris:
177 2541 221 2601 sic
242 2539 330 2600 habet
357 2540 388 2599 in
413 2539 442 2599 1⁰
460 2536 638 2597 «volens...
654 2536 827 2613 hujusmodi
843 2537 1036 2601 abusibus...

33 2699 37 2708 ,
61 2650 77 2687 a
102 2646 316 2710 occurrere,..,
331 2625 488 2704 (Sanctitas
502 2626 577 2704 Sua)
590 2623 720 2684 decrevit
734 2641 772 2684 ne
793 2625 970 2704 quorumvis
983 2625 1037 2686 ho-

62 2741 77 2776 »
102 2713 478 2793 minum,cumsanctitatis
487 2731 540 2774 seu
551 2711 686 2790 martyrii
697 2711 774 2772 lama
784 2714 1038 2794 (quantacumque

61 2829 77 2866 u
102 2807 154 2868 illa
168 2807 217 2884 sit)
226 2804 449 2878 detunctorum,
465 2800 652 2881 imagines...
668 2804 698 2860 et
711 2799 927 2879 quodcumque
939 2799 1036 2880 aliud,

61 2919 77 2954 u
101 2893 326 2957 venerationem
340 2899 371 2954 et
383 2891 497 2954 cultum
511 2907 574 2970 prae
588 2887 771 2962 soterem,
788 2887 819 2948 in
834 2889 972 2950 oratoriis
987 2900 1037 2954 aut

61 3007 76 3040 a
95 2981 177 3045 locis
194 2979 323 3064 publicis
336 2998 390 3042 seu
403 2977 535 3060 privatis,
549 2975 595 3037 vel
609 2975 744 3038 ecclesiis
764 2983 825 3038 tam
844 2977 1037 3044 saecularibus

62 3095 78 3128 t>
101 3073 197 3153 quam
223 3067 412 3153 regularibus
438 3067 657 3145 cujuscumque
687 3063 871 3146 Religionis,
896 3067 1034 3148 Ordinis,

62 3183 76 3216 ι)
100 3158 241 3234 lumitati,
256 3155 514 3238 Congregationis,
530 3160 582 3215 aut
595 3153 749 3216 Societatis
761 3162 969 3236 apponantur,
982 3178 1036 3220 an-

52 3262 76 3307 'a
101 3257 226 3330 tequam
242 3245 281 3312 ab
296 3243 468 3325 Apostolica
482 3243 560 3305 Sede
580 3242 795 3304 canonizantur
817 3251 867 3306 aut
893 3246 972 3306 Beati
987 3247 1036 3309 de·

62 3361 76 3396 o
100 3338 271 3411 alerentur,
287 3339 335 3407 et,
347 3333 372 3395 si
386 3351 456 3414 quae
470 3333 613 3414 appositae
626 3338 712 3409 sunt,
727 3339 934 3412 amoveantur,
946 3344 1035 3415 prout

63 3447 77 3484 a
101 3414 266 3490 casstatim
280 3423 411 3484 amoueri
427 3421 590 3483 mandavit.
772 3440 776 3449 ’
948 3501 952 3507 ¹

101 3519 192 3579 4884.
208 3513 297 3594 ”3²-
312 3513 356 3573 hc
369 3511 478 3592 pariter
491 3509 622 3590 imprimi
636 3511 793 3574 decaetero
808 3511 935 3573 inhibuit
945 3512 1034 3575 libros

63 3601 280 3666 aeorumdcm
306 3597 493 3676 hominum,
534 3598 588 3678 qui
615 3599 778 3660 sanctitatis
809 3602 871 3660 sive
900 3601 1034 3676 martyrii

882 3699 937 3749 tn·
