2416 3954
172 181 267 194 “““·“’
367 181 632 232 0100000000000.
925 171 985 232 383

30 277 80 342 hoc
92 281 220 344 eslcerte
233 281 271 344 de
284 280 344 345 lide
355 280 480 363 :legitur
492 281 573 346 enim
588 282 816 360 irrflllocch.,c.
827 285 877 360 lt,
893 299 920 344 v.
929 288 985 347 aa:

33 389 46 425 ι
64 369 162 434 Sancta
172 389 243 452 ergo
252 377 283 434 et
292 369 419 434 salubris
428 379 473 434 est
481 371 681 454 cogitatiopro
692 372 840 436 defunctis
849 390 984 453 exorare,

30 479 42 514 r
63 461 253 542 ntdpeccatis
267 459 429 524 solvantur.
450 481 466 520 a
488 461 527 523 Et
545 459 575 522 in
596 459 710 524 Concil.
726 459 806 525 Trid.
823 463 908 539 (sess.
924 465 962 525 25
972 507 983 540 ,

33 545 130 610 tenet.
145 547 179 610 de
189 548 359 631 Purpator.)
368 548 478 612 dicitur
489 567 498 611 r
509 550 612 612 ocum
621 549 753 612 Ecclesia
763 550 936 614 Catholica..
948 569 989 616 00

31 657 43 690 u
64 635 151 700 Sacris
162 639 279 704 Litteris
288 647 319 702 et
330 640 453 720 antiqua
464 639 587 701 Patrum
600 638 758 701 traditione
768 639 904 703 docuerit
914 641 990 703 Pur·

32 745 44 780 r
64 728 202 806 gatorium
215 747 301 804 esse,
316 729 494 810 animasque
511 727 551 789 ibi
565 727 718 804 detentas,
735 725 869 790 fidelium
883 729 987 794 suffro-

33 832 44 870 r
64 814 318 898 giis,potissimirm
328 818 398 880 verd
406 816 579 898 acceptabili
587 817 686 878 altaris
695 815 982 896 sacrificiojuvari.n

63 904 92 964 lo
104 905 691 985 canoneAnfmoe22,c.lllll,2,dicitur
703 905 987 970 :oAnimaedefunc-

32 1011 44 1048 r
63 997 152 1057 mrum
166 1002 295 1078 quatuor
309 995 408 1058 modis
421 995 594 1058 solvuntur:
606 1002 658 1058 aut
673 993 874 1058 oblationibus
887 1013 986 1057 sacer-

33 1102 44 1136 0
62 1080 168 1164 dotum,
187 1091 240 1148 aut
254 1084 393 1167 precibus
409 1085 606 1163 Sanctorum,
622 1089 673 1148 aut
685 1083 846 1147 charorum
859 1083 989 1147 eleemo-

32 1189 44 1225 0
64 1173 156 1253 spois,
171 1182 223 1238 aut
230 1175 346 1255 jeJunio
360 1181 598 1256 cognatorum.»

62 1264 143 1326 4504.
159 1265 283 1338 Quaerit.
296 1268 328 1326 4ο
338 1265 397 1340 dn,
408 1263 629 1346 quandoopero
638 1263 831 1327 satisfactoria
840 1262 925 1326 alteri
938 1281 989 1346 ap-

32 1347 173 1432 plicantur,
189 1353 281 1416 etiam
295 1353 411 1436 prosint
420 1353 447 1415 ei
462 1355 480 1416 0
493 1353 603 1434 quibus
617 1353 808 1416 offeruntur?

62 1441 144 1524 llesp.
160 1445 258 1525 Opera
278 1443 472 1506 satisfactoria
494 1442 551 1505 sub
571 1442 683 1524 duplici
698 1450 835 1524 respectu
849 1442 986 1505 conside·
1067 1443 1070 1452 '

33 1529 80 1590 rari
112 1549 218 1614 posse,
247 1531 385 1595 videlicet
413 1549 421 1593 τ
450 1538 600 1613 00010000
626 1531 821 1594 satisfactoria
852 1537 883 1593 et
916 1551 988 1613 qua·

30 1621 104 1682 trous
124 1621 190 1684 vitae
210 1627 332 1684 aeternae
350 1620 520 1696 meritoria;
542 1628 704 1702 utrumque
722 1621 804 1683 enim
818 1619 907 1682 simul
922 1639 988 1682 osse

30 1715 141 1786 possum
154 1728 265 1792 opera,
290 1714 321 1772 et
337 1708 532 1772 satisfactoria
550 1709 663 1772 etrite
680 1717 800 1771 aeternae
819 1709 986 1784 meritoria,

30 1793 120 1860 salam
138 1799 163 1862 si
181 1805 289 1882 agatur
302 1797 341 1862 de
363 1797 511 1881 suffragiis
533 1817 602 1879 quae
621 1798 744 1861 nomino
766 1798 908 1860 Ecclesiae
928 1817 989 1859 000

30 1882 95 1948 fiunt
109 1907 117 1948 t
132 1895 204 1952 sunt
223 1889 306 1950 enim
321 1887 472 1950 meritoria
490 1905 545 1950 seu
558 1885 649 1967 digna
663 1885 757 1968 gloria
779 1886 903 1964 coelesti,
919 1886 989 1968 quia

31 1982 90 2038 sunt
101 1975 176 2042 facta
189 1979 223 2042 in
235 1983 315 2042 statu
329 1977 450 2059 gratia,
466 1983 501 2040 ut
514 1975 605 2038 modo
619 1975 727 2038 dicturi
749 1993 855 2040 sumus
868 1978 986 2055 (4540);

31 2071 89 2126 sunt
101 2074 199 2130 autem
207 2066 412 2143 satisfactoria,
428 2065 608 2148 quiaomnia
619 2083 710 2149 opera
724 2065 989 2148 supernaturaliter

31 2149 177 2220 factasunt
190 2155 332 2241 poenalia,
352 2157 423 2220 sitia
435 2155 587 2219 refrenant
600 2162 628 2219 et
644 2162 780 2220 naturam
794 2153 984 2236 crucifigunt,

31 2257 82 2305 uno
102 2247 192 2310 aerbo
221 2253 352 2310 veterem
379 2245 534 2308 hominem
561 2245 744 2310 mortificant
766 2251 797 2310 et
817 2243 997 2308 destruunt·

31 2331 104 2404 (l'ide
117 2337 147 2398 S.
162 2337 287 2418 Lignor.
303 2334 354 2396 lib.
370 2338 389 2398 6
402 2381 410 2413 ,
426 2343 459 2396 n⁰
473 2337 556 2414 544.)

64 2427 146 2488 atos.
169 2427 226 2488 His
246 2443 318 2506 ergo
332 2425 501 2507 explicatis,
522 2424 721 2507 respondetur
735 2423 773 2486 ad
791 2422 990 2504 quaestionem

32 2515 222 2594 propositam,
250 2531 341 2596 opera
360 2513 553 2576 satisfactoria
566 2515 649 2576 alteri
663 2514 809 2596 applicata
824 2529 885 2574 000
903 2529 991 2592 posse

32 2609 166 2678 quatenus
178 2603 402 2686 satisfactoria,
417 2602 546 2685 ampliirs
559 2603 702 2685 prodesse
719 2599 881 2682 applicanti
896 2617 904 2660 τ
920 2617 991 2659 nam

33 2703 96 2767 opus
115 2692 232 2758 bonum
255 2712 317 2755 000
339 2692 430 2754 habet
448 2693 580 2754 valorem
603 2688 832 2754 satisfactorium
852 2686 907 2748 nisi
923 2684 992 2746 tini-

32 2782 85 2842 lum
105 2801 113 2843 :
134 2785 159 2846 si
173 2801 248 2865 ergo
263 2780 432 2846 secundino
446 2799 536 2844 suum
556 2781 688 2842 valorem
701 2777 786 2840 alteri
807 2774 991 2858 applicetur,

34 2865 94 2930 nihil
114 2871 278 2956 applicanti
304 2888 462 2952 superesse
492 2875 606 2952 potest;
635 2873 784 2949 quatenus
805 2864 876 2927 vcrd
902 2864 992 2926 meri-

33 2957 107 3038 toria,
122 2961 265 3044 prodesse
279 2959 459 3043 applicanti,
474 2965 503 3021 et
517 2960 555 3021 ed
565 2957 661 3039 magis
676 2955 828 3018 meritoris
842 2953 920 3017 fiunt
932 2972 992 3036 quo

32 3043 58 3104 in
70 3049 110 3111 eis
124 3051 220 3130 maior
229 3050 267 3113 sit
279 3048 409 3111 charitas
425 3066 433 3110 τ
449 3046 574 3110 subhac
587 3047 670 3108 enim
684 3053 822 3127 respectu
836 3041 920 3106 alteri
931 3061 993 3106 non

32 3143 93 3198 sunt
117 3139 325 3221 applicabilia,
354 3137 462 3201 saltem
485 3143 635 3218 quatenus
661 3134 699 3197 de
726 3133 878 3215 condigno
902 3132 992 3193 vitam

31 3229 164 3290 eternam
180 3237 344 3303 merentur,
360 3227 499 3309 quiavita
513 3232 624 3288 aetcrna
637 3223 725 3288 datur
739 3221 993 3303 unicuiquejuxta

33 3327 77 3375 sua
88 3318 207 3396 merita,
223 3317 391 3382 secundum
404 3317 494 3378 verba
511 3314 642 3397 Apostoli
661 3313 710 3392 (ad
731 3313 889 3388 Romanos,
905 3329 933 3373 c.
953 3316 992 3389 t,

32 3408 90 3486 06)
108 3425 116 3468 :
132 3405 262 3470 «reddet
271 3407 435 3488 unicuique
444 3405 596 3467 secundina
606 3422 691 3486 opera
698 3403 785 3483 ejus»
800 3409 850 3472 :et
860 3399 991 3478 inEpist.

33 3491 88 3556 lad
102 3497 169 3560 Cor.
184 3497 221 3576 (c.
237 3499 273 3576 3,
288 3516 317 3559 v.
333 3499 378 3570 dl:
399 3517 414 3553 0
432 3496 640 3576 unusquisque
651 3493 804 3574 proprium
825 3486 993 3550 mercedem

33 3602 44 3644 t
66 3583 223 3669 accipiet»
247 3603 256 3648 r
276 3583 357 3650 solus
375 3583 507 3646 Salvator
528 3581 661 3644 Christus
674 3586 777 3662 utpote
796 3574 912 3638 infinite
930 3588 993 3630 00-
