2474 3946
188 207 246 269 aaa
404 226 543 272 urrunnu
562 225 663 274 rorrus
683 227 764 273 aunis
785 223 933 272 cnnonrcr.

189 328 259 384 -20
272 323 302 385 Si
317 342 397 386 unus
407 323 741 405 allegetimpotentiam,
752 324 933 403 alterneget,
943 319 1149 401 daturbjudice

189 411 353 474 triennium
368 411 405 473 ad
415 413 651 493 experiendum:
667 413 717 475 ubi
733 420 802 473 noto
816 411 897 493 quod
913 411 962 473 illa
976 410 1150 492 experientia

187 499 278 561 debet
290 519 355 563 esse
369 503 513 563 continua
527 502 693 576 moraliter;
710 499 793 564 unde
808 519 869 562 non
884 499 1026 577 officeret,
1041 500 1065 562 si
1079 517 1151 562 unus

189 605 370 670 sponsorum
398 591 515 652 abesset
538 609 592 671 per
614 607 711 653 unum
732 593 786 652 aut
814 589 942 652 alterum
969 605 1102 650 mensem
1123 589 1152 648 in

189 693 281 740 antro.
301 710 340 724 -
362 678 441 741 Noto
464 679 575 760 pariter
595 679 676 760 qudd
692 697 753 740 non
776 681 794 740 a
816 677 866 740 die
883 677 1039 740 sententiae
1051 674 1153 756 judicis

190 764 322 845 incipere
335 765 427 829 debet
447 767 629 844 triennium,
646 763 795 847 quidquid
818 765 957 828 nonnulli
972 765 1092 840 dicant,
1106 763 1154 825 sed

190 854 289 916 verilis
313 857 329 916 b
357 861 493 936 tempore
519 856 635 936 copulae
658 855 828 917 intentatae:
852 853 1011 916 deducitur
1032 871 1070 916 ex
1092 870 1153 933 cap.

191 941 398 1019 laudabilem,
414 943 448 1004 de
462 943 651 1024 (rapiditate,
667 943 719 1005 ubi
732 942 842 1005 dcitur
854 942 873 1004 d
885 950 1012 1024 tempore
1024 940 1157 1006 celebrati

191 1029 324 1112 aonjupe'r'
333 1077 343 1110 ,
367 1030 449 1111 quod
464 1031 639 1111 intelligitur
659 1049 730 1092 oum
744 1029 872 1108 ellectu,
888 1029 918 1092 id
939 1036 984 1092 est
997 1031 1014 1092 b
1028 1036 1157 1111 tempore

192 1121 307 1200 oopulae
322 1119 483 1182 intentatae.
500 1121 539 1184 Ut
552 1129 652 1182 autem
662 1120 792 1182 solvatur
805 1117 1045 1197 matrimonium,
1061 1117 1158 1200 sponsi

192 1207 302 1270 debent
311 1208 414 1288 jurare
429 1209 459 1269 in
471 1208 585 1288 jubicio
601 1227 757 1291 nunquam
772 1209 913 1271 habuisse
924 1209 1085 1290 copulam,
1100 1214 1160 1270 esto

193 1297 305 1375 pluries
329 1297 559 1373 intentaverint,
584 1305 615 1358 et
629 1298 748 1358 illorum
762 1298 968 1360 testimonium
986 1296 1076 1359 debet
1089 1315 1159 1359 con·

193 1384 305 1446 tirmari
320 1383 537 1464 adepositione
550 1387 649 1465 iurata
664 1393 778 1467 septem
793 1385 1046 1467 propinquorum,
1063 1393 1113 1448 aut
1125 1383 1162 1446 ri·

193 1471 330 1534 ainornm
345 1472 432 1534 bonae
450 1473 537 1536 famae
551 1474 575 1535 si
590 1474 753 1556 propinqui
771 1474 926 1546 deessent,
940 1474 992 1555 qui
1012 1473 1163 1538 declarent

193 1559 223 1622 id
238 1559 417 1636 credidisse,
434 1561 479 1624 vel
495 1561 533 1624 ab
547 1561 590 1625 eis
604 1563 750 1624 audivisse
770 1580 777 1624 :
800 1563 825 1624 si
839 1560 942 1624 haberi
957 1569 1111 1644 nequeant
1124 1562 1161 1624 illi

193 1659 308 1731 septem
333 1649 495 1732 propinqui
517 1650 563 1713 nel
584 1651 697 1728 vicini,
722 1651 901 1733 relinquitur
922 1649 1047 1713 arbitrio
1058 1651 1164 1731 judicis

193 1737 355 1802 decernere
379 1737 454 1820 qnid
469 1739 508 1801 sit
522 1747 593 1802 tunc
607 1739 770 1821 agendum.
784 1772 825 1785 -
839 1740 869 1802 Si
883 1741 954 1802 verb
974 1740 1163 1822 mulierque

193 1835 329 1908 tempore
351 1828 535 1890 matrimonii
556 1837 619 1891 erat
632 1829 716 1910 virgo
738 1827 848 1910 alleget
860 1827 1071 1910 impotentiam
1089 1829 1163 1907 viri,

193 1916 364 1980 adhibenda
376 1923 422 1979 nst
436 1918 581 1998 inspectio
600 1917 787 1979 medicorum
802 1925 939 1999 respectu
961 1917 1037 1992 viri,
1061 1927 1090 1981 et
1104 1936 1164 1980 ma·

192 2009 351 2067 trnnnrum
381 2007 546 2088 peritarum
573 2011 710 2087 respectu
742 2004 886 2068 femine:
920 2007 960 2068 ita
983 2007 1164 2088 probabilius

194 2095 368 2156 Salmantio.
385 2099 416 2156 et
428 2094 477 2156 elii
491 2100 596 2156 contra
610 2095 762 2156 Pontium.
779 2097 856 2158 Casu
870 2102 970 2158 autem
985 2113 1048 2177 quo
1059 2097 1165 2159 mulier

162 2213 167 2224 =
194 2182 283 2245 fucrit
296 2189 454 2264 corrupta,
469 2183 494 2244 si
508 2185 552 2244 vir
565 2183 727 2245 contendat
740 2200 806 2244 eam
817 2186 834 2244 a
847 2202 880 2246 se
894 2182 984 2246 luisse
998 2193 1162 2266 cognitam,

194 2271 378 2334 credendum
400 2279 444 2333 est
466 2278 540 2334 tuno
558 2271 656 2352 potius
678 2273 742 2334 viro
755 2271 914 2333 affirmanti
937 2290 1165 2336 consummasse

90 2403 101 2409 -
193 2363 284 2441 qarbm
299 2361 417 2422 mulieri
435 2361 556 2440 neganti
572 2377 580 2421 ε
597 2361 637 2422 ita
650 2379 717 2442 cap.
735 2361 966 2435 continebatur,
986 2361 1022 2423 de
1035 2362 1163 2442 despicus.

193 2447 1164 2531 2'mpub.-3⁰Sidernumutraqueparsiateaturirnpedimentum,

192 2543 266 2600 tunc
286 2539 458 2618 juramento
481 2543 549 2618 post
562 2537 740 2599 triennalem
763 2537 977 2620 experientiam
1000 2549 1109 2602 exacto
1129 2539 1166 2601 ab

193 2635 320 2709 utroque
334 2627 474 2707 conjuge,
490 2633 520 2688 et
533 2624 665 2687 adhibita
678 2627 804 2708 septima
818 2645 909 2689 manu
922 2627 1166 2710 propinquorum

192 2735 229 2778 ex
240 2721 366 2797 utraque
380 2725 481 2798 parte,
497 2715 585 2776 idest
603 2713 850 2795 quatuordecim,
865 2715 989 2777 solvitur
1007 2718 1165 2780 matrimo-

193 2807 298 2884 nium,
321 2810 352 2867 et
363 2823 432 2888 pars
446 2821 553 2866 carens
567 2803 781 2884 impedimento
803 2802 840 2866 ad
861 2803 934 2866 alias
949 2806 1071 2886 nuptias
1086 2805 1165 2870 licltb

192 2894 349 2970 convolat,
364 2901 453 2973 prout
465 2892 556 2954 etiam
571 2900 698 2973 utraque
718 2910 803 2974 pars,
819 2892 844 2954 si
862 2893 1039 2974 impotentia
1053 2895 1093 2957 sit
1115 2913 1164 2957 so·

193 2979 257 3041 lirm
280 2982 442 3060 respectiva
465 2981 503 3042 ad
526 2999 559 3044 se
583 2981 721 3042 invicem.
740 2981 814 3043 Vide
836 2982 868 3043 S.
892 2981 1013 3060 liguor.
1037 2983 1104 3062 (lib.
1127 2987 1162 3062 6,

193 3079 227 3128 n⁰
242 3071 348 3146 ll03);
365 3069 480 3146 Bouix,
501 3071 545 3130 De
558 3069 702 3145 tudiciis,
716 3075 790 3130 tom.
807 3073 825 3131 b
840 3115 849 3146 ,
865 3087 895 3152 p.
912 3073 1064 3145 tectam
1080 3076 1163 3134 Ana·

194 3157 269 3217 lecto
277 3155 344 3237 jur.
356 3157 480 3238 pontif„
497 3161 548 3218 27⁶
562 3158 641 3235 livr.‚
656 3158 713 3221 ool.
728 3161 873 3236 eat-9303
889 3164 920 3221 et
939 3157 1016 3220 intra
1033 3159 1162 3223 dicenda

193 3247 393 3325 (obus-6095).
797 3259 802 3270 ·

231 3337 320 3396 libb.
343 3336 404 3397 Etsi
418 3351 472 3415 per
488 3333 636 3414 judicium
658 3335 892 3399 ecclesiasticum
911 3336 963 3399 uni
978 3354 1158 3419 sponsorum

192 3424 373 3502 permissum
395 3421 483 3486 suerit
502 3422 539 3485 ad
553 3423 625 3486 alias
646 3427 765 3506 nuptias
787 3424 984 3501 transvolare,
1008 3425 1033 3488 si
1056 3435 1158 3506 postea

191 3519 306 3574 constet
319 3519 449 3592 partem,
464 3529 533 3592 quae
548 3513 697 3592 impotens
707 3513 838 3592 judicata
852 3514 963 3592 luerat,
979 3531 1038 3576 non
1056 3517 1157 3577 reveni

190 3603 279 3663 talem
294 3617 370 3681 usse,
385 3599 422 3663 ad
436 3617 503 3663 eant
517 3599 614 3663 redire
627 3600 716 3664 debet
727 3603 840 3682 conjux
855 3604 904 3665 cui
918 3602 1099 3686 permissum
1114 3611 1157 3664 est
