2416 3954
183 193 240 254 teo
401 206 541 258 nanuum
558 203 664 262 mnus
680 206 765 260 tunm
783 207 931 257 canosum.

182 328 195 362 a
220 305 344 367 Constit.
361 303 397 366 In
409 303 574 384 cupream),
595 302 628 366 in
640 302 799 366 ecclesiam
812 301 971 368 Basilicam
983 305 1130 382 Minorem,

180 415 195 450 a
220 394 256 455 od
273 395 365 455 instar
376 391 570 454 Basilicarum
580 392 732 454 Minorum
740 393 983 456 Urbisnostrao...
995 395 1131 474 erigimus,

179 505 194 541 a
219 480 416 562 eidemque...
431 498 468 542 ac
481 481 641 542 cononicis
654 497 836 562 conopoeum
850 499 921 544 cum
935 483 1131 559 tintinnabulo,

179 595 193 629 a
218 571 256 632 ad
270 572 363 632 instar
376 569 553 632 eurumdem
574 567 770 630 Basilicarum
783 569 873 632 Urbis
893 579 1004 634 nosuae
1027 573 1056 634 in
1075 591 1132 654 pro-

178 683 192 718 »
217 657 578 740 cessionibuspuaeieme‚
603 675 723 719 necnon
742 657 885 721 omnibus
906 659 973 722 aliis
1000 679 1132 742 preroga·

177 775 192 808 i>
216 750 302 828 tinia,
317 749 480 830 privilegiis
492 795 501 825 ‚
513 746 650 825 juribus,
666 745 851 826 honoribus,
866 747 977 829 quibus
991 749 1056 811 alie
1070 751 1133 810 Basi-

177 861 191 896 »
217 838 302 917 linae,
316 855 482 918 eorumque
496 835 689 898 Canonici....
706 835 852 898 hactenus
865 837 959 918 gavisi
972 845 1062 916 sunt,
1082 837 1132 919 pari

177 951 192 986 o
217 927 308 989 modo
322 927 403 991 uti...
418 924 623 988 concedimus.
638 945 654 983 a

216 1019 251 1078 In
264 1015 471 1080 Declaratione
484 1016 555 1076 vend
574 1014 643 1075 data
660 1033 716 1096 pro
729 1014 887 1077 canonicis
900 1013 1037 1078 ecclesia
1053 1017 1133 1078 Luce

178 1107 269 1183 rinae,
294 1111 332 1168 27
355 1102 636 1186 aug.1uso,apud
656 1103 835 1182 Gardellini,
860 1113 894 1165 n⁰
911 1107 1015 1182 4632,
1040 1105 1134 1167 dicitur

179 1197 301 1260 nomine
345 1193 567 1275 privilegiorum
612 1191 803 1254 Basiliccmm
850 1191 1004 1255 Mincium
1047 1194 1133 1255 venire

181 1308 197 1344 ι
215 1301 417 1364 conopoeum,
433 1283 515 1343 omni
531 1288 633 1343 tannen
656 1281 720 1342 auri
742 1287 773 1343 et
790 1283 905 1362 argenti
928 1290 1039 1344 ornatu
1057 1282 1092 1344 ab
1103 1299 1132 1344 eo

175 1394 191 1431 a
215 1373 357 1447 excluso,
372 1369 610 1432 tintinnabulum
623 1377 653 1432 et
669 1389 760 1432 usum
772 1389 877 1452 cappae
890 1389 1021 1451 magnae.
1036 1392 1052 1430 a

214 1463 304 1521 4844.
320 1459 452 1521 Ecclesia
466 1465 567 1520 cutem
581 1458 618 1519 ad
633 1459 762 1540 gradum
777 1459 910 1521 Basilicas
924 1467 1043 1536 erecta,
1057 1460 1134 1541 privi-

175 1547 261 1630 legiis
272 1548 342 1610 huic
354 1547 441 1609 titulo
454 1549 580 1609 annexis
590 1565 651 1609 non
667 1547 776 1610 fruitur
788 1547 846 1610 nisi
859 1547 949 1610 fuerit
961 1556 1133 1611 consecrata.

177 1637 251 1700 Vide
269 1637 403 1701 Praetect.
415 1637 449 1700 S.
462 1636 612 1719 Salpini,
629 1646 662 1698 n⁰
677 1641 746 1698 528.

535 1935 682 2005 CAPUT
707 1935 804 2002 xlv.

454 2095 496 2143 on
518 2095 625 2144 nuans
647 2092 863 2144 adamanus.

213 2255 302 2316 4845.
327 2251 498 2314 Dicendum
521 2256 552 2313 1⁰
572 2250 610 2312 de
625 2251 848 2313 Beatificatione
867 2255 898 2312 et
913 2249 1140 2312 Canonizatione

175 2343 227 2404 SS.
241 2363 249 2418 ;
267 2347 299 2402 2⁰
312 2340 350 2402 de
363 2358 469 2402 eorum
484 2339 564 2402 iestis
577 2359 612 2402 cc
626 2341 715 2402 etiam
729 2339 767 2401 dc
777 2337 858 2401 iestis
870 2339 900 2401 in
915 2357 1045 2421 gencre3
1061 2341 1095 2401 3·
1107 2335 1139 2397 do

168 2425 308 2511 jeiuniis:
320 2465 359 2477 -
373 2429 454 2493 unde
466 2435 527 2492 tres
540 2436 630 2493 crunt
641 2431 758 2492 anticuli
773 2447 781 2490 :

598 2627 678 2691 ΛΒΤ.
703 2629 725 2693 1.

268 2777 305 2822 ou
319 2775 557 2822 unanimounons
571 2776 605 2820 sn
622 2773 851 2820 cunonlzumottss
865 2773 1050 2823 sannionum.

625 2935 680 3017 sl·

178 3071 219 3133 De
231 3070 413 3152 antiquitate
427 3071 664 3136 Cononizcta'cnis
677 3074 736 3137 SS.
752 3083 783 3138 et
802 3075 838 3138 de
850 3078 1030 3142 auctoritate
1038 3099 1079 3143 esc
1091 3073 1142 3160 qud

555 3172 611 3234 illo
623 3172 765 3254 procedit.

213 3336 369 3395 suta-1.
385 3335 482 3395 Etiam
496 3353 527 3394 m
538 3337 711 3414 primordiis
725 3337 878 3414 Ecclesiae,
894 3341 987 3400 sancti
999 3341 1145 3418 Martyres

175 3422 294 3501 speciali
308 3421 390 3483 cultu
404 3421 539 3482 honorati
555 3422 649 3502 tuere,
661 3431 695 3485 ut
708 3425 809 3488 multis
822 3433 957 3488 constat:
973 3429 1017 3488 sic
1030 3427 1065 3488 in
1078 3423 1146 3487 actia

177 3509 308 3588 anonymi
319 3509 350 3570 S.
361 3509 466 3588 Ignatii
480 3528 571 3590 prope
580 3512 684 3586 tinem,
695 3513 824 3595 legitur:
839 3515 1008 3577 «Sanctum
1021 3515 1146 3576 Beatum

177 3617 191 3656 o
213 3597 361 3675 diximus,
376 3595 518 3680 vobisque
531 3597 611 3660 diem
626 3607 656 3661 ct
669 3607 788 3682 tempus
803 3603 1017 3677 indicavimus,
1030 3611 1065 3664 ut
1079 3611 1148 3664 acm
