2498 3966
259 219 315 285 tot
477 235 615 287 ιιιιιιιιιιι
635 238 735 290 nonus
754 236 836 288 ιιιιιιι
856 236 1005 290 nonomen

258 336 289 406 S.
314 336 462 404 Ambrosii
483 361 491 402 r
512 365 526 400 ιι
540 339 727 403 Commendo
747 339 821 416 tibi,
841 339 903 418 on,
924 341 1039 423 inquit,
1060 341 1210 406 Ecclesium

258 451 272 486 n
297 447 365 511 qum
383 436 427 491 est
444 430 481 491 od
502 433 613 491 Forum
631 429 797 490 Cornelii...
818 427 904 490 donee
920 430 949 492 ei
966 429 1124 494 ordinetur
1136 433 1209 513 Epis·

259 543 274 579 ιι
297 539 426 600 copus.»
451 521 556 582 Postea
573 537 725 582 conoessae
747 517 832 580 lubre
852 517 882 579 in
905 523 1089 600 perpetuum
1107 520 1208 603 quando

258 611 331 672 tales
343 627 408 674 esse
422 627 512 671 causo
525 607 693 690 postulabat
708 627 715 668 ι
730 606 851 670 rostatis
864 607 948 670 enim
964 606 1101 670 hostium
1114 609 1208 690 impeti

258 699 479 762 cathedralibus
494 697 655 774 Ecclesiis,
670 694 810 776 expulsos
823 695 861 756 eb
880 694 917 756 iis
938 695 1112 775 Antistites,
1127 699 1208 760 Ponti·

258 789 327 850 lices
346 789 474 851 Romani
488 787 554 849 aliis
567 785 707 848 Ecclesiis
724 781 948 846 cathedralibus
966 783 1143 848 vacantibus
1155 805 1208 866 pn»

258 878 412 954 dolebunt,
426 877 472 940 rel
488 878 560 958 ipsis
575 873 714 936 Abbatius
728 873 873 954 perpetud
889 871 1147 936 commendabant
1162 875 1207 934 :sir

256 967 287 1029 S
312 967 472 1048 Gregorius
494 967 623 1046 Magnus
644 961 806 1043 Agnellum
823 959 1002 1024 liundorum
1025 963 1206 1043 Episcopum,

256 1055 406 1118 destructi
420 1055 458 1117 ab
465 1051 703 1133 hostibusrpsrus
712 1049 841 1125 civitate
851 1049 1078 1112 Terracinensis
1089 1051 1206 1113 Ecclesia·

256 1143 440 1226 Episcopum
460 1141 633 1206 constituit:
658 1141 777 1200 ultaut
787 1137 1029 1218 ,inquittEpist
1049 1141 1101 1215 t3,
1115 1138 1205 1200 libii.

257 1253 272 1290 ι
297 1233 463 1296 Fundensis
485 1229 626 1294 Ecclesiae
646 1228 814 1308 Episcopus
837 1243 903 1288 esse
923 1244 985 1287 non
1008 1184 1146 1300 desinas,
1168 1245 1206 1288 un·

257 1343 272 1381 ι
296 1341 400 1383 curam
411 1319 720 1403 gubernationemque
729 1333 795 1393 ejus
805 1323 973 1396 praeleress
985 1336 1000 1372 ι
1015 1314 1103 1376 Idem
1115 1315 1234 1376 loetum

257 1409 310 1472 luit
324 1429 395 1470 oum
405 1409 470 1470 eliis
483 1427 519 1470 ex
531 1410 620 1469 coust
630 1403 712 1486 qudd
726 1403 826 1466 clerici
841 1421 903 1464 non
917 1403 1071 1465 habebunt
1081 1405 1234 1492 quentin
1233 1395 1234 1454 l

257 1499 300 1558 eis
317 1505 395 1560 esset
417 1497 632 1559 necessarium.
656 1491 732 1553 Vide
750 1497 947 1554 monumenta
967 1493 986 1554 b
1008 1493 1113 1555 Derim
1136 1492 1234 1606 reno

257 1586 319 1665 (lib.
336 1590 366 1664 3,
378 1587 424 1648 tit
442 1589 479 1648 tt
483 1585 592 1665 iffi)
1233 1627 1234 1630 ¹

297 1674 545 1739 tressortem
560 1671 657 1734 causis
671 1689 743 1752 orgo
758 1667 951 1732 Commendae
964 1669 1108 1733 institute
1120 1670 1208 1743 lucrm

257 1767 361 1828 verbm
374 1765 405 1828 in
420 1763 547 1826 abusum
554 1766 706 1823 verterunt
718 1759 790 1821 clun
798 1759 864 1820 laici
879 1757 1162 1822 boncocclesisstice
1173 1761 1209 1819 iu·

257 1855 364 1917 rudere
382 1858 537 1934 oeperunt
559 1869 567 1912 ι
591 1855 663 1911 tuno
685 1848 767 1910 enim
789 1848 980 1929 potissimirm
1006 1847 1154 1929 principes
1171 1847 1210 1908 illa

257 1944 401 2004 militibus
415 1941 476 2004 suis
494 1936 746 2002 commendabant
764 1941 798 1998 ut
814 1953 887 2017 opes
900 1935 1048 1998 heberent
1066 1935 1104 1998 sd
1117 1953 1210 2018 geren·

257 2033 330 2093 dum
345 2031 456 2093 bellum
472 2049 480 2090 :
496 2031 539 2090 sio
555 2029 643 2108 Hugo
656 2027 783 2107 Magnus
799 2025 933 2088 Eronoiae
944 2026 1012 2088 Dux
1027 2025 1125 2108 Capeti
1137 2029 1208 2086 Pater

257 2121 342 2199 pluro
363 2117 544 2182 monasteria
568 2117 600 2178 iu
622 2113 835 2178 commendam
854 2112 1045 2195 possidebat,
1079 2113 1152 2176 unde
1172 2113 1205 2173 illi

257 2227 367 2268 nomen
382 2207 516 2269 Albulis.
533 2209 641 2269 Contra
654 2203 826 2284 hujusmodi
838 2203 950 2266 abusus
964 2203 1205 2266 conclamaverunt

256 2295 387 2356 Concilio
400 2304 430 2356 et
448 2295 596 2375 imprimis
610 2293 736 2355 Romani
751 2291 929 2370 Pontitloes,
945 2292 1001 2373 qui
1015 2291 1126 2355 tandem
1140 2290 1200 2352 obti-

256 2389 387 2446 nuerunt
399 2389 432 2446 ut
442 2383 561 2444 nonnisi
575 2382 702 2456 clericis,
717 2386 748 2444 et
760 2381 858 2443 solbm
871 2379 996 2462 quando
1010 2399 1104 2463 grsrm
1114 2397 1201 2462 poste

256 2472 325 2534 bunt
338 2491 447 2550 ouusae,
462 2470 608 2533 beneficia
621 2470 818 2532 ecclesiastico
828 2469 1098 2534 committerentur.

295 2566 384 2624 5454.
399 2558 593 2626 Commendet
612 2577 702 2642 neque
717 2557 837 2619 loudorr'
849 2575 939 2638 neque
953 2558 1118 2640 improbari
1130 2577 1209 2642 gene·

255 2651 342 2712 ratim
362 2657 507 2732 possunt,
526 2649 566 2710 uit
583 2645 740 2727 Rigentius
759 2645 839 2728 opud
861 2647 965 2711 Devoti
990 2647 1091 2724 (ibid,
1113 2650 1208 2730 §Etim
1232 2671 1233 2724 ι

255 2741 351 2802 noxiae
370 2739 451 2802 enim
470 2755 535 2799 esse
554 2743 690 2818 possunt.
713 2735 830 2796 Etenim
847 2753 909 2796 uon
929 2741 974 2796 est
986 2733 1109 2799 difficile
1122 2737 1212 2800 intelli

254 2848 325 2908 gere
341 2827 463 2912 qudd
441 2845 465 2889 si
483 2825 663 2888 monasteria
676 2823 869 2886 secularibus
890 2823 980 2884 etium
994 2824 1134 2906 clericis,
1146 2847 1211 2890 com

254 2917 451 2994 mendentur,
464 2917 482 2978 b
499 2913 645 2993 regimine
659 2930 783 2975 suorum
801 2911 993 2973 Praelatorum
1007 2877 1211 2980 subtrah'unnr

254 3011 283 3064 et
298 3005 366 3067 inde
381 3023 460 3086 saepe
474 3000 717 3103 pessumdabitur
732 2999 905 3082 disciplinu;
922 3001 1011 3077 item,
1028 3007 1212 3068 commend-r-

254 3093 329 3154 tario
342 3095 434 3172 quim
448 3091 611 3152 maximam
625 3089 734 3171 poterit
747 3089 896 3150 bonorum
911 3096 1026 3169 purtem
1041 3091 1100 3152 sibi
1114 3094 1211 3156 adscri-

255 3179 359 3256 bente,
385 3197 458 3241 curo
481 3178 717 3258 monachorum,
732 3177 946 3254 aedilioiorum,
965 3177 1118 3256 ecolesiae,
1134 3181 1210 3244 dirioi

254 3267 375 3343 cultus,
397 3275 469 3346 eto,
491 3268 627 3349 neglectu
651 3267 707 3329 erit
722 3265 807 3347 quasi
827 3264 1017 3344 necessario,
1035 3274 1067 3328 et
1088 3269 1160 3332 inde
1181 3273 1210 3332 iu

254 3356 407 3416 minuetur
415 3357 600 3435 regularium
611 3373 755 3419 numcms
768 3355 840 3417 utin
850 3353 1040 3416 solitudinem
1049 3357 1210 3439 redigantur

255 3442 387 3522 ipsaemet
398 3441 506 3506 domus
516 3445 674 3526 quaepriirs
684 3443 789 3523 nteriori
800 3441 1154 3508 lamtolnresoebantEx
1166 3450 1209 3509 slrl

254 3536 336 3608 purte
353 3531 425 3591 utile
443 3548 507 3590 esse
528 3539 626 3611 potest
646 3534 780 3614 ipsismet
797 3531 985 3594 monasteriis
1007 3533 1210 3616 utaliquando
1231 3589 1232 3594 ,

254 3619 503 3678 commendentur
516 3619 586 3678 viris
600 3620 787 3700 potentibus,
805 3619 960 3702 Episcopis
973 3637 1084 3702 nempe
1094 3634 1147 3686 uut
1159 3626 1209 3686 dn
1231 3625 1232 3706 ,
