2420 3968
191 165 249 232 cao
410 176 549 228 uauuua
569 175 670 228 tanus
688 174 772 227 runis
792 175 939 228 uncum.

192 298 207 336 a
232 274 426 359 crispatisque
438 271 671 354 jaculationibus
683 272 1012 356 vacum...prabeant‚
1023 277 1161 339 aeterum

192 390 208 428 a
231 365 403 448 opprimant
424 361 630 444 sepeliantque
655 363 841 424 cantantium
863 381 969 426 vacem
998 383 1163 445 sonumque

193 479 208 517 a
232 455 413 530 verborum,
428 451 615 514 frustraneus
631 457 674 512 est
695 456 727 512 et
741 451 855 514 inutilis
868 451 1047 534 hujusmodi
1065 455 1163 516 instru-

194 568 210 606 »
234 549 407 606 mentorum
425 559 517 617 usus,
533 539 595 602 irad
615 540 821 621 vctitusatque
834 541 1059 605 interdictus.»

236 653 327 711 5118.
343 644 479 710 Consulit
489 652 590 709 autem
599 643 736 706 Pontifex
747 645 792 722 (n⁰
807 647 1163 731 iltutpraeterorgamn

196 757 257 800 uon
273 735 354 800 aliud
365 736 553 818 permittatur
567 734 801 796 instrumentum
816 737 907 815 qu'am
922 733 1072 814 barbiton,
1085 747 1165 798 tetra

196 826 333 902 chordon,
351 825 493 908 fidicula,
517 823 586 905 lyra
608 821 800 884 tetrachordis
815 823 908 905 :quia
927 823 993 887 lroec
1010 825 1163 888 insaniant

197 916 237 978 ad
246 913 473 978 corroborandas
486 911 722 994 sustineadasque
734 913 918 974 cantantium
929 933 1021 976 uacca
1030 917 1163 978 Velantur

197 1007 268 1069 verb
290 1014 447 1087 tympana,
465 1022 573 1064 cornua
587 1001 757 1079 uenatoria,
778 1001 870 1078 tuta,
896 1003 982 1066 titia
994 1003 1160 1072 mana.

198 1094 324 1176 fistulae,
339 1092 448 1175 fistula
456 1110 579 1174 parua,
591 1089 738 1172 psalteria
750 1090 958 1172 symphonica,
974 1093 1087 1169 chelea,
1102 1094 1162 1154 alia-

198 1204 254 1267 que
263 1183 460 1264 r'dpenuaquoe
467 1181 603 1243 musicam
616 1179 787 1242 theatralem
797 1179 945 1263 efficiunt.
957 1183 1065 1245 Romae
1075 1193 1162 1246 eutem

199 1273 332 1334 adhiberi
371 1276 527 1352 nequeunt
562 1271 761 1332 instrumenta
795 1271 911 1333 musica
946 1271 1015 1333 sinc
1056 1273 1161 1354 speciali

199 1361 327 1423 licentit.
344 1360 419 1422 Vide
434 1361 575 1422 Edictum
590 1359 709 1422 Cardin.
725 1359 836 1422 Vicarii
848 1363 886 1422 16
900 1379 973 1441 aug.
991 1363 1082 1433 1812,
1096 1361 1162 1444 apud

200 1449 361 1525 Analecta,
377 1454 408 1510 'l‘
423 1449 502 1528 liun,
518 1449 576 1511 col.
595 1453 683 1513 1301.

239 1561 328 1621 5119.
351 1559 456 1631 Quoad
471 1557 666 1642 symphonias
689 1558 802 1622 Bened.
826 1561 905 1639 XIV,
921 1560 997 1624 dicit
1009 1561 1163 1646 iilasposse

202 1648 326 1710 tolerari
346 1649 397 1710 ubi
410 1670 509 1712 aarum
524 1669 591 1710 usus
598 1649 667 1730 jam
681 1658 811 1731 receptus
830 1658 889 1728 eat,
908 1650 1066 1714 dummodo
1077 1671 1164 1736 praua

201 1739 262 1799 sint
283 1746 312 1801 et
333 1757 434 1802 aarum
455 1739 669 1814 diuturnitate,
696 1738 816 1800 toedr'urn
838 1759 893 1800 non
913 1739 1045 1822 afferunt
1068 1743 1104 1804 r'r's
1122 1743 1164 1824 qui

202 1828 317 1890 adsunt.
340 1831 397 1891 Per
417 1827 628 1910 symphoniam
655 1831 756 1890 autem
783 1827 962 1910 intelligitur
987 1849 1064 1894 usus
1086 1833 1164 1894 inter

203 1917 349 1980 miscendi
363 1915 582 1981 divinisofficiis
594 1935 704 1980 sonum
714 1935 899 1999 organorum
914 1919 982 1982 sine
997 1921 1063 1984 ullo
1076 1931 1164 1986 cantu.

242 2025 329 2084 5180.
347 2021 409 2083 Etsi
424 2021 590 2102 generatim
603 2021 718 2084 musica
733 2039 794 2084 nan
809 2024 846 2084 sit
860 2023 1030 2105 prohibita,
1047 2033 1162 2090 attamen

203 2110 383 2172 monialibus
397 2113 485 2172 vetita
499 2111 553 2173 luit
568 2113 585 2173 t
599 2109 737 2193 pluribus
752 2111 948 2176 Pontificibus
962 2123 993 2177 ct
1007 2121 1159 2198 expressit

203 2199 356 2262 Clemente
366 2201 445 2277 VllI,
459 2201 570 2280 lliulii
585 2203 677 2276 1599,
688 2219 742 2282 per
756 2203 915 2265 Decretum
930 2203 1040 2286 inquo
1055 2207 1154 2269 duim:

208 2310 223 2345 a
243 2288 422 2350 Monialibus
437 2296 467 2351 et
485 2307 590 2352 earum
617 2289 750 2352 caelenis
777 2309 839 2352 non
853 2291 1050 2373 permittatur
1075 2303 1156 2358 cautus

204 2399 219 2436 n
244 2376 409 2458 figuratus,
433 2378 486 2441 sed
509 2380 626 2442 tantum
650 2377 777 2457 firmus,
800 2397 836 2442 aa
858 2388 1005 2462 praeterea
1029 2387 1161 2448 etiamen

205 2491 219 2527 n
244 2487 347 2532 earum
362 2468 566 2546 monasteriis,
580 2470 780 2531 instrumenta
798 2471 913 2532 musica
927 2475 1075 2554 (exceptis
1090 2491 1162 2556 orga-

205 2580 220 2618 n
245 2559 309 2637 nis,
325 2559 437 2640 quaein
453 2557 591 2619 exteriori
605 2557 731 2620 ecolesit
748 2559 975 2642 permittuntur)
989 2561 1136 2626 tollantur.
1149 2587 1160 2620 ι

205 2651 287 2711 Datae
298 2646 421 2730 quidem
435 2646 518 2710 luere
528 2653 630 2728 postea
639 2647 826 2710 monasteriis
834 2650 937 2710 Romae
945 2649 1038 2713 variae
1052 2653 1163 2716 licentia

206 2740 283 2800 hSS.
294 2735 501 2813 Pontificibus,
518 2734 571 2798 sed
584 2753 692 2798 amnes
705 2736 764 2798 illae
773 2736 898 2799 damiam
908 2737 992 2802 luere
1002 2745 1162 2805 reuocatui

206 2827 358 2891 Clemente
366 2827 416 2906 xi,
426 2824 592 2888 ldeoemb.
606 2824 870 2906 {diaphoniae-ta,
880 2826 1163 2906 'l'lirr.,ool.13th.t

244 2937 308 2996 lmd
322 2951 384 2996 non
398 2932 571 2996 conceditur
585 2932 667 3015 qudd
680 2931 828 2996 moniales
840 2933 983 3015 possint&
993 2935 1065 2998 viris
1075 2936 1160 3000 doceri

206 3029 328 3085 cantum
342 3039 397 3082 seu
410 3023 575 3101 musicam,
590 3021 775 3101 velsonum,
787 3039 888 3104 neque
901 3021 1063 3102 adoratas,
1077 3045 1162 3108 neque

206 3112 243 3173 ad
258 3115 375 3192 portus,
391 3111 448 3172 nisi
473 3111 556 3175 brari
575 3117 712 3194 tempore
731 3129 787 3194 pro
806 3115 899 3174 cautu
921 3113 1113 3194 Gregoriano.
1127 3119 1161 3177 lta

207 3199 318 3280 pluries
331 3199 493 3262 decisumb
507 3203 538 3264 S.
554 3201 664 3282 llongr.
680 3202 779 3282 Episa.
797 3207 827 3263 et
840 3201 962 3284 Regul„
977 3219 1027 3286 ap.
1043 3204 1161 3267 Ferraria

206 3291 247 3364 (ir
261 3286 429 3364 Maricam
444 3289 483 3368 9).
500 3289 575 3352 Vide
588 3291 679 3352 etiam
693 3289 837 3352 Analecta
851 3290 932 3372 (ia).

250 3413 265 3449 a
284 3391 446 3454 Occasione
456 3397 579 3460 musiaae
588 3397 670 3459 nulla
683 3397 824 3460 monialis
832 3396 924 3460 eximi
932 3404 1029 3481 potest
1042 3400 1159 3476 acham,

207 3499 222 3537 o
245 3478 290 3540 vel
310 3477 349 3540 ab
365 3481 508 3543 oneribus
521 3485 694 3548 monasterii
712 3485 926 3550 communibus
939 3488 997 3550 sub
1010 3493 1095 3572 poenl
1109 3493 1159 3572 pri-

207 3585 222 3622 a
246 3565 372 3626 rationis
389 3567 446 3628 veti
458 3610 467 3646 ,
481 3571 623 3652 vocisque
636 3573 738 3637 activa
749 3581 780 3638 et
793 3576 917 3656 passiva
928 3581 958 3638 ct
971 3577 1036 3642 aliia
1051 3578 1159 3643 arbitria
