2416 3954
371 219 457 266 aaran
479 219 633 268 44444444.
932 205 990 268 3443

45 319 142 396 turum,
155 323 183 382 et
196 339 255 382 non
270 325 370 404 posset
381 321 464 383 vitari
479 321 606 383 redditio
619 319 710 386 debili
722 323 901 406 coniugalis,
919 328 992 385 tunc

48 411 113 468 stare
125 410 225 490 poterit
237 409 541 473 secundaescntantiae
555 412 675 490 neganti
687 415 893 476 necessitatem
908 430 993 474 reno

44 493 151 558 rationis
168 502 329 562 consensus
350 518 389 563 aa
410 505 494 582 parte
513 500 719 581 impedimenti
741 503 851 578 inscia,
867 503 938 584 quia
962 501 992 563 in

46 587 112 645 44444
126 589 292 652 necessitate
306 589 425 652 licatuli
441 589 586 651 sententia
600 588 743 652 duntaxat
757 591 920 673 probabili,
932 592 994 654 imd

45 677 70 732 ct
82 676 198 740 44444444
215 678 360 760 probabili
380 697 502 760 :neque
515 679 614 741 obstat
631 679 763 742 clausula
777 681 993 744 certiorationis

46 779 101 840 quaa
113 769 266 848 apponitur
279 769 297 830 a
311 770 343 831 S.
359 767 593 846 Poenitentiaria,
608 768 679 850 qrria
694 769 724 830 in
738 768 795 831 hoc
809 787 879 831 casu
894 789 995 833 neces-

45 849 136 931 sitatis,
149 864 286 920 canselur
299 857 331 920 S.
348 855 440 920 Sedes
455 857 588 920 relaxare
602 857 757 938 praelatam
771 857 992 936 conditionem,

45 941 208 1018 providendo
230 945 348 1009 meliori
363 945 531 1027 modoque
552 952 649 1028 polest
660 946 742 1010 bono
757 947 938 1010 animarum.
953 949 996 1009 lta

45 1029 69 1090 S.
83 1030 193 1113 liguor.
209 1054 248 1099 ex
262 1035 375 1099 Bened.
391 1037 456 1098 XIV
471 1035 537 1112 (lib.
553 1041 592 1114 6,
608 1038 643 1097 n⁰
659 1033 757 1116 l'll'l).

76 1123 155 1185 4445.
177 1125 299 1198 Quaerit.
323 1127 371 1186 dn
392 1124 524 1188 indicto
547 1144 619 1188 casu
638 1125 831 1189 inhabilitatis
851 1124 996 1208 partium,

46 1226 193 1276 consensus
206 1214 243 1277 sit
256 1214 447 1277 renovandus
462 1215 492 1276 in
508 1214 667 1296 prasentia
678 1215 799 1297 parochi
815 1221 844 1277 et
857 1215 999 1277 testium?

77 1300 157 1382 llesp.
172 1303 226 1366 Vel
241 1303 494 1386 impedimentum
509 1309 554 1366 est
567 1303 742 1384 publicum,
760 1305 806 1368 vel
820 1304 972 1366 occultum
987 1320 997 1364 2

45 1385 69 1447 in
82 1392 171 1469 primo
184 1411 273 1465 casu,
290 1391 479 1454 renovandus
492 1400 536 1454 est
550 1411 715 1456 consensus
729 1395 760 1456 in
771 1393 892 1477 parochi
906 1400 936 1455 et
945 1401 1000 1455 444-

44 1477 282 1562 tiumpraasentia,
297 1482 368 1564 quia
380 1482 556 1564 sicexigunt
569 1501 689 1565 semper
704 1483 846 1564 rescripta
856 1482 997 1558 Datariae;

45 1563 222 1634 insecundo
251 1590 347 1647 casu,
377 1571 408 1632 in
435 1571 612 1633 eorumdem
644 1573 803 1655 praesentia
835 1589 1000 1633 consensus

45 1673 95 1718 non
102 1665 144 1721 est
152 1655 342 1724 renovandus
355 1679 362 1720 :
374 1661 415 1722 444
424 1661 631 1723 communiset
645 1661 827 1742 probabilior
836 1659 999 1734 sententia;

44 1745 134 1828 sicque
147 1751 248 1813 statuit
261 1756 351 1831 atqua
364 1749 396 1810 in
414 1749 497 1832 praxi
511 1757 682 1812 constanter
697 1750 793 1812 lenuit
807 1752 837 1812 S.
855 1749 1002 1810 Paeniten-

43 1834 126 1914 liaria,
140 1857 175 1901 ex
189 1839 314 1902 oraculo
328 1840 360 1901 S.
377 1839 421 1900 Pii
432 1841 467 1901 V.
484 1871 522 1885 -
537 1839 648 1900 4444444
663 1838 776 1901 Concil.
792 1838 926 1900 Trident.
943 1838 1003 1900 exi-

45 1923 79 2002 git
97 1930 283 2007 praesentiam
296 1927 419 2010 parochi
437 1947 444 1988 :
460 1927 513 1989 sed
535 1928 606 1989 chm
626 1945 693 1990 eam
713 1929 811 2010 exigat
828 1929 945 1990 tantum
964 1926 1001 1989 ad

44 2015 216 2093 probandam
239 2023 395 2082 externam
420 2017 625 2098 apparentiam
656 2017 859 2090 matrimonii,
894 2018 1002 2080 sufficit

45 2106 116 2183 qudd
138 2109 230 2172 semel
253 2106 404 2170 adfuerint
423 2105 571 2187 parochus
593 2111 622 2169 et
640 2111 740 2185 testes,
756 2113 785 2170 et
803 2125 865 2170 non
887 2112 1002 2170 constet

45 2196 258 2261 matrimonium
283 2195 374 2259 luisse
395 2195 515 2258 nulliter
534 2204 736 2274 contractum,
756 2197 836 2278 quod
856 2196 1004 2277 contingit

42 2286 154 2362 'quando
173 2284 426 2368 impedimentum
440 2291 485 2347 est
497 2285 660 2349 occultum.
676 2321 716 2333 -
734 2289 797 2349 Nec
809 2286 908 2349 obstat
923 2284 1002 2348 aliud

46 2375 188 2440 oraculum
202 2374 367 2440 Clementis
381 2375 466 2452 Vlll,
481 2375 552 2456 quia
571 2375 638 2437 licet
651 2376 682 2437 in
697 2375 755 2438 hoc
769 2376 892 2437 oraculo
905 2392 1001 2454 agere-

47 2466 87 2522 tur
105 2465 193 2528 44444
214 2465 255 2527 de
277 2461 495 2545 impedimento
517 2465 655 2542 occulto,
678 2463 709 2524 in
731 2481 768 2524 eo
790 2470 890 2524 tamen
905 2463 1005 2523 aderat

49 2550 673 2634 periculumdivulgationlsautdeductionis
683 2551 825 2613 adlorum
835 2556 1005 2628 externum,

48 2643 179 2708 utvidere
192 2652 240 2708 cst
253 2663 302 2725 ap.
318 2643 349 2706 S.
365 2642 501 2724 Liguor„
518 2641 570 2703 lib.
587 2645 625 2718 6,
643 2643 778 2702 mllio.

80 2737 164 2798 4446.
177 2733 238 2798 Sed
252 2731 336 2815 quid,
348 2733 373 2795 si
386 2739 522 2812 tempore
536 2731 602 2792 initi
612 2727 807 2805 matrimonii,
818 2726 965 2808 parochus
979 2731 1009 2788 et

47 2825 126 2886 testes
138 2831 226 2888 erant
239 2822 352 2886 conscii
365 2820 598 2903 impedimenti?
612 2821 720 2880 Nonne
733 2817 769 2878 ad
785 2814 1008 2878 revalidandum

49 2917 111 2976 lunc
124 2912 352 2978 matrimonium
367 2911 570 2993 requireretur
589 2915 623 2972 ut
636 2906 735 2970 adsint
747 2907 848 2970 denud
862 2906 1009 2990 parochus

49 3005 187 3070 ellestes?

83 3094 168 3176 llesp.
185 3092 344 3156 Affirmare
357 3089 554 3154 Sanchezium
569 3107 639 3152 cum
653 3087 735 3168 aliis,
751 3089 823 3174 quia
835 3095 908 3152 tunc
921 3107 1009 3170 paro-

49 3179 115 3244 cbus
128 3191 158 3246 et
177 3190 271 3247 testes
284 3201 346 3246 non
360 3179 468 3243 valoris
481 3179 532 3242 sed
547 3179 647 3262 potilrs
668 3178 811 3241 nullitalis
829 3177 1011 3239 matrimonii

50 3277 130 3334 testes
142 3272 288 3336 luerunt:
304 3279 333 3336 et
346 3271 414 3344 hoo,
428 3271 512 3350 Juxta
526 3271 614 3335 Croix
627 3275 656 3332 et
665 3269 749 3342 alios,
765 3267 880 3330 etiamsi
894 3270 1011 3329 tanthm

49 3377 122 3424 unus
134 3382 171 3426 ex
184 3363 259 3446 ipsis
272 3362 397 3424 testibus
417 3359 667 3441 impedimentum
689 3357 817 3432 noverit;
834 3375 945 3435 negare
967 3364 1011 3419 ta-

50 3467 115 3513 men
128 3451 264 3515 Goninoh
274 3464 303 3514 et
316 3451 390 3512 alios
399 3448 514 3531 plures,
526 3449 597 3529 quia
611 3447 775 3510 assistentia
784 3446 904 3528 parochi
919 3452 949 3506 et
958 3451 1013 3504 tes-

51 3540 120 3604 tium
142 3542 317 3625 praescripla
338 3539 394 3602 luit
417 3541 436 3600 a
457 3537 591 3601 Trident.
617 3556 679 3599 non
701 3543 763 3598 tam
786 3534 824 3598 ad
846 3529 1012 3594 testandam

51 3629 228 3696 validitatem
247 3627 447 3708 matrimonii,
467 3645 536 3710 quae
556 3625 760 3708 multipliciter
776 3623 820 3684 eis
839 3623 1012 3701 potestesse
