2462 3972
203 169 260 233 lot
421 183 559 232 uruntur
579 183 682 232 sortus
701 183 784 231 runis
805 181 954 232 crnomcc

203 303 218 342 ι
242 280 386 344 trahatur.
403 282 530 354 Quando
551 282 697 363 igiturex
719 279 941 344 beneficiorum
954 297 1173 363 quommomn-
1219 281 1220 362 ]

204 393 218 430 n
243 389 303 452 que
314 370 465 433 erectione
478 389 533 433 seu
545 365 740 447 fundatioris,
756 373 809 431 aut
822 367 887 430 aliis
900 369 1172 446 constitutionibus,
1219 425 1220 432 ,

205 481 221 518 ι
243 458 398 540 qualitates
411 458 520 540 aliquae
534 459 747 540 requiruntur,
762 475 818 520 seu
831 463 911 520 certo
926 455 992 519 illie
1004 476 1103 521 onera
1112 467 1173 522 sunt
1219 485 1220 544 r

204 569 223 636 n·
244 548 413 626 injuncta...
438 547 475 609 iis
495 565 557 610 non
575 545 787 628 derogetur....
811 551 842 610 et
860 544 1038 610 aliterfacta
1052 548 1171 628 prorius
1219 573 1220 628 y

205 657 220 696 ι
244 636 419 715 subreptitia
432 643 602 698 censeatur.
617 658 633 696 a
1219 631 1220 698 l

244 728 333 788 5366.
348 725 413 788 lmd
429 743 528 805 neque
548 723 689 788 fundator
701 725 793 787 etiam
814 723 853 786 de
871 741 1026 788 consensu
1040 723 1169 808 Episcopi

205 821 302 896 potest
315 813 503 876 conditiones
517 814 534 876 3
549 832 582 876 se
595 813 746 896 appositas
760 813 793 874 in
805 811 983 876 fundatione
997 819 1030 876 et
1041 813 1083 876 ab
1095 815 1168 878 Oedi

206 901 291 964 nario
303 907 488 984 receptatus,
504 907 640 980 mutare,
661 901 687 964 si
700 900 770 964 talis
783 901 909 964 mutatio
923 907 1004 964 esset
1020 901 1056 964 in
1073 904 1174 984 preju-

205 989 318 1054 dicium
331 989 473 1053 Ecclesiae
486 989 532 1051 vel
545 989 643 1062 tertii,
669 990 742 1072 quia
767 989 981 1053 ‘tridentinum
1001 996 1033 1052 et
1052 990 1174 1054 dertare

207 1079 304 1142 tiones
315 1081 346 1143 S.
363 1081 471 1160 Congr.
489 1097 550 1140 non
564 1077 753 1160 distinguunt
762 1079 840 1141 inter
849 1085 1011 1160 patronum
1032 1078 1174 1142 virentem

207 1173 238 1230 et
250 1177 413 1232 mortuum.
428 1167 502 1230 Vide
516 1167 649 1230 Ferraris
661 1170 704 1247 (v⁰
716 1167 909 1250 Beneficium,
921 1175 978 1229 art.
989 1169 1034 1244 2),
1052 1175 1083 1230 et
1095 1169 1172 1232 Cerri.

209 1259 309 1340 Soglia
319 1258 402 1336 (inst.
413 1256 481 1338 jur.
492 1255 591 1339 priv„
606 1256 697 1337 §84,
713 1257 746 1318 r'n
763 1256 843 1338 fine).

248 1351 336 1409 5367.
364 1346 421 1408 all
442 1350 515 1427 peut
534 1345 646 1407 accirer
676 1345 863 1426 cependant‚
885 1345 984 1427 inquit
1011 1349 1078 1411 DD.
1103 1349 1175 1411 Affre

207 1458 222 1494 n
246 1434 344 1515 (Adm.
362 1443 498 1516 tempor„
520 1437 553 1496 l·
576 1432 666 1512 edit,
681 1453 710 1516 p
728 1437 796 1514 53),
818 1451 879 1516 que
900 1433 970 1498 telle
993 1437 1174 1514 commodis,

208 1546 221 1581 a
247 1543 300 1603 par
314 1523 469 1604 exemple‚
485 1521 625 1585 autrefois
639 1540 709 1584 sans
728 1523 962 1602 inconvenient,
978 1525 1112 1606 paraisse
1124 1546 1174 1590 nu-

208 1634 222 1670 o
244 1611 395 1691 jour-diui
417 1611 543 1674 ridicule
563 1629 604 1674 ou
622 1611 696 1674 offre
716 1612 926 1693 quelqu'autre
946 1613 1174 1678 ineonre'nient:

209 1723 223 1758 n
247 1700 453 1776 densescere,
469 1719 547 1763 nous
560 1718 690 1782 croyons
713 1717 772 1782 que
785 1687 928 1780 l’Eveque
947 1702 1049 1764 aurait
1064 1702 1093 1766 le
1106 1703 1176 1766 droit

209 1815 223 1849 n
248 1790 286 1853 de
300 1789 328 1852 la
341 1790 512 1871 supprimer
525 1808 559 1864 o;
576 1787 628 1852 sed
640 1787 700 1850 dici
715 1795 813 1870 potest
825 1786 908 1870 qudd
918 1789 987 1851 talis
1000 1795 1176 1856 caeremonia

209 1881 262 1942 etsi
277 1881 309 1942 in
322 1877 496 1942 fundatione
520 1877 679 1958 imposita,
702 1895 764 1938 non
786 1875 899 1958 obliget
922 1878 963 1939 ob
985 1879 1176 1944 mutationem

176 2043 182 2055 Ι
209 1975 400 2044 temporum,
421 1974 451 2030 et
470 1965 553 2049 qudd
572 1967 714 2048 presumi
735 1964 842 2028 debeat
863 1965 953 2028 telem
975 1966 1071 2032 tuisse
1090 1971 1177 2033 tmen

209 2053 321 2118 tionem
343 2059 501 2138 ipsiusmet
513 2061 690 2126 fundatoris.
711 2063 794 2126 idem
813 2067 859 2126 est
878 2061 1046 2126 dicendum
1059 2063 1097 2126 ds
1115 2079 1177 2123 reso

208 2161 268 2222 quo
285 2145 369 2208 locus
383 2147 434 2210 ubi
455 2167 575 2213 sacrum
593 2159 671 2214 esset
685 2149 877 2228 iaciendum,
901 2148 979 2214 foret
999 2151 1174 2221 interdictus,

207 2231 252 2292 rel
275 2234 298 2294 si
324 2235 473 2299 interdicti
496 2246 598 2302 essent
614 2239 766 2304 scerdotes
780 2241 811 2302 in
831 2239 1009 2304 fundatione
1025 2239 1168 2321 designati.

245 2322 334 2384 5368.
350 2325 507 2406 Episcopis
520 2329 651 2391 maxime
666 2329 815 2392 incumbit
828 2347 900 2393 cura
914 2328 1094 2412 procurandi
1105 2343 1167 2387 exe·
1219 2333 1220 2344 ¹

205 2408 357 2472 cntionem
384 2413 503 2493 piarum
526 2416 749 2480 fundationum.
775 2416 937 2480 ditavimus
964 2435 1060 2498 supra
1078 2413 1169 2494 [3363)

203 2515 270 2578 cup.
283 2499 344 2562 Nos
356 2501 483 2582 quidem,
492 2503 526 2566 de
538 2507 728 2581 testamentis,
740 2505 772 2568 in
783 2525 844 2588 quo
852 2505 1016 2587 Gregorius
1024 2507 1065 2568 IX
1078 2504 1174 2582 iniun-

204 2587 247 2668 git
260 2586 427 2654 calaritano
447 2593 596 2675 Episcopo
611 2601 643 2656 ut
662 2596 712 2657 det
725 2611 850 2676 operam
863 2595 1033 2676 quominus
1046 2593 1178 2674 religiosa

203 2676 359 2758 cujusdem
377 2679 510 2744 hominis
524 2683 663 2747 voluntas
678 2685 894 2747 monasterium
907 2682 1081 2746 edificandi
1095 2728 1105 2760 ,
1117 2701 1179 2764 que

204 2764 242 2826 ab
254 2765 331 2830 illius
344 2765 464 2831 haerede
482 2771 620 2834 nondum
633 2772 729 2834 luerat
739 2773 906 2836 executioni
917 2773 1115 2846 demandata,
1126 2773 1179 2834 im-

98 2916 149 2932 ἢ
205 2851 331 2932 pleatur.
345 2858 592 2938 incapiteautem
612 2860 1000 2942 TuonobiseJusdemtituli,
1011 2861 1096 2924 idem
1103 2858 1175 2924 Pon·

203 2941 273 3008 tiles
288 2944 416 3010 declarat
428 2965 507 3010 onus
525 2967 591 3012 esse
602 2950 741 3032 Episcopi
751 2957 784 3014 ut
791 2951 888 3032 legate
897 2949 945 3030 pia
952 2957 1040 3013 curet
1048 2951 1178 3033 impleri,

203 3029 319 3093 etiamsi
342 3037 468 3098 cavisset
491 3043 613 3100 testator
636 3057 677 3101 ne
702 3039 870 3120 Episcopus
883 3055 916 3102 se
934 3037 979 3102 rei
1003 3037 1178 3119 hujusmodi

203 3119 458 3203 quandocumque
476 3125 669 3200 immisceret,
689 3129 762 3209 quia
779 3128 891 3208 privata
904 3129 1056 3191 testatoris
1077 3127 1179 3210 dispo-

203 3205 271 3268 sitio
291 3212 461 3287 generslem
486 3213 561 3292 legis
581 3216 686 3296 nequit
702 3217 890 3279 sanctionem
914 3217 1076 3279 immutare
1096 3215 1179 3293 ejus·

203 3311 264 3370 que
276 3297 422 3353 edoctum
436 3295 600 3374 impedire.
612 3297 716 3360 Potest
730 3297 861 3380 quidem
876 3294 1025 3360 lundator
1042 3292 1180 3372 aliquem

204 3379 368 3455 designare
381 3383 558 3443 testamenti
572 3395 784 3463 executorem,
801 3393 832 3447 et
847 3397 922 3446 tunc
932 3383 1109 3464 Episcopus
1120 3399 1180 3441 non

205 3473 304 3538 potest
317 3482 350 3525 se
362 3465 563 3546 interponere
580 3473 639 3532 nisi
653 3474 724 3535 talis
735 3482 886 3536 executor
897 3470 1060 3552 negligens
1071 3469 1183 3550 depre

204 3549 374 3613 liendutur:
392 3551 445 3614 sed
462 3551 495 3614 iu
510 3551 573 3618 hoc
587 3576 662 3622 casu
685 3561 723 3622 ad
747 3561 940 3642 Episcopum
967 3559 1078 3622 transit
1107 3573 1184 3620 euru
