2416 3954
407 166 493 212 utura
514 167 671 213 secuxnus.
958 154 1018 216 :sto

49 265 111 344 viri,
125 285 155 328 v.
171 287 200 349 g.
216 266 254 329 ad
264 266 319 329 sihi
334 267 533 332 assistendum
553 268 584 328 in
595 267 656 338 lite,
668 265 712 328 vel
727 271 765 330 ad
786 267 853 330 liliis
863 268 1022 348 providen-

48 355 117 416 dum
129 377 138 432 ;
150 355 221 418 itern
235 355 472 418 subministratio
486 355 608 435 majoris
623 356 758 436 pecuniae
771 375 779 417 :
790 374 892 418 resero
906 357 1020 420 Concil.

48 443 176 508 trident.
191 447 276 519 (sess.
292 449 349 518 44,
364 463 393 508 4.
409 447 439 524 5)
460 445 524 506 ait:
547 467 562 504 4
580 445 611 506 in
632 445 845 508 contrahendis
866 447 1021 510 matrimo-

49 555 63 589 ι
85 533 158 612 niis,
172 535 217 597 vel
232 533 314 596 nulla
327 533 454 596 omnino
467 535 555 596 detur
568 533 763 615 dispensatio,
778 535 824 596 vel
839 535 1022 617 sordidans

51 642 63 678 x
85 639 119 684 44
132 626 224 687 censa
237 630 267 686 et
279 623 377 705 protis
390 621 574 686 concedatur
587 642 624 698 a,
640 621 704 692 sed.
720 621 777 686 hoc
791 642 851 685 non
865 624 1018 704 obstante,

50 712 244 775 communiter
258 709 380 794 praelata
394 729 483 796 cause
498 711 681 786 admittitur;
705 732 721 770 4
734 717 764 772 44
785 712 907 791 meritd,
924 711 1020 796 inquit

50 821 63 854 4
84 800 113 862 S.
129 801 252 883 Lignor.
269 799 333 878 (lib.
350 803 389 873 6,
412 811 446 860 n⁰
466 801 661 876 tl30),ci1m
679 798 851 878 hujusmodi
867 803 1018 884 composi·

51 909 63 944 r
83 889 178 954 tiones
192 891 237 968 (ut
250 892 408 952 lnnoocnt.
425 888 616 970 Xpraecepit)
631 905 693 950 non
708 887 935 950 immisceamur
948 910 1017 954 444444

50 975 145 1040 saliis
171 977 312 1060 pecuniis
336 977 468 1040 thesauri
492 977 669 1052 cameralis,
693 975 744 1038 sed
773 985 963 1040 reserventur
988 980 1018 1042 in

50 1088 62 1122 l
83 1067 184 1129 llonte
199 1065 337 1144 Pietatis,
353 1073 383 1128 et
396 1065 467 1127 inde
486 1083 547 1127 non
570 1065 784 1142 extrahantur,
805 1066 861 1128 nisi
877 1065 915 1128 do
930 1085 1019 1128 man·

50 1175 62 1210 4
82 1153 149 1218 dato
164 1155 331 1224 Pontificis.
346 1161 381 1218 ut
398 1155 429 1216 in
444 1155 507 1217 sola
520 1173 613 1236 opera
626 1154 674 1237 pia
694 1153 947 1236 impendantur..;
963 1174 1020 1219 uec

84 1245 172 1308 ollioit
194 1243 277 1327 qudd
301 1243 462 1306 mussitent
483 1243 633 1319 haeretici,
655 1261 726 1306 nam
747 1249 883 1325 patenter
908 1243 1019 1326 injuste

49 1353 61 1387 4
84 1334 283 1396 mussitant.»
303 1332 377 1394 tide
392 1350 484 1414 supra
497 1336 605 1410 (4054,
622 1333 722 1412 4058).

82 1427 169 1488 etot.
195 1422 256 1483 Etsi
278 1423 309 1484 S.
325 1420 466 1484 Pontifex
481 1421 588 1502 possit,
608 1423 700 1484 etiarn
718 1421 783 1484 sine
797 1423 907 1500 coust,
923 1421 1018 1486 valide

49 1509 215 1591 dispensare
239 1511 270 1573 in
291 1510 516 1592 impedimentis
538 1509 721 1572 matrimonii
744 1529 812 1592 quae
834 1517 904 1572 sunt
926 1511 1017 1574 solius

46 1599 114 1674 juris
126 1598 320 1664 ecclesiastici
336 1647 343 1677 ,
359 1605 491 1661 attamen
506 1597 600 1680 ipsius
614 1617 701 1660 mens
716 1616 777 1660 non
791 1603 837 1660 est
850 1605 883 1660 ut
898 1598 1018 1662 tollatur

51 1688 316 1770 impedimentum,
334 1690 358 1750 si
374 1688 454 1751 lalsae
469 1687 526 1750 sint
541 1706 639 1749 cause
653 1687 817 1749 enuntiate
831 1687 868 1748 ad
882 1687 1019 1749 obtinen-

48 1775 109 1838 dam
119 1777 377 1860 dispensationem
387 1797 394 1852 ;
405 1775 636 1840 sicenimhahct
646 1774 759 1837 Bened.
769 1775 1015 1852 lllV,inConstit.

49 1865 92 1926 Ad
102 1865 281 1950 Apostolicoe
295 1869 344 1944 (45
359 1864 432 1927 lehr.
452 1869 541 1938 4444,
556 1863 574 1944 ᾖ
589 1868 617 1943 4)
630 1883 637 1925 :
652 1863 835 1945 «expressio
855 1883 1016 1927 causarum

48 1975 61 2012 4
82 1973 247 2038 earumque
260 1953 423 2017 verificatio
446 1953 484 2016 ad
507 1951 703 2016 substantiam
718 1959 749 2014 et
761 1951 941 2017 validitatem
953 1953 1015 2016 dis-

48 2064 61 2100 4
82 2043 266 2126 pensationis
279 2043 427 2125 pertinet,
448 2041 567 2123 illisque
580 2039 809 2113 deficientibus,
825 2043 919 2123 gratia
934 2043 1015 2108 nulla

48 2154 60 2188 4
82 2151 115 2198 44
127 2133 212 2196 irrita
226 2140 290 2206 ost,
307 2132 482 2212 nullamque
496 2131 704 2194 executionem
719 2137 860 2194 meretur.
877 2152 893 2190 n

81 2227 168 2288 4408.
193 2224 261 2285 Non
274 2227 376 2283 tamen
397 2237 520 2284 necesse
542 2225 587 2282 est
604 2227 638 2283 ut
651 2237 757 2282 omnes
770 2238 869 2284 causa
882 2220 1015 2301 allegatas

49 2309 102 2374 sint
112 2330 207 2377 verse:
224 2309 333 2374 sufficit
346 2310 430 2372 enim
449 2309 530 2390 qued
548 2327 617 2372 vcra
630 2311 668 2372 sit
682 2327 743 2372 una
757 2311 857 2385 exeis,
875 2310 964 2372 modo
978 2311 1016 2372 sit

51 2401 137 2479 gravis
154 2408 186 2466 et
208 2399 362 2464 sufficiens
384 2397 423 2461 ad
446 2397 669 2480 legitimandam
689 2397 963 2479 dispensationem
979 2401 1015 2462 ed

51 2499 140 2554 autem
155 2489 274 2575 gravior
288 2487 452 2566 requiritur
465 2505 557 2550 causa
570 2490 631 2568 qud
645 2488 743 2566 majus
757 2493 802 2547 est
819 2485 1016 2566 impedimen·

51 2583 127 2660 tum,
141 2579 368 2664 proximiorque
391 2583 438 2640 est
457 2575 568 2658 medus
580 2573 849 2654 consanguinitatis
863 2573 909 2634 vel
922 2573 1017 2636 allini-

52 2669 117 2731 tatis.
134 2673 177 2748 (S.
195 2671 317 2751 liguor.
334 2666 386 2729 lih.
402 2671 437 2745 6,
452 2674 485 2728 44ο
503 2669 589 2736 ttae,
605 2669 636 2725 et
649 2663 701 2724 lib.
719 2665 748 2736 4,
763 2669 796 2721 44ο
812 2665 894 2736 444.)

84 2763 170 2823 stoc.
192 2761 228 2822 ln
241 2756 334 2820 dubio
343 2761 444 2819 autem
458 2773 498 2817 an
512 2771 603 2816 causa
616 2751 691 2814 lalsd
703 2749 831 2829 allegata
842 2748 932 2812 luerit
944 2748 1017 2813 lino·

53 2843 83 2908 lis
94 2855 144 2910 aut
155 2847 333 2931 impulsiva,
347 2844 393 2908 vel
407 2863 447 2906 an
459 2861 529 2906 vera
542 2847 594 2904 aut
606 2839 691 2918 falsa,
706 2837 802 2900 valida
813 2837 1016 2903 censendaest

53 2932 237 3016 dispensatio,
246 2937 318 3018 quia
327 2933 358 2998 in
372 2933 466 2996 dubio
480 2929 620 2994 standum
630 2934 676 2990 est
687 2945 742 3010 pro
755 2926 904 2992 validitate
917 2931 1012 2993 actus.

54 3021 90 3098 (S.
102 3025 238 3107 lignos,
252 3023 305 3088 lib.
320 3025 359 3101 6,
373 3031 408 3084 44·
423 3023 526 3098 4433.)
900 3063 905 3068 -

86 3117 173 3178 4440.
192 3117 240 3177 An
248 3113 319 3177 sord
326 3117 462 3175 cessante
473 3121 563 3172 cause
571 3106 802 3190 dispensationis
812 3105 910 3170 statim
919 3114 1016 3172 cesset

53 3199 245 3283 dispensatio,
259 3199 506 3282 distinguendum
521 3203 566 3262 est
580 3216 588 3260 :
604 3197 629 3260 si
642 3215 732 3260 causa
745 3201 842 3258 cesset
853 3201 1014 3278 antequam

54 3287 168 3354 eltomt
180 3291 362 3374 dispensatio
375 3288 568 3372 expediatur,
582 3286 628 3349 vel
642 3294 804 3367 numquam
813 3282 864 3346 ilat
877 3284 915 3346 ah
929 3285 1014 3368 Epis·

55 3395 135 3460 copo,
150 3382 199 3446 cui
212 3384 230 3444 t
244 3379 388 3444 Pootilioe
401 3377 561 3442 commissa
572 3373 670 3450 luerit,
682 3373 1016 3448 fulminatioaffirman·

56 3463 140 3546 dum,
155 3488 242 3534 secus
254 3471 337 3549 vero,
349 3469 374 3532 si
387 3485 478 3531 causa
491 3471 598 3541 cesset,
612 3462 835 3545 dispensatione
846 3462 908 3540 jam
919 3462 1016 3524 tutmt·

59 3559 120 3618 44444
132 3557 170 3620 oh
183 3558 333 3637 inferiore,
343 3558 398 3621 etsi
412 3561 507 3620 oesset
515 3561 585 3616 ante
594 3550 775 3614 matrimonii
785 3549 1014 3640 celehrgtiooem

859 3645 917 3704 tu*
