2498 3966
200 219 257 282 764
416 235 557 284 annuens
578 235 680 283 nortus
700 236 782 282 Junrs
802 235 951 283 caronam.

197 355 282 416 illius
302 361 379 416 etos
393 352 432 414 de
446 353 569 415 ossibus
584 352 664 434 ejus,
680 351 868 432 subjiciatur
897 362 1066 434 pereatque
1087 353 1160 426 viro,

196 445 229 506 in
245 459 363 518 morem
377 459 440 504 non
457 442 590 516 ancille,
608 439 663 504 sed
686 445 803 518 sociae3
823 450 870 520 ut,
889 441 1008 504 seilicet
1019 441 1161 506 obedien·

197 533 247 594 tiae
270 531 415 614 praestita
438 549 497 592 nac
523 529 671 592 honestes
697 549 756 592 nee
780 531 916 612 dignitas
943 533 1036 595 ausit.
1071 532 1106 595 ln
1128 551 1161 594 eo

198 631 300 684 autem
316 621 370 702 qui
394 629 502 701 praeast
514 629 542 682 et
559 620 591 682 in
609 620 668 682 hac
683 639 754 699 quae
776 630 876 695 paret,
906 639 979 684 cum
999 622 1161 702 imaginem

197 724 327 792 uterque
342 711 479 773 referant
501 709 579 772 altar
600 707 732 785 Christi,
750 708 847 770 altera
874 707 1034 776 Ecclesiae.
1063 711 1162 774 divina

195 801 306 862 caritas
319 809 386 860 esto
402 808 553 880 perpetua
577 797 765 860 moderatrix
783 796 891 860 oflicii.
908 796 985 860 Nam
1008 798 1058 860 cir
1075 807 1161 884 ceput

195 895 238 950 est
260 885 409 962 mulieris,
435 887 514 947 sicut
544 883 683 948 Christus
709 894 804 967 caput
831 895 875 948 est
896 883 1078 950 Ecclesiae...
1107 887 1163 951 Set

193 978 272 1040 meat
282 975 421 1038 Ecclesia
436 975 632 1058 subjectaret
647 974 781 1048 Christo,
797 978 845 1038 ita
860 975 1003 1038 mulieres
1018 977 1095 1038 airis
1106 981 1163 1041 suis

194 1067 228 1126 in
241 1066 413 1128 pinnibuel.
437 1099 478 1114 -
501 1065 548 1125 Ad
564 1064 678 1128 liberos
707 1065 792 1146 quod
817 1065 962 1144 pertinet,
986 1066 1117 1130 subesse
1138 1079 1162 1130 et

193 1156 409 1234 obtemperare
449 1151 647 1235 perentibus,
681 1153 793 1234 hisque
825 1153 981 1215 honorem
1021 1155 1164 1218 adhibere

194 1253 321 1325 propter
331 1241 552 1306 conscientium
564 1241 692 1315 debent,
705 1253 735 1302 et
755 1243 889 1304 uicissim
907 1243 936 1301 in
950 1241 1060 1307 liberis
1079 1253 1163 1307 tuen·

194 1331 242 1393 dis
257 1341 349 1412 atque
368 1333 407 1393 ad
433 1332 578 1392 virtutem
599 1331 797 1410 potissimum
823 1329 1034 1393 intorrnandis
1061 1351 1165 1398 omnes

196 1431 363 1499 parentum
380 1437 471 1481 curas
491 1417 761 1500 cogitationesque
775 1419 925 1500 evigilare
948 1437 1076 1484 necesse
1106 1433 1162 1484 est:

194 1505 339 1570 Patres...
369 1508 491 1570 educate
518 1507 586 1569 illas
612 1506 720 1589 (tilios)
748 1508 910 1588 disciplina
930 1514 960 1568 et
988 1511 1166 1574 correctione

197 1597 317 1662 Domini
330 1596 353 1657 ².
370 1596 415 1658 Ex
430 1613 493 1675 quo
509 1596 707 1676 intelligitur,
725 1615 782 1657 neo
798 1615 896 1674 penca
912 1611 980 1658 esse
1002 1603 1165 1682 coniugum

194 1689 306 1760 officie,
336 1702 438 1766 nequa
461 1683 562 1758 levia3
584 1701 621 1745 ea
650 1693 754 1746 tamen
775 1685 970 1763 conjugibus
1005 1687 1113 1765 bonis,
1127 1689 1164 1752 ob

196 1779 342 1841 uirtutem
356 1791 426 1856 quae
440 1771 642 1836 Sacramenta
656 1773 841 1853 percipitur,
859 1791 922 1837 non
950 1776 1047 1841 modo
1060 1777 1165 1840 tolere-

197 1865 374 1936 bilisium,
395 1880 504 1924 verum
519 1861 613 1922 etiem
625 1861 778 1941 jucunda.

235 1955 373 2018 Christus
388 1951 564 2032 igltnrcum
579 1951 617 2011 ad
638 1951 731 2012 talem
754 1959 924 2014 retentam
951 1953 1164 2018 excellentiam

196 2041 394 2108 matrimonia
426 2038 638 2101 renovavisset
666 2047 762 2100 totam
795 2039 934 2122 ipsorum
967 2041 1161 2124 disciplinam

194 2133 337 2196 Ecclesiae
359 2127 535 2190 crediditet
562 2127 808 2190 commendavit.
833 2127 909 2202 Quae
929 2141 1111 2210 potestatem
1135 2133 1160 2192 in

193 2220 339 2299 conjugia
366 2217 610 2279 christianorum
645 2216 790 2278 omnium
818 2225 971 2298 ternpore,
1005 2229 1074 2282 tum
1101 2221 1160 2283 loeo

193 2307 341 2380 exercuit,
359 2315 454 2386 atque
469 2305 512 2365 itu
527 2303 678 2379 exercuit,
691 2314 724 2366 ut
748 2303 1010 2387 illempropriam
1030 2311 1157 2388 eiusesse
1232 2281 1233 2358 l

194 2392 1153 2482 appareret‚neolrominumconcessuquaesitam,sedauemns

191 2491 241 2556 aui
255 2487 415 2550 voluntate
433 2481 586 2546 divinitus
599 2480 757 2562 adeptam.
773 2482 902 2556 r-Quot
915 2502 990 2548 vero
1006 2496 1039 2547 et
1075 2499 1157 2566 quam

193 2579 305 2659 vigiles
317 2591 408 2638 cures
423 2571 454 2634 in
470 2569 636 2632 retinenda
664 2570 829 2632 sanctitate
859 2573 1049 2652 nuptiarum
1078 2571 1163 2636 collo-

193 2667 281 2744 carit,
294 2673 327 2727 ut
339 2679 395 2727 sue
408 2661 458 2722 his
473 2659 675 2723 incolumitas
691 2668 843 2734 maneret,
858 2659 930 2730 plus
944 2671 990 2723 est
1006 2664 1164 2744 cognitum

193 2775 287 2838 quam
305 2758 340 2816 ut
366 2749 573 2812 demonstrari
594 2749 717 2810 debeat.
740 2781 778 2796 -
808 2747 846 2810 m
869 2767 944 2811 sene
971 2751 1169 2832 improbatos

194 2845 340 2908 novimus
368 2837 500 2902 concilii
537 2835 814 2916 Hierosolymltani
851 2839 1008 2900 sententia
1051 2858 1172 2903 amores

192 2925 624 3000 solutosetlilaeros³;civem
640 2921 838 2988 Corinthium
852 2925 964 2989 incesti
984 2927 1172 2992 demiratum

191 3019 274 3082 baeti
291 3017 377 3079 Pauli
393 3011 598 3078 auctoritate*
614 3031 624 3088 ;
640 3014 840 3092 propulsatoe
853 3033 896 3078 ec
912 3014 1049 3095 reiectos
1062 3020 1174 3080 eodem

190 3124 313 3189 semper
328 3113 436 3166 tenore
452 3103 644 3166 fortitudinis
660 3112 790 3164 conatus
813 3103 1045 3183 plurimorum,
1066 3107 1172 3168 matri-

191 3195 333 3258 monium
362 3193 569 3255 christianum
602 3190 758 3253 hostiliter
796 3193 985 3274 petentium,
1027 3195 1175 3259 videlicet

229 3365 250 3416 l.
268 3369 303 3416 ld
315 3369 385 3429 Eph,
398 3379 428 3425 rr,
442 3365 535 3426 aaut,

226 3435 247 3486 l.
265 3437 342 3497 thia,
356 3435 379 3484 l.

226 3505 248 3554 Ι.
269 3508 329 3565 let,
345 3517 385 3564 xv,
396 3503 437 3554 29.

225 3574 243 3622 t.
263 3575 352 3636 icoc,
370 3589 397 3634 v.
411 3573 434 3626 5.
