2416 3954
423 217 509 265 arasa
529 219 687 272 sannunus.
981 213 1042 274 tor

71 321 148 406 (loeo
162 320 268 409 dioto)
280 325 469 390 enumeratio
484 327 619 408 plurium
634 329 873 398 summariorum
882 331 1045 414 indulgen·

69 411 183 477 tiorum
198 416 215 476 a
231 415 263 478 S.
278 415 388 495 Congr.
404 413 630 482 damnatarum.

481 571 567 634 atta.
591 573 641 635 lli.

222 711 335 764 muru
357 711 475 760 rossum
497 715 710 765 runomnxrrxa
730 719 901 772 reserarant.
931 761 934 766 .

110 829 1046 920 4572.-i⁰lndulgentiaepermodumsnllragiiapplicaripos

72 925 141 978 sunt
153 915 530 1001 defunctisinPurgatorio
543 922 683 995 detentis,
701 933 791 1003 prout
805 943 896 1004 supra
910 927 1043 991 diximus

71 1002 1044 1094 (l503):undadPion,parBullamAuctor-emfidei,haecSynodi

70 1094 183 1156 Pistor.
194 1111 281 1176 prop.
293 1095 416 1176 (nttatz
434 1099 1047 1182 tLurtosilraadtaceasequidcdimoerica

77 1205 91 1238 a
117 1193 222 1246 rstnaec
234 1189 397 1266 applicatio
412 1194 587 1246 meritorum
601 1195 706 1248 tinrrstr
721 1199 751 1248 et
766 1199 945 1251 sanctorum
956 1207 1050 1255 crona

76 1293 90 1328 r
115 1273 198 1352 ferra
215 1273 309 1335 volita
329 1275 371 1334 ait
389 1273 420 1332 r'n
437 1271 585 1351 defunctos
602 1296 634 1353 a,
651 1275 818 1356 proscripta
835 1284 880 1338 est
904 1283 1047 1360 tanqrmm

80 1383 93 1416 r
115 1359 212 1440 salso,
229 1363 401 1438 temerario,
415 1362 538 1443 piorum
556 1363 673 1424 aurium
686 1364 841 1444 offensior,
860 1365 892 1426 ia
905 1367 1049 1432 Romanoa

76 1471 89 1504 n
116 1449 279 1532 Pontifices
294 1458 324 1512 et
341 1451 373 1510 ia
389 1450 511 1531 praxim
532 1457 562 1511 et
582 1471 691 1512 aearum
713 1453 890 1514 uniuersalis
907 1456 1048 1520 Ecclesiae

75 1560 90 1595 n
115 1537 277 1618 injurioso,
293 1538 428 1600 inducens
439 1540 471 1599 in
484 1559 611 1601 errorem
624 1539 787 1602 doereticuli
794 1542 861 1601 notat
876 1542 907 1601 in
919 1542 1004 1605 Patro
1013 1545 1047 1608 de

75 1649 89 1686 a
116 1628 206 1690 Osmo
220 1627 383 1709 confictam,
399 1627 508 1689 iterum
521 1627 690 1689 dornoniam
703 1628 735 1688 in
749 1636 809 1690 art.
825 1633 864 1690 22
877 1631 1012 1693 Lutlrerr'.
1027 1656 1044 1692 a

114 1719 209 1778 4573.
221 1749 261 1762 -
274 1720 306 1777 2⁰
326 1716 430 1788 Quoad
444 1717 544 1796 vivos,
560 1717 605 1778 uel
621 1717 719 1798 agitur
732 1717 770 1779 de
784 1717 982 1798 applicatione
995 1741 1047 1801 per

74 1805 204 1868 modum
215 1805 363 1886 suffragii,
373 1807 416 1870 vel
429 1825 482 1886 per
495 1807 713 1868 absolutionem
726 1826 732 1865 :
746 1806 843 1887 primo
853 1807 943 1870 modo
952 1811 1047 1890 appli-

74 1895 136 1956 cari
144 1893 572 1976 possuntindulgentiaeetiam
580 1893 918 1975 nondumbaptizatis,si
929 1896 959 1956 in
969 1905 1046 1962 statu

74 1983 181 2060 gratiae
202 1983 345 2060 existant,
360 1983 452 2046 nrodd
475 1984 505 2044 id
525 1983 563 2046 ab
585 1983 717 2044 Ecclesia
739 1981 828 2044 luerit
849 2001 1044 2048 concessum:

73 2071 142 2134 vide
157 2090 249 2153 supra
262 2075 376 2150 (aaran
393 2072 527 2136 seeundo
541 2069 648 2151 modo,
663 2089 771 2134 omnes
785 2077 814 2134 et
834 2071 889 2133 soli
910 2071 1044 2154 baptizati

74 2177 139 2221 non
154 2161 421 2238 excommunicati,
435 2168 464 2222 et
480 2163 511 2223 in
525 2165 602 2222 statu
617 2162 719 2240 gratiae
733 2159 903 2239 existentes,
920 2171 1045 2242 possam

74 2247 280 2330 indulgentias
305 2249 434 2326 lucrari,
464 2249 617 2331 implendo
642 2248 829 2311 conditiones
855 2249 894 2310 ab
920 2252 1044 2314 ecclesia

74 2337 231 2420 impositas
242 2358 250 2399 ε
261 2339 331 2420 quia
346 2339 387 2400 illi
398 2338 453 2400 soli
466 2345 537 2400 sunt
550 2337 688 2400 Ecclesia
698 2338 836 2416 subjecti,
850 2337 977 2417 proinde
989 2341 1045 2402 soli

75 2435 204 2508 possunt
227 2427 338 2490 absolvi
360 2427 479 2490 vinculo
500 2445 598 2508 poenae
624 2427 813 2508 temporalis,
834 2425 926 2486 modd
945 2427 1044 2503 jamia

74 2523 201 2597 peccato
218 2516 278 2578 sint
295 2515 430 2578 mundati
447 2523 478 2578 et
491 2535 552 2578 non
575 2514 634 2577 sint
653 2515 764 2576 exclusi
784 2517 802 2574 a
821 2512 1044 2592 participatione

75 2603 227 2668 bonorum
238 2606 376 2668 Ecclesiae
391 2605 612 2682 communium,
622 2611 711 2685 prout
720 2601 919 2664 excluduntur
928 2617 1045 2662 excom·

75 2695 234 2771 manicati,
247 2693 377 2758 haeretici
390 2703 420 2756 et
435 2703 585 2776 apostatae.

114 2788 206 2845 4574.
231 2784 351 2854 Quaerit.
378 2788 408 2844 t·
427 2785 572 2855 Quaenam
592 2779 779 2844 conditiones
799 2776 990 2859 requirantur
1012 2785 1045 2840 ut

74 2875 144 2953 quis
158 2873 251 2954 possit
265 2873 466 2955 indulgentias
481 2871 590 2934 lucrari
603 2871 619 2932 ‘l

115 2963 207 3044 Resp.
232 2963 353 3044 Requiri
381 2965 412 3024 l⁰
434 2963 550 3024 Statum
576 2957 697 3040 gratia,
719 2963 753 3020 ut
774 2957 866 3021 modd
891 2957 1041 3022 diximus:

76 3052 152 3113 ratio
166 3055 211 3113 est
224 3049 293 3133 quia
316 3070 405 3132 poena
418 3049 591 3131 temporalis
609 3066 670 3110 non
684 3048 814 3111 inimicis
827 3049 880 3112 Dei
895 3053 926 3110 et
943 3047 978 3110 lla
991 3049 1043 3130 qui

77 3140 176 3204 adhuc
196 3148 266 3204 sunt
279 3140 428 3203 debitores
446 3157 543 3221 poenae
557 3147 675 3200 aeternae
690 3139 870 3216 remittitur,
885 3136 937 3200 sed
952 3137 1044 3218 ipsius

77 3227 633 3309 urricis3inistorumtantumgratiam
643 3225 1044 3290 Ecclesiaintendithaurira

78 3319 107 3380 iu
122 3317 263 3380 tlresauro
277 3317 383 3380 Christi
398 3323 428 3379 et
441 3319 640 3379 Sanctorum:
656 3315 695 3377 ita
709 3317 921 3378 communiter.
1029 3335 1030 3340 ¹

115 3411 207 3471 tara.
229 3407 295 3468 Non
314 3400 416 3468 tamen
438 3405 588 3468 ordinaria
606 3405 768 3485 requiritur
785 3410 819 3465 ut
837 3405 940 3466 omnia
954 3421 1043 3484 opera

78 3495 114 3560 ab
137 3495 271 3559 Ecclesia
293 3495 426 3572 injuncta
450 3495 480 3556 in
499 3499 577 3555 statu
598 3493 700 3574 gratim
721 3491 920 3571 impleantur:
937 3489 1046 3551 sufficit

80 3583 176 3668 anun,
197 3585 255 3650 nisi
274 3585 459 3649 contrarium
477 3583 509 3646 in
527 3581 621 3645 Bullia
640 3581 845 3660 exprimatur,
863 3577 945 3658 quod
968 3591 1045 3654 aput
