2416 3954
421 192 504 240 amru
526 191 679 239 secururs.
974 182 1032 242 403

78 323 90 355 r
113 300 305 364 ecclesiarum
327 303 482 365 ministros
504 305 569 384 ipso
590 303 668 365 factu
688 301 1034 365 excommunicationem

14 389 19 399 ‘
77 408 89 445 a
114 389 277 462 incurrere,
292 409 420 472 eamque
434 393 591 454 ecclesiam
605 391 774 454 habendam
791 407 925 472 essepro
940 392 1034 452 inter·

77 499 89 534 ι
112 477 199 540 dictu.
216 499 233 540 a
255 479 319 542 Hoc
333 483 492 544 Decretum
510 479 643 542 Butlerio
659 479 822 542 Clementis
836 481 872 542 xr
888 481 1034 541 insertum

78 565 129 627 fuit
142 587 151 641 3
164 575 195 628 et
208 566 281 628 inibi
296 567 456 645 adjicitur:
477 590 494 629 a
509 567 663 631 Sanctitas
677 567 737 629 Sua
750 569 907 632 Decretum
922 586 1033 648 appro-

76 674 89 712 ι
112 653 201 730 bavit,
219 673 336 718 necnon
353 657 538 736 promulgari
559 665 649 737 atque
674 658 844 720 executioni
866 658 942 719 tradi
958 667 988 718 et
1002 659 1032 719 in

14 801 16 805 Α
76 767 88 800 n
110 744 252 806 erunibus
262 745 349 810 Urbis
358 747 496 808 sacrariis
505 745 583 826 affigi
596 744 1029 820 mandariudiesoerurur.»

78 831 144 892 Vide
159 833 292 894 Ferraria
308 833 408 914 (idid,
424 834 464 896 n¹·
478 839 527 910 28,
542 840 601 910 ab),
618 834 670 915 qui
686 836 809 913 insuper
833 833 922 895 refert
935 837 1035 914 plures

75 921 238 984 decisiones
253 922 284 985 S.
301 923 337 984 R.
363 923 487 1004 Congu,
507 925 537 985 in
559 923 669 1003 quibus
689 924 815 984 vetitum
836 931 879 982 est
901 923 1035 1001 praebere

79 1007 1034 1088 Evangeliumlaicisadosculandumintermissurumsolemnia,

76 1106 100 1157 et
113 1099 225 1178 pariter
241 1107 382 1180 prestare
397 1101 470 1182 ipsis
483 1116 571 1162 usum
586 1097 698 1174 throni,
712 1097 958 1170 seubaldacbini,
970 1116 1037 1156 eos·

76 1204 130 1264 que
142 1187 301 1248 admittere
316 1191 394 1248 intra
409 1185 638 1268 presbyterium.
652 1185 728 1250 Vide
741 1188 772 1248 S.
787 1185 922 1266 Lignum,
941 1185 992 1246 tib.
1005 1190 1036 1258 7,

76 1278 184 1351 nemu,
194 1277 246 1338 lib.
255 1279 286 1352 ³,
299 1279 478 1341 orsu-'ue
485 1275 607 1360 praefati
616 1293 768 1340 excomm.
777 1276 844 1338 silet
852 1275 885 1338 G.
895 1273 954 1356 Ap.
967 1271 1041 1336 ded.-

102 1369 192 1429 4837.
206 1369 236 1429 S.
252 1370 288 1432 u.
301 1370 411 1450 Congr.
423 1385 477 1450 per
486 1371 603 1430 Decret.
620 1371 759 1430 temari.
776 1365 1034 1444 lermoennum-
1089 1421 1117 1433 ..

68 1459 126 1516 'arm
142 1461 182 1518 tu
195 1463 271 1538 sept.
290 1461 379 1537 1699,
395 1457 547 1520 mandarit
556 1455 721 1537 aptandum
735 1473 801 1518 esse
814 1455 914 1517 laeum
923 1458 1033 1537 Magis·
1057 1467 1060 1474 ’

65 1545 148 1608 batui
172 1552 254 1607 extra
269 1547 487 1628 presbyterium
500 1592 508 1617 ,
521 1545 607 1625 J'uxta
626 1544 864 1625 designationem
888 1544 995 1606 factam
1015 1547 1033 1609 b

63 1633 206 1714 Magistro
222 1634 491 1713 caeremoniamm,
511 1652 573 1695 uon
597 1633 732 1694 obstante
746 1631 829 1714 qudd
847 1631 1033 1712 Magistratus

63 1723 244 1800 reperiretur
254 1725 285 1786 iu
296 1725 495 1806 possessione,
511 1728 540 1784 et
553 1721 696 1801 allegaret
706 1721 828 1784 alterius
839 1721 895 1783 loci
907 1723 1032 1802 congrui

63 1807 465 1887 deficientiam-Ferreus,
480 1809 535 1888 ib,
551 1819 584 1870 n⁰
598 1812 653 1885 31,
668 1814 699 1871 et
712 1827 802 1890 supra
815 1809 894 1870 dicta
908 1811 999 1888 (639).

100 1899 290 1979 Etiamjuxta
301 1900 520 1982 legislationem
531 1903 664 1960 nostram
674 1898 806 1970 civilem,
818 1899 884 1960 laici
898 1899 927 1960 iu
938 1898 1034 1980 digni·

62 1990 118 2050 tate
132 1989 289 2051 constituti
303 1990 406 2052 sedem
423 1989 455 2050 in
475 1987 645 2050 sanctuario
661 2005 810 2070 occupare
825 2006 886 2048 non
900 1989 1029 2066 debent,

60 2076 111 2138 sed
126 2078 247 2139 tantbm
262 2079 292 2139 in
315 2079 426 2155 choro,
442 2077 486 2140 rel
509 2079 540 2138 in
562 2077 629 2138 nevi
652 2075 759 2154 (decret
776 2076 816 2138 du
835 2081 874 2138 24
894 2076 1033 2139 messidor

61 2182 97 2224 co
109 2165 205 2247 XII).
221 2166 296 2229 Vide
307 2166 435 2230 loamrai
446 2167 495 2229 des
506 2166 671 2250 fabrique,
689 2173 763 2228 tom.
777 2171 809 2244 l,
825 2185 854 2248 p
872 2169 942 2231 uti.

500 2373 520 2456 5
537 2376 573 2439 Π.

434 2519 478 2586 De
485 2521 558 2603 jure
570 2519 661 2603 asyli.

98 2692 192 2752 ⁴838.
206 2691 271 2752 lloc
280 2689 331 2769 jus
346 2688 376 2752 in
391 2708 427 2752 eo
437 2689 593 2772 reponitur
606 2685 686 2769 qubd
700 2683 908 2766 confugientes
921 2681 958 2743 ad
967 2680 1034 2743 loca

60 2795 147 2842 sacra
157 2786 209 2840 aut
221 2779 329 2841 domos
341 2779 495 2860 religiosas
505 2781 656 2858 nequeant
665 2793 701 2837 ex
711 2774 758 2836 his
767 2771 893 2849 extrahi,
906 2771 962 2832 nisi
977 2769 1034 2832 sub

58 2865 186 2930 dirersis
197 2866 440 2930 conditionibus:
459 2889 474 2926 a
489 2870 532 2929 Eo
544 2867 611 2946 jure
624 2863 801 2926 fruebantur
814 2859 966 2941 praecipub
980 2859 1033 2920 de·

61 2975 74 3010 r
99 2954 214 3018 bitures
234 2956 344 3039 quibus
367 2955 543 3019 imminebat
561 2952 724 3036 corporalis
742 2949 941 3033 apprehensio
957 2967 966 3012 t
981 2947 1034 3011 sed

61 3063 75 3107 s
100 3045 229 3125 insuper
241 3045 318 3108 serui
331 3045 466 3126 fugitivi,
480 3045 543 3106 imd
557 3041 705 3120 malefici,
722 3041 812 3102 modd
833 3057 895 3100 non
909 3037 1034 3100 fuissent

61 3151 75 3190 a
97 3133 216 3215 publici
237 3133 374 3212 latrones,
398 3133 617 3216 depopulatores
643 3150 802 3212 aprorum,
824 3127 981 3189 homicidia
1006 3137 1033 3189 et

59 3243 74 3282 s
99 3223 303 3286 mutilationes
316 3224 348 3286 io
360 3223 489 3286 ecelesiis
508 3221 732 3293 committentes,
749 3217 918 3296 homicidae,
929 3217 1030 3298 prodi·

59 3327 76 3369 a
102 3311 189 3388 terii,
203 3313 356 3374 assassinii
364 3359 373 3390 ,
384 3311 519 3376 haeretiei
526 3357 535 3390 ,
550 3311 595 3372 rei
609 3309 686 3372 loesoe
698 3307 861 3390 majestatis
874 3306 942 3369 :isti
953 3307 1033 3368 enirn

59 3423 75 3460 a
102 3399 202 3478 aiure
213 3402 287 3484 asyli
305 3401 527 3479 excluduntur,
546 3407 611 3462 tum
632 3417 686 3480 per
701 3413 849 3472 canones,
866 3414 894 3456 v.
920 3415 950 3474 g.
966 3414 1032 3474 cap.

60 3509 76 3547 s
103 3489 190 3552 Inter
202 3489 263 3552 alia
276 3495 312 3570 6,
326 3490 362 3553 de
374 3490 462 3552 Imm.
482 3488 594 3566 eccles,
608 3495 674 3550 tum
685 3505 738 3568 per
754 3483 878 3548 Constit.
894 3485 1031 3543 Suron-

59 3600 76 3638 ι
102 3575 233 3648 tiiieum,
244 3577 717 3656 etuotenterGregoriinV.slta
727 3575 870 3654 Lequeux
876 3571 936 3724 §11⁰
936 3573 1033 3642 trra),
