2482 3944
219 230 258 291 3ss
430 235 567 280 albunea
587 231 688 278 tonus
706 231 788 276 tants
809 227 956 274 canorum.

223 355 238 390 a
263 332 442 394 munionem
452 333 523 392 clrm
535 326 853 408 nontransglutiantur
867 341 921 404 per
931 319 1207 394 modumcibi,sed
1233 357 1234 386 l

222 441 236 477 a
263 438 317 501 per
331 419 455 482 modum
471 418 593 480 saliares
611 437 619 492 ;
635 413 804 478 -secundu
818 410 1207 486 affirmans,elbancvide·

224 515 272 571 tur
288 517 390 571 tenere
405 510 435 570 S.
451 507 602 580 Thomas,
618 508 637 568 3
652 523 697 586 p.,
712 524 742 584 q.
760 507 883 578 80,art.
895 504 926 575 8,
942 498 979 560 ad
994 503 1028 570 l,
1044 499 1094 560 ubi
1110 498 1207 560 dicit:
1233 497 1234 508 ’

227 618 243 655 a
263 596 481 678 deliquerim
501 601 693 656 remanentes
708 593 738 652 in
753 610 823 656 ore.
839 589 863 650 si
877 588 1035 650 casualiter
1050 587 1208 666 transglu-

224 707 238 743 ι)
262 685 385 760 llantur,
402 703 462 746 non
479 683 650 764 impediunt
665 679 925 744 communionem.
942 699 957 734 u
977 678 1056 754 Ergo
1070 675 1094 737 si
1110 685 1210 737 trans·

224 773 388 854 glutiantur
401 793 437 836 ex
452 773 624 854 proposito,
648 769 838 852 impediunt;
859 774 889 828 et
910 765 1043 826 ratioest
1056 765 1129 844 quia
1154 764 1211 826 hu·

223 863 354 941 jusmodi
382 861 553 942 absorpti0,
574 878 643 940 quae
667 859 700 920 fn
726 858 764 918 de
792 854 959 928 industria,
979 852 1099 914 ridetur
1127 872 1211 916 nora

225 953 380 1013 comestio.
411 953 495 1012 Hanc
516 949 679 1011 secundam
703 947 883 1009 sententiam
908 941 1154 1005 communiorem
1180 947 1210 1004 el

226 1039 458 1118 probabiliorem
472 1047 558 1100 vocat
580 1039 611 1100 S.
635 1038 756 1118 Lignor.
773 1043 803 1096 et
815 1033 941 1096 omnind
960 1030 1090 1093 consulit
1103 1030 1208 1109 (ibid,

229 1137 262 1185 η’
277 1129 356 1204 279).

267 1240 357 1298 aaut.
381 1239 502 1310 Quaerit.
519 1241 551 1299 2⁰
562 1239 608 1298 An
621 1235 839 1317 gultulaenquae
853 1250 925 1296 cum
939 1229 1030 1294 saliva
1044 1227 1210 1304 immixtae,

228 1329 280 1387 aut
291 1326 400 1404 jusculi
416 1325 564 1407 degustati
578 1325 719 1404 frangant
729 1321 906 1402 jejunium?

269 1431 360 1510 Resp.
377 1431 407 1490 Si
423 1448 494 1492 casu
509 1429 711 1507 trajiciuntur,
726 1434 841 1488 certum
857 1433 902 1488 est
922 1445 973 1488 eas
991 1445 1052 1489 non
1067 1426 1213 1508 frangore
1233 1393 1234 1476 i

226 1518 394 1596 jejunium;
411 1519 451 1579 ita
469 1535 576 1578 omnes
596 1535 667 1578 cum
682 1517 713 1577 S.
729 1515 843 1576 Thomll
862 1535 870 1589 3
887 1515 910 1575 si
925 1533 961 1576 ex
977 1516 1134 1597 proposito
1150 1534 1214 1576 sor

229 1607 368 1676 beantur,
385 1604 532 1686 quidquid
555 1604 826 1676 nonnullrdicant,
841 1603 968 1664 omninb
989 1611 1032 1668 csl
1052 1581 1234 1666 affirmans-¹

229 1694 301 1756 dum
316 1713 387 1756 cum
402 1694 550 1756 sententia
564 1694 718 1754 communi
730 1700 759 1752 et
769 1691 875 1752 eodem
887 1693 919 1752 S.
931 1691 1057 1754 'l'bomb
1070 1693 1101 1752 ld
1119 1693 1213 1754 etiarn

230 1784 374 1866 implicite
387 1783 496 1846 dicitur
511 1783 541 1842 in
554 1781 688 1848 rubrica,
700 1781 750 1850 ubi
769 1780 877 1861 legitur
893 1799 901 1840 ε
917 1802 932 1838 u
947 1780 1029 1842 ldem
1043 1779 1215 1842 dicendum

230 1895 245 1932 u
270 1874 394 1949 (scilieet
409 1890 470 1933 non
491 1870 588 1951 lrangi
607 1870 766 1950 jejunium)
783 1870 806 1930 si
828 1867 953 1930 lavando
971 1887 1005 1930 os
1027 1867 1215 1948 deglutiatur

230 1984 244 2017 u
270 1963 345 2023 stilla
360 1981 446 2042 aqum
457 2008 464 2035 ,
474 1966 582 2041 praeter
593 1958 801 2018 intentionem.
814 1979 828 2014 u
841 1959 935 2038 Ergo,
946 1957 970 2018 si
982 1975 1016 2018 ex
1029 1957 1215 2030 intentione,

231 2049 387 2130 frangitur.
404 2048 479 2109 Vide
494 2050 524 2108 S.
542 2047 663 2126 Lignor.
682 2045 752 2124 (ila,
769 2049 890 2119 „op-19,
906 2045 974 2106 dat.
990 2048 1049 2124 2⁰).

272 2160 362 2219 3455.
388 2161 526 2217 Attamen
547 2156 570 2216 si
592 2156 660 2236 quis
681 2162 772 2216 noctu
795 2156 969 2218 immitteret
988 2153 1170 2218 saccharum
1185 2139 1234 2216 inl

231 2265 301 2318 ore,
317 2253 347 2308 et
361 2254 428 2327 post
442 2245 573 2306 mediam
587 2253 706 2304 noctem
717 2244 830 2324 aliquid
841 2246 1006 2324 trajiceret,
1022 2243 1218 2322 lrananretur
1233 2217 1234 2298 i

230 2337 379 2416 jejunium
398 2355 404 2393 ι
421 2333 491 2414 quia
506 2341 579 2394 tune
593 2351 653 2394 non
667 2333 811 2412 trajicitur
825 2351 878 2415 per
894 2334 1016 2396 modum
1032 2333 1148 2412 salivae,
1164 2335 1219 2397 sed

232 2433 278 2487 est
287 2424 431 2487 comestio
441 2423 612 2484 continuata
623 2421 680 2482 diei
694 2422 900 2502 praecedentis.
913 2425 986 2485 ltem
996 2421 1126 2483 fractum
1136 2431 1220 2486 esset

173 2539 175 2542 v
231 2514 382 2592 jejunium
402 2513 425 2574 si
446 2513 514 2592 quis
529 2511 678 2590 projectus
697 2513 727 2571 in
749 2529 859 2592 aquam
881 2511 993 2592 aliquid
1013 2511 1234 2598 involuntarilj

234 2601 452 2672 absorbuisset,
467 2599 512 2660 rel
535 2600 559 2660 si
582 2602 608 2660 ei
631 2600 757 2679 pervim
779 2602 879 2682 liquor
897 2601 1014 2663 inlusus
1032 2608 1127 2670 esset,
1147 2603 1220 2680 quia

234 2690 299 2752 haec
313 2690 352 2752 ab
366 2690 551 2772 ertrinseco,
567 2688 651 2750 aliter
665 2692 756 2770 quam
771 2707 825 2770 per
839 2691 964 2752 modum
978 2689 1098 2766 salivae,
1113 2697 1222 2754 essem

234 2787 308 2842 tunc
322 2779 473 2860 absorpta.
491 2779 536 2856 (S.
552 2777 689 2858 Lignor,
705 2777 796 2859 idid.)
1233 2781 1234 2834 l

276 2893 365 2952 3456.
390 2887 494 2961 Quoad
504 2887 653 2950 semndum
669 2889 821 2970 requiam:
832 2887 979 2971 quidquid
992 2888 1097 2951 dicant
1107 2890 1148 2952 Ρ.
1161 2893 1221 2954 Au·

236 2978 317 3041 loine
337 2985 367 3040 et
387 2978 436 3040 alii
462 2977 615 3051 nonnulli,
630 2980 834 3040 communiter
852 2985 955 3040 tenent
971 2979 1034 3038 DD.
1057 2995 1120 3040 non
1146 2977 1222 3042 solu

234 3068 403 3149 jejunium,
419 3069 590 3148 sumptione
604 3067 733 3147 pulveris
747 3067 841 3128 tabaci
853 3085 907 3148 per
917 3084 1020 3140 nares,
1031 3067 1085 3128 etsi
1101 3067 1223 3148 aliquid

237 3157 267 3218 in
282 3153 470 3218 stomachum
481 3155 709 3230 transmittatur,
723 3157 794 3236 quia
805 3173 865 3216 non
881 3155 1010 3216 sumitur
1024 3173 1078 3236 per
1088 3157 1223 3220 modum

237 3245 430 3309 ammestionis
440 3245 492 3306 sed
502 3245 686 3306 attractionis
699 3251 745 3306 :et
758 3243 838 3305 idem
848 3251 894 3305 est
906 3243 1070 3305 dicendum
1084 3244 1123 3306 de
1140 3251 1223 3328 aqua

237 3336 358 3412 trajecta
378 3351 450 3395 casu
475 3351 527 3413 per
549 3350 659 3393 nares:
682 3333 722 3394 ila
742 3333 955 3394 communiter.
977 3331 1009 3392 ld
1028 3339 1132 3393 lamen
1160 3351 1234 3424 nonj

238 3423 366 3485 admittit
387 3423 418 3484 S.
439 3421 619 3500 Ligaunus,
640 3421 663 3482 si
687 3422 755 3503 quis
776 3440 811 3482 ex
834 3422 987 3503 proposito
1006 3420 1151 3483 tabacum
1176 3421 1223 3484 rcl

239 3528 350 3591 nquam
373 3528 427 3590 per
449 3527 537 3570 nares
559 3509 590 3569 in
610 3511 797 3572 stomachum
819 3511 987 3588 trajiceret,
1010 3510 1083 3590 quia
1106 3529 1146 3572 ex
1172 3511 1221 3574 lali

239 3600 424 3675 intentione,
440 3597 592 3677 absorptio
611 3598 749 3661 indueret
769 3607 907 3661 naturam
926 3599 1088 3680 potationis
1102 3599 1150 3663 vel
1167 3618 1221 3664 ao·
