2498 3966
276 223 362 268 tmen
384 222 543 267 excosous.
566 239 605 250 -
625 223 817 268 nrrnuorcss.
977 207 1034 266 789

59 344 216 418 separato,
239 352 414 415 eorumque
443 331 601 398 Olliciales
628 352 683 398 eeu
713 333 851 396 vicarios
878 332 911 394 in
941 334 1037 414 spiri·

58 425 201 488 tualibus
212 424 384 504 generales,
401 434 442 498 et,
462 424 536 487 sede
562 432 703 498 recente,
730 423 893 486 vicarium
918 423 1038 506 capitu·

59 517 160 578 larem
175 512 224 576 vel
238 513 413 592 legitimum
426 511 737 576 Administretorem.

103 625 119 662 s
149 607 179 666 3ο
217 600 375 664 vicariurn
414 603 622 683 capitularem
653 620 708 664 seu
743 601 1037 664 Administratorem

57 712 114 757 eas
139 710 266 776 quoque
295 690 544 772 dispensationes
572 691 759 771 apostolicas
795 691 906 772 exequi
938 708 1037 771 posse,

32 802 35 806 ’
60 801 133 864 quae
148 781 286 844 remissae
300 777 416 842 luerint
430 778 595 860 Episcopo,
614 777 795 842 aotlicario
819 779 888 858 ejus
900 779 1038 859 generali

60 873 110 934 vel
127 871 270 940 Ol'iiciali,
288 867 430 930 nondum
444 867 622 930 executioni
637 869 812 943 mandatas,
831 869 896 929 sive
913 868 944 928 lri
971 867 1040 929 illas

59 962 176 1041 exequi
199 958 366 1040 oceperint,
392 958 551 1019 sivenon.
585 955 623 1018 Et
656 957 803 1034 vicissim,
827 958 902 1020 sede
927 959 1040 1020 deinde

60 1049 200 1132 provisa,
230 1065 322 1130 posse
351 1047 542 1128 Episcopum
556 1045 603 1108 vel
629 1046 698 1126 ejus
713 1045 873 1109 llicarium
898 1047 929 1108 in
949 1047 1040 1127 spiri·

60 1139 206 1202 tualibus
227 1137 405 1219 generalem
423 1154 478 1198 seu
497 1133 683 1210 llllicielem,
699 1138 811 1217 exequi
834 1137 1036 1219 dispensatio·

61 1250 119 1293 nes
149 1247 221 1309 quae
236 1225 360 1290 Vicario
388 1225 555 1306 capitulari
581 1224 774 1307 exequendo
806 1227 943 1289 remisse
971 1225 1039 1288 lue-

60 1330 145 1393 rent,
166 1335 220 1380 seu
239 1315 290 1378 lric
311 1315 379 1376 illas
392 1315 507 1396 exequi
520 1317 660 1395 emperit,
675 1333 730 1377 seu
748 1315 866 1376 minue.

104 1407 169 1469 ιν
184 1403 437 1488 dispensationes
464 1405 713 1468 matrimoniales
740 1402 905 1468 Ordinario
931 1403 1041 1468 Orato-

60 1518 134 1564 rum
157 1497 341 1560 commissas
361 1496 561 1578 exequendas
586 1513 654 1560 esse
668 1495 708 1557 ab
732 1494 787 1557 illo
803 1495 970 1558 Ordinario
986 1497 1041 1578 qui

62 1591 183 1652 litteras
209 1583 434 1647 testimoniales
457 1584 554 1660 dedit,
579 1587 624 1646 rel
642 1603 750 1666 preces
766 1587 939 1648 transmisit
954 1587 992 1650 ad
1008 1585 1039 1649 S.

61 1676 176 1743 Sedem
206 1673 430 1755 Apostolieam
455 1673 520 1735 eive
549 1673 589 1734 sit
609 1673 795 1735 ordinarius
822 1677 1042 1754 originissive

62 1764 230 1843 domicilii,
285 1763 350 1824 sive
386 1759 552 1841 utriusque
592 1761 714 1841 sponsi,
748 1763 812 1823 sive
862 1764 1042 1826 alterutrius

64 1873 197 1920 eorum:
226 1851 349 1916 etiamsi
377 1848 482 1931 sponsi
505 1867 569 1929 quo
585 1857 726 1928 tempore
747 1851 1042 1914 executionidandu

72 1945 127 2010 trit
159 1940 364 2024 dispensatio,
394 1938 502 2001 relicto
529 1937 616 2000 illius
639 1939 782 2002 dioecesis
815 1939 988 2018 domicilio,
1009 1947 1041 2006 in

64 2039 160 2101 aliam
175 2029 336 2096 dioecesim
361 2028 572 2100 discesserint,
595 2044 660 2089 non
701 2029 837 2111 amplius
873 2031 1041 2108 reversuri,

64 2123 187 2190 monito
214 2131 332 2197 tamen,
364 2120 389 2181 si
423 2117 455 2180 id
480 2115 630 2199 expedire
647 2116 846 2198 iudicaverit,
875 2118 1041 2186 Ordinario

64 2218 125 2280 loci
138 2215 167 2275 in
182 2229 246 2292 quo
263 2208 500 2270 matrimonium
513 2215 613 2270 oontrr
623 2206 720 2270 hitur.

107 2328 122 2360 s
135 2303 167 2364 5·
180 2297 345 2363 Ordinario
359 2297 508 2380 predico
523 2295 663 2372 lassoss,
680 2297 705 2358 si
732 2296 774 2358 ita
803 2315 930 2381 quoque
949 2317 1039 2380 expe·

63 2393 133 2456 dire
154 2388 353 2469 judicaverit,
378 2389 414 2449 ad
442 2385 692 2466 dispensationis
717 2388 935 2452 executionem
953 2389 1040 2450 dele-

63 2500 139 2564 gere
184 2477 282 2540 alium
316 2475 529 2548 Ordinarium,
572 2491 646 2536 eum
682 2477 854 2554 praesertim
890 2478 923 2539 in
950 2479 1039 2558 cujus
1129 2519 1130 2522 κ

65 2571 192 2634 dioecesi
209 2567 315 2648 sponsi
329 2575 401 2626 ectu
414 2563 544 2642 degunt.
561 2583 577 2618 e

408 2927 599 2991 APPENDIX
615 2927 691 2992 XVI.

344 3088 430 3136 cluet
462 3089 626 3136 urvuttrtutt
654 3089 760 3136 ctvrtlt.

469 3213 514 3273 (na
529 3227 552 3276 ρ.
566 3211 634 3277 aer.)

106 3369 257 3432 Restituta
286 3367 371 3448 apud
401 3383 457 3429 nos
482 3365 724 3430 civilisdivortil
739 3367 820 3449 lege,
846 3373 1040 3452 gravissimae

63 3466 265 3522 axortaesunt
289 3456 509 3518 controversiae
544 3463 575 3517 et
600 3456 773 3520 anxietates
795 3459 900 3538 quoad
923 3471 1040 3524 rectam

64 3546 180 3630 agendi
192 3545 345 3608 rationem
363 3555 429 3608 tum
460 3544 615 3626 judicum,
631 3546 687 3626 qui
703 3547 873 3608 sententias
887 3548 1040 3628 prolaturi
