2482 3944
207 133 247 196 8¹2
426 147 563 194 umerum
583 148 682 194 nortus
700 149 783 196 rums
803 145 953 194 ctuonrct.

208 249 317 325 latret,
336 255 366 311 et
387 248 497 330 duplex
520 255 565 310 est
585 249 731 310 sententie
755 268 763 309 ε
786 248 835 310 ulii
859 247 964 308 dicunt
984 243 1068 307 illum
1094 264 1198 326 posse

207 337 447 414 communicare,
460 339 613 420 praemisse
627 337 817 412 contritione,
828 333 1047 417 quincentiteri
1061 332 1194 406 debeat,

207 422 1194 508 eoquddconlessariusinleriorinhoccesucaretjurisdictione‚

208 517 297 576 etiem
313 515 413 596 quood
426 523 545 595 peccate
558 521 795 588 decrescerent,
807 515 878 575 olim
895 531 955 574 non
970 511 1077 574 debeat
1091 511 1195 573 dividi

208 602 356 666 consessio
377 611 569 684 peccatorum
584 623 592 678 ;
608 603 657 664 elii
677 601 926 665 communissime
946 607 977 662 et
998 600 1198 682 probantum

208 690 314 754 dicunt
335 692 419 755 illum
437 694 531 754 teneri
547 699 620 754 tunc
633 691 671 754 ad
685 689 924 766 confessionem,
938 689 1009 770 quia
1029 687 1089 750 hoc
1108 709 1196 771 prae·

208 789 329 862 ceptum
343 788 440 861 urget,
453 783 523 842 ciuu
534 781 627 862 possit
639 779 808 860 adimpleri.
823 777 882 840 Sed
891 779 1000 840 iterum
1014 777 1198 858 disputetur

208 887 247 932 an
262 871 373 947 otiaur,
389 871 419 930 in
435 869 493 932 hoc
509 888 581 932 casu
594 917 602 945 ‚
617 870 750 933 accusari
772 867 902 930 debeant
924 875 1071 929 reservata
1093 868 1196 941 simul

209 976 279 1020 cum
295 977 356 1019 non
371 961 536 1020 reservatis.
553 959 627 1021 Vide
641 978 690 1039 up.
707 961 738 1020 S.
753 957 874 1037 Liguor.
895 955 961 1034 lib„
978 965 1011 1016 n⁰
1025 959 1108 1034 265).

249 1049 338 1108 3t39.
360 1046 442 1109 Idem
458 1045 641 1128 probabilius
658 1047 763 1108 dicunt
787 1045 887 1128 plures
908 1061 980 1106 casu
995 1043 1024 1105 in
1039 1063 1102 1125 quo
1115 1047 1195 1126 quis

209 1133 332 1196 haberet
345 1135 688 1197 excommunicationem
698 1142 877 1196 reservatam
890 1180 898 1208 ‚
915 1150 970 1194 nec
982 1140 1083 1213 posset
1093 1135 1195 1195 omit-

210 1229 273 1285 tere
287 1224 408 1284 missam
429 1225 494 1284 sine
508 1223 651 1286 scandalo
674 1230 727 1286 aut
749 1227 818 1283 nott
838 1221 992 1282 inluminet
1013 1222 1085 1302 quia
1108 1224 1196 1287 sieut
1232 1199 1233 1256 l

211 1311 484 1402 excommunicatio
499 1331 560 1375 non
577 1314 673 1394 privet
685 1319 759 1374 tunc
773 1312 963 1392 susceptione
977 1311 1192 1391 Eucharistiae,

128 1457 129 1460 ,
211 1407 245 1462 ut
258 1402 459 1462 communiter
473 1401 578 1462 dicunt
592 1403 713 1478 Suerm,
730 1401 813 1481 Lugo
826 1407 855 1461 et
869 1399 936 1472 atti,
952 1406 1055 1460 contra
1070 1402 1146 1462 Soto
1162 1411 1194 1464 et

212 1487 358 1569 quosdam
371 1489 464 1550 elios:
481 1490 521 1550 ita
537 1508 591 1551 nec
606 1490 802 1552 Poenitentiae.
823 1487 927 1549 iulide
941 1489 1023 1549 eninr
1037 1491 1108 1569 quis
1131 1509 1194 1570 po-

213 1583 270 1638 test
283 1577 393 1638 absolvi
404 1581 420 1639 it
431 1579 572 1658 peccatis,
586 1597 646 1640 non
658 1579 812 1658 praemisse
822 1577 1008 1638 absolutionc
1017 1580 1191 1646 icensure,
1232 1575 1233 1608 l

212 1668 282 1728 ciun
307 1664 467 1746 prohibitio
491 1665 632 1728 Ecclesiae
656 1685 717 1728 non
744 1667 838 1746 possit
858 1665 974 1726 irritare
997 1667 1192 1730 Sucrumeuti

215 1755 361 1831 valorem,
377 1754 428 1816 ubi
444 1773 480 1816 en
493 1755 595 1816 cumin
610 1755 801 1835 reperiuntur
815 1772 883 1834 quae
894 1756 986 1832 ejure
999 1754 1101 1815 divino
1116 1767 1193 1818 sunt

213 1844 355 1924 requisita
368 1843 405 1903 ud
419 1845 600 1904 sacramenti
615 1843 807 1904 validitatem.
824 1844 870 1922 (S.
887 1843 1021 1924 Lignor„
1038 1841 1179 1920 ibidem.)

252 1936 340 1994 3tto.
358 1932 468 2002 onem
497 1936 526 1992 t⁰
541 1930 936 2011 Quomodointelligendnm
947 1933 986 1992 sit
1000 1941 1192 2012 praeceptum

213 2019 415 2080 sacerdotibus
428 2022 446 2079 e
460 2019 635 2081 Tridentino
650 2019 840 2099 impositum,
860 2019 1078 2102 quamprimum
1092 2023 1190 2104 confi·
1232 2025 1233 2058 l

213 2105 321 2167 tendi?

253 2195 341 2275 ltesp.
360 2199 390 2256 l⁰
404 2197 525 2257 Certum
539 2201 584 2256 est
599 2195 628 2256 in
643 2195 701 2258 hoc
714 2215 780 2258 esse
793 2198 862 2258 rere
873 2204 1077 2278 praeeeptum;
1093 2199 1192 2280 siqui—

212 2284 281 2345 dem
296 2283 438 2345 demnata
457 2283 513 2345 luit
534 2283 573 2346 ab
598 2285 681 2346 Alex.
699 2287 749 2345 Vll
771 2285 932 2365 propositio
955 2305 1023 2366 quse
1044 2285 1189 2352 dicebat:
1232 2279 1233 2368 l

217 2371 427 2434 «litutrdntum
447 2371 612 2434 'tridentini
637 2371 748 2436 luctum
774 2372 918 2434 sacerdoti
943 2374 1122 2436 sacrificanti
1149 2396 1191 2439 ex
1232 2373 1233 2416 t

212 2483 228 2519 r>
253 2460 1187 2544 necessitateoumpeccatomortali,confitendiquemprimum,

213 2571 228 2607 o
253 2557 297 2609 est
311 2549 481 2628 consilium,
494 2569 554 2611 nou
564 2559 759 2631 praeceptum.
774 2573 788 2608 u
801 2550 860 2612 Sed
874 2551 931 2614 hoc
944 2560 1130 2633 praeceptum
1141 2561 1191 2617 est

213 2637 404 2700 solummodo
419 2639 664 2700 ecclesiasticum.

253 2730 342 2788 utet.
355 2761 393 2772 -
403 2731 435 2790 2⁰
450 2727 501 2790 llio
517 2727 662 2807 particule
676 2727 892 2808 quamprimiem
908 2745 970 2789 non
985 2735 1082 2810 potest
1095 2729 1188 2792 intel·
1232 2751 1233 2790 t

213 2815 282 2896 ligi,
305 2817 376 2878 cum
397 2815 536 2877 sacerdos
556 2833 612 2876 suo
633 2823 769 2896 tempore
791 2813 1006 2878 confitebitur:
1028 2818 1112 2898 quod
1130 2819 1190 2882 luit
1232 2799 1233 2880 l

213 2905 324 2990 puriter
343 2903 519 2964 damnatum
540 2902 578 2963 ab
600 2903 709 2964 eodem
730 2903 813 2965 Alex.
838 2905 890 2964 Vll
912 2905 1010 2986 (prop.
1027 2907 1099 2984 39l;
1129 2927 1190 2971 nec
1232 2887 1233 2920 ¹

213 2995 303 3055 etium
318 2993 388 3052 cium
403 2991 537 3070 primum
548 2989 613 3050 tulis
626 2991 765 3053 sacerdos
778 2991 987 3054 celebraverit:
1003 2992 1068 3056 haec
1081 2997 1190 3076 opinio

214 3089 336 3141 vocetur
349 3081 366 3139 u
380 3079 412 3140 S.
431 3076 569 3156 Lignorio
590 3081 716 3142 omuino
730 3080 952 3162 improbabilis;
975 3083 1027 3144 sed
1049 3102 1190 3148 commu-

216 3168 292 3227 niter
320 3165 425 3228 dicunt
447 3167 510 3226 DD.
549 3165 621 3228 illud
643 3169 861 3249 qunmprimiem
884 3168 1008 3252 intelligi
1037 3191 1126 3252 posse
1149 3175 1190 3238 de

215 3255 329 3328 tridu03
347 3253 401 3314 nisi
417 3253 464 3315 die
473 3255 604 3316 crastino
613 3264 691 3317 esset
703 3257 929 3334 celebrandum,
941 3261 985 3322 vel
998 3261 1066 3334 nisi,
1077 3262 1188 3326 eodem

215 3342 278 3414 die,
301 3349 380 3404 esset
398 3341 484 3424 copia
501 3344 695 3424 confessarii,
718 3365 781 3428 quo
801 3365 854 3430 per
876 3347 979 3430 plures
998 3349 1065 3412 dies
1087 3349 1188 3414 dictus

215 3431 491 3496 sucerdoscorebit.

256 3514 1187 3608 sustenementumtmmtuuntptcmumpmm
