2482 3944
194 121 233 188 50
412 136 548 184 nrrruars
568 136 668 185 rossus
688 137 769 184 tarnis
790 137 938 185 canoniea.

233 241 321 302 3500.
346 237 482 302 Nolanda
496 243 566 297 sunt
579 235 703 318 insuper
716 237 807 298 verba
825 235 941 298 Decreti
953 234 1068 300 Urbani
1082 238 1184 302 vm:

198 350 214 386 a
236 327 265 388 Si
282 327 416 388 tribuens
426 324 650 406 eleemosynam
660 325 733 386 sciat
742 323 833 404 (quod
845 323 922 386 infra
930 323 1188 388 modicumtem·

87 453 94 470 κ.
194 439 210 475 a
235 435 292 497 pus
313 416 413 477 missae
436 432 497 476 non
519 414 633 495 possint
650 413 805 492 celebrari)
825 420 856 476 et
874 414 1037 476 consentiat
1057 421 1093 476 ut
1118 415 1189 478 illae

195 527 210 564 n
235 513 308 567 tunc
321 505 445 566 ‹lemum
459 501 659 578 celebrentur,
674 503 745 564 clim
759 502 905 583 susceptis
923 501 1068 564 oneribus
1085 505 1191 565 satis-

196 617 210 653 »
236 591 347 654 sactum
362 591 468 667 suerit,
482 594 642 653 Decretum
653 609 713 652 non
724 589 863 671 probibet
872 591 1038 671 quominus
1053 591 1085 651 in
1101 611 1191 654 casu

196 703 210 742 a
236 681 427 762 eleemosyna
441 679 605 760 accipiatur
619 697 673 760 pro
687 677 802 740 eisdem
816 679 920 742 ,missis
931 679 1016 756 juxta
1029 677 1192 744 bencfac-

196 791 211 829 a
237 769 309 830 toris
325 785 508 830 consensum
521 765 748 828 celebrandis.»

237 861 326 919 3301.
350 857 430 919 Noto
445 856 568 936 insuper
585 874 593 916 :
610 858 640 916 l⁰
655 855 815 916 Decretum
836 853 854 916 a
874 853 909 915 P.
933 854 975 916 La
996 855 1087 918 Croix
1102 859 1194 920 rela-

197 952 273 1021 tum,
285 947 315 1006 in
327 964 388 1025 quo
401 946 552 1006 sancitur:
568 965 583 1001 a
598 944 811 1021 Eleemosyoas
826 943 1018 1004 manualeset
1028 945 1194 1025 quotidia-

196 1057 211 1094 n
238 1052 292 1094 nas
315 1033 354 1094 ita
368 1031 491 1094 demum
507 1031 675 1094 sacerdotes
689 1031 825 1111 accipere
843 1032 974 1112 possint,
990 1031 1013 1093 si
1029 1035 1195 1098 oneribus

197 1144 212 1180 a
237 1130 323 1183 antea
351 1121 499 1202 impositis
520 1121 561 1182 ila
574 1119 785 1196 satisfecerint,
803 1125 837 1180 ut
855 1139 931 1181 nova
945 1139 1068 1202 quoque
1083 1141 1194 1187 onera

199 1233 212 1266 a
239 1211 390 1290 suscipere
404 1211 538 1284 valeant,
554 1209 687 1289 alioquin
702 1207 828 1270 omnino
842 1208 1022 1270 abstineant.
1038 1231 1053 1267 n
1068 1245 1115 1256 ¹-
1130 1215 1195 1276 Eae
1233 1219 1234 1288 l

198 1297 268 1358 dem
285 1305 387 1360 tamen
411 1301 441 1360 S.
458 1299 584 1378 Congo,
601 1299 775 1360 auctoritate
788 1296 900 1360 Urbani
918 1299 998 1372 Vlll,
1014 1297 1193 1366 declararit

199 1385 367 1449 sacerdotes
384 1409 399 1444 n
414 1405 501 1468 posse
516 1405 593 1448 nova
613 1386 784 1467 suscipere,
800 1383 967 1448 dummodo
989 1385 1067 1448 inlra
1084 1391 1196 1452 modi·
1233 1405 1234 1484 l

199 1499 213 1533 a
238 1494 310 1537 cum
325 1483 459 1557 lempna,
475 1475 590 1555 possint
603 1474 745 1536 omnibus
759 1475 938 1536 satisfacere.
955 1496 970 1533 a

240 1569 328 1626 3502.
353 1565 432 1625 Nota
451 1569 482 1624 2⁰
507 1565 690 1644 Sequentem
720 1563 956 1644 propositionem
981 1561 1019 1624 ab
1048 1565 1196 1630 Alexan-

200 1651 255 1714 dro
267 1655 317 1713 Vll
332 1653 524 1714 damnatam:
541 1673 555 1709 a
567 1651 757 1731 Duplicatum
772 1649 955 1731 stipendium
969 1659 1068 1732 potest
1083 1674 1196 1718 sacer-

201 1763 215 1800 a
238 1741 293 1802 dos
307 1761 361 1822 pro
378 1741 484 1803 eadem
503 1739 592 1800 missa
608 1739 686 1800 licite
700 1739 854 1820 accipere.
870 1740 1048 1820 applicando
1064 1749 1196 1822 petenti

200 1852 215 1888 n
241 1837 355 1910 partem
374 1831 463 1892 etiam
485 1829 729 1910 specialissimam
748 1827 862 1890 sruclds
881 1828 999 1909 ipsimet
1012 1829 1194 1897 celebranti

200 1940 215 1977 a
240 1919 549 1998 correspondentem:
571 1916 661 1996 idque
680 1923 748 1997 post
762 1919 922 1978 Decretum
937 1917 1048 1980 Urbani
1066 1921 1154 1984 Vlll.
1175 1949 1191 1983 u

200 2007 285 2066 ltatio
299 2005 501 2066 damnationis
515 2007 644 2084 estquis
665 2005 823 2084 applicatio
841 2007 954 2066 l'ruclds
968 2007 1195 2085 specialissimi

200 2093 285 2154 ualde
300 2094 412 2153 incerta
427 2101 491 2170 est,
506 2095 577 2153 oiim
592 2093 677 2154 multi
693 2095 754 2153 DD.
772 2101 882 2173 negent
897 2093 979 2156 illam
992 2113 1082 2176 posse
1096 2100 1117 2158 a
1134 2119 1195 2165 ee-

202 2179 336 2243 lebrante
348 2179 431 2242 alleri
446 2180 598 2262 applicari.
617 2179 690 2243 Vide
705 2181 782 2242 dicta
799 2183 914 2261 (3480).

241 2271 330 2331 3503.
354 2269 474 2340 Quarit.
492 2273 522 2330 2⁰
537 2272 583 2329 Aa
598 2269 736 2332 sacerdos
757 2277 861 2351 peccet
882 2271 1019 2351 graviter,
1034 2273 1196 2343 omittens

201 2357 352 2420 celebrare
364 2357 507 2436 missam,
524 2357 547 2420 si
562 2357 746 2439 stipendium
761 2377 816 2438 pro
830 2358 880 2420 itta
891 2366 1048 2441 acceptum
1064 2363 1104 2424 sit
1122 2385 1197 2431 ma-

201 2445 272 2508 teria
288 2445 381 2508 levis?
390 2481 430 2493 -
444 2449 480 2507 Et
493 2447 566 2529 quid
580 2447 604 2508 si
620 2447 711 2509 missa
724 2445 827 2508 fuisset
841 2447 932 2528 gratis
946 2449 1124 2529 promissa?

241 2535 330 2617 llesp.
350 2535 394 2597 ad
407 2535 535 2617 primam
549 2536 735 2618 quaestionem
743 2535 894 2616 duplicem
904 2555 969 2598 esse
979 2539 1193 2623 sententiam3

202 2621 354 2688 affirmans
374 2632 475 2687 autem
495 2631 618 2688 vocatur
632 2623 816 2708 probabilior
834 2626 850 2686 lt
873 2626 904 2686 S.
921 2625 1042 2705 Liguor.
1058 2628 1129 2704 (lib.
1151 2639 1194 2711 6,

202 2715 235 2774 n⁰
248 2715 318 2792 317,
334 2734 365 2796 q.
381 2713 411 2788 3)
429 2734 436 2776 :
457 2713 528 2796 quia
542 2715 668 2794 gravitas
689 2713 823 2775 materiae
841 2731 902 2774 non
916 2719 960 2775 est
973 2723 1197 2786 mensuranda

202 2801 232 2865 in
246 2803 353 2866 ordine
362 2803 399 2865 ad
415 2803 599 2884 stipendium
609 2849 617 2879 ‚
629 2801 681 2864 sed
691 2801 729 2863 ad
740 2799 873 2864 fructum
886 2821 947 2883 quo
961 2803 1195 2884 privatureleo·

202 2907 363 2972 mosynam
379 2891 528 2971 praebens.

241 2979 414 3042 Notandum
425 2987 468 3040 est
476 2977 524 3040 hic
535 2980 694 3041 Decretum
704 2980 734 3040 S.
749 2979 780 3039 C.
790 2979 883 3042 Gonc.
892 2979 979 3058 jussu
989 2981 1105 3046 Urbani
1118 2989 1196 3055 vlu

201 3065 331 3142 editum,
357 3073 387 3128 et
404 3066 442 3127 ab
460 3067 564 3128 lnnoc.
581 3069 651 3144 ΧΠ,
671 3073 812 3149 utsupra
830 3067 962 3131 diximus
976 3073 1089 3149 (3406),
1110 3093 1196 3140 con.

202 3154 380 3215 lirrrratum:
409 3155 503 3216 aPro
532 3154 667 3236 pluribus
690 3156 788 3218 missis
813 3156 1001 3219 celebrandis
1028 3159 1196 3240 stipendia

202 3263 218 3302 a
242 3252 501 3324 precntumcumque
524 3243 649 3324 calpae,
675 3247 736 3306 siue
757 3243 795 3306 ab
820 3248 900 3322 und,
917 3246 977 3308 siro
1000 3249 1016 3308 a
1040 3248 1195 3329 pluribus

201 3349 218 3389 a
243 3331 379 3411 personis
405 3331 512 3394 collata
540 3329 674 3410 luerint,
695 3339 749 3396 aut
770 3333 964 3397 conserantur
989 3333 1193 3406 infuturum
1233 3395 1234 3406 ,

203 3442 218 3480 a
243 3419 446 3483 sacerdotibus
470 3429 499 3482 ct
526 3419 661 3494 clericis;
686 3423 716 3484 S.
740 3423 773 3484 C.
797 3423 855 3482 sub
875 3423 1071 3486 obtestatione
1086 3425 1192 3496 divini
1233 3407 1234 3452 ¹

204 3531 218 3568 s
240 3509 344 3587 iudicii
369 3508 492 3572 nanum
510 3515 545 3576 ul
566 3507 701 3574 absoluto
719 3518 763 3574 lot
777 3521 877 3574 nussae
897 3511 1088 3578 celebrentur
1107 3532 1191 3600 quoa
1233 3549 1234 3618 l
