2420 3968
430 237 516 284 6666
538 237 693 285 66666666.
982 228 1041 289 619

69 331 196 394 habilior
209 332 324 394 ridetur
347 331 457 396 Sancto
476 332 637 415 Lignorio,
653 334 758 398 saltem
782 335 821 400 ob
836 338 1041 401 auctoritatem

68 421 268 484 extrinsecam
276 441 285 499 ;
297 420 349 484 scd
363 421 495 486 secunda
509 423 598 485 ctiam
610 423 664 506 ipsi
678 433 723 485 sat
736 425 900 507 probabilis
910 426 1041 491 videtur:

69 509 151 573 unde
167 529 227 574 non
250 509 341 574 audet
362 511 399 573 ad
421 510 637 574 restitutionem
652 512 797 578 damnare
817 515 1043 578 beneficiarium

69 601 123 681 qui
148 600 225 663 bona
248 599 309 664 lida
327 601 480 663 recitasset
502 619 573 664 cum
596 601 789 666 distractione
811 605 993 682 voluntaria,
1013 611 1044 668 ct

70 691 151 752 bona
171 690 232 753 lida
255 691 365 774 pariter
386 689 502 754 fructus
522 691 721 772 percepisset3
747 693 771 754 si
791 703 892 756 autem
907 695 1043 757 nondum

70 780 267 862 percepisset,
284 797 346 841 non
365 787 464 862 posset
475 797 545 842 cum
559 780 652 842 dubia
666 779 725 842 lide
740 781 870 862 incipere
884 784 1043 865 possessio·

71 887 165 947 nem,
186 875 220 930 ut
238 868 351 930 videtur
373 869 404 929 in
424 875 549 932 tractatu
572 870 610 932 (16
631 871 755 950 justitia.
775 870 847 934 Vide
860 873 890 935 S.
908 873 1042 954 Lignea..

72 959 126 1020 lib.
141 963 177 1036 1,
193 974 227 1019 n⁰
243 961 319 1035 1“1“1;
335 963 365 1020 61
378 957 429 1020 lib.
445 960 485 1034 3,
502 970 535 1020 6ο
547 962 621 1038 669,
637 963 707 1022 sal.
1008 964 1011 973 '

112 1051 203 1112 5168.
225 1046 397 1110 Notandum
411 1053 457 1109 est
475 1055 576 1110 autem
590 1049 672 1130 qudd
690 1050 795 1126 etiam,
813 1051 898 1129 juxta
916 1051 1045 1114 fautores

72 1139 181 1222 prime
194 1138 365 1215 sententie,
377 1141 410 1199 ut
424 1135 657 1218 aliquisdicatur
673 1138 774 1202 ollrcio
785 1157 847 1202 non
861 1139 1043 1218 satisfacere,

76 1245 138 1291 non
152 1227 251 1290 sollim
265 1226 426 1308 requiritur
444 1233 478 1288 ut
490 1227 655 1291 voluntarie
670 1247 702 1292 se
716 1229 874 1306 distrahat,
889 1227 1046 1291 sedetiam

75 1325 108 1382 ul
124 1318 214 1400 plene
226 1317 359 1379 advertat
375 1333 408 1378 se
431 1316 612 1394 distrahere3
635 1323 665 1380 et
685 1321 827 1382 Doctores
845 1318 1047 1381 communiter

75 1413 204 1471 monent
217 1405 300 1489 qudd
314 1405 337 1468 si
360 1404 516 1469 advertens
528 1424 560 1468 se
577 1403 716 1487 distrahi,
737 1408 845 1470 habeat
863 1407 1046 1470 mediocrem

74 1495 264 1579 diligentiam
278 1493 315 1557 ad
327 1495 556 1572 attendendum,
573 1497 756 1559 nullomodo
768 1503 870 1579 peccet
881 1495 1048 1579 :quisemi

75 1587 167 1670 plene
181 1585 345 1648 adverteret
358 1583 396 1648 ad
409 1583 649 1662 distractionem,
665 1593 801 1667 peccaret
814 1585 938 1667 quidem
951 1585 1049 1649 venia·

76 1677 162 1754 liter,
177 1677 202 1738 si
213 1675 294 1736 illam
308 1690 370 1736 non
384 1679 574 1750 retractaret;
589 1681 722 1736 attamen
741 1674 972 1737 substantialiter
985 1673 1049 1735 olli·

76 1767 125 1829 cio
139 1763 340 1840 satisfaceret,
364 1763 435 1824 clim
454 1763 551 1844 prima
573 1762 710 1824 voluntas
729 1762 906 1824 intendendi
931 1779 1050 1843 semper

76 1859 249 1938 perseveret
261 1852 360 1914 donec
372 1867 444 1914 cum
458 1851 641 1913 advenientia
656 1850 744 1932 plena
759 1869 820 1912 non
835 1856 998 1912 convocetur.

119 1947 211 2007 5169.
233 1944 291 2006 Pro
306 1940 509 2022 scrupulosis,
526 1939 693 2002 notandum
708 1957 759 2002 eos
773 1938 847 2000 611111
860 1939 954 2002 teneri
968 1957 1051 2021 repo·

77 2045 160 2111 tere,
176 2032 234 2094 nisi
254 2032 327 2094 certi
347 2031 406 2092 sint
426 2034 557 2091 mutasse
579 2029 776 2090 intentionem
797 2028 926 2091 orandi:
946 2029 1007 2092 imd
1025 2030 1048 2092 61

80 2129 256 2206 paterentur
270 2137 372 2204 graves
387 2119 566 2196 anxietates,
583 2118 655 2201 ipsis
675 2124 776 2199 posset
791 2117 927 2181 interdici
945 2119 1049 2180 recita·

81 2215 124 2275 tio
146 2209 308 2286 Breviorii,
333 2207 503 2290 usquedum
529 2213 650 2289 possent
668 2207 733 2270 sine
751 2214 833 2270 tanto
857 2207 1051 2271 incommodo

80 2303 219 2366 recitare.
234 2334 274 2345 -
288 2301 318 2361 S.
335 2298 470 2379 Lignor,
486 2297 538 2359 lib.
554 2302 593 2376 1,
609 2309 642 2358 n⁰
658 2301 730 2374 111,
747 2298 779 2358 ia
792 2298 861 2380 fiae.

122 2393 213 2454 6160.
236 2388 357 2460 Ouaerit.
381 2387 578 2469 Ansitculpa
595 2405 656 2449 non
671 2405 788 2448 servare
799 2388 890 2449 situm
904 2387 936 2448 in
950 2385 1053 2448 recita·

80 2483 167 2544 tione
180 2477 271 2541 officii
284 2523 292 2558 ,
307 2476 418 2538 scilicet
437 2475 561 2552 stando,
585 2473 833 2554 genuflectendo,
855 2474 1052 2553 1661666161-

82 2568 179 2634 cam?

125 2661 217 2740 Resp.
240 2657 271 2720 Si
285 2661 389 2736 agatur
402 2654 440 2716 de
453 2651 561 2730 choro,
581 2653 707 2734 questio
721 2649 965 2728 controvertitur;
981 2669 1053 2732 pro·

84 2749 214 2812 habilior
227 2753 328 2809 tamen
339 2749 401 2822 est,
414 2744 498 2824 juxta
511 2744 541 2804 S.
551 2739 744 2822 Liguorium,
760 2740 906 2802 sententia
919 2755 1056 2801 asserens

85 2839 119 2900 in
133 2838 192 2900 hoc
206 2835 309 2900 adesse
322 2829 622 2918 peccatumvaniale3
639 2828 664 2890 si
679 2829 801 2892 econtra
815 2833 919 2908 agatur
931 2827 969 2890 de
983 2827 1056 2891 reci-

87 2927 201 2992 tatione
215 2931 298 2989 extra
311 2923 453 3000 chorum,
469 2917 615 3002 quidquid
631 2917 767 2980 nonnulli
786 2916 901 2996 dicant,
916 2917 999 2980 nulla
1012 2923 1057 2981 est

87 3016 178 3099 culpa
192 3015 223 3077 in
244 3009 416 3096 hujusmodi
434 3008 612 3084 omissione,
637 3005 705 3070 licet
720 3005 868 3069 laudabile
885 3007 923 3069 sit
939 3025 1056 3072 servare

89 3105 191 3169 situm.
214 3135 255 3152 -
274 3103 306 3167 S.
321 3101 456 3183 Lignor„
467 3097 520 3161 lio.
536 3102 575 3174 1,
592 3106 625 3157 n⁰
637 3100 709 3172 119,
720 3115 751 3177 q.
767 3099 798 3158 1.

520 3273 537 3352 6·
562 3275 619 3331 ln.

93 3406 138 3472 De
151 3401 344 3467 celebratione
355 3397 475 3482 publicai
486 3397 582 3460 divini
590 3397 687 3478 officii,
697 3406 727 3460 et
737 3397 946 3481 spcuoltterde
957 3406 1056 3460 66616.

135 3551 225 3613 6161.
239 3547 307 3609 Non
321 3543 582 3624 tantumprivalim
592 3541 727 3604 cilicium
738 3542 872 3620 divinum
882 3541 1059 3602 estrecitan-

96 3630 338 3714 commestam
346 3625 874 3712 panticaetenraudempreciput
882 3621 1058 3688 1611661616
