2474 3946
401 212 487 258 ursan
507 213 666 260 sreurnus.
964 198 1020 260 sat

69 315 107 371 ast
121 310 149 372 in
162 315 302 392 potestate
323 311 468 392 raptoris,
491 310 608 373 etiamsi
630 311 722 376 libers
744 314 810 396 ipsa
831 312 1025 376 matrimonio

69 400 231 474 consentiam
247 397 371 480 proinde
383 405 535 480 raptusest
549 401 799 480 impedimentum
807 403 884 482 juris
894 401 1023 482 positivi,

70 493 94 546 et
105 489 120 548 t
132 493 208 549 melu
223 487 302 567 gravi
316 487 501 550 distinctum.
516 522 557 534 -
567 489 599 550 S.
615 488 751 568 Liguor„
765 490 818 553 lib.
834 493 872 567 a,
888 491 921 552 u⁰
932 493 1022 553 teau.

102 578 182 638 ltlb.
197 577 242 638 Ex
256 575 372 658 legibus
395 576 602 659 imperialibus
620 580 754 641 romanis
765 587 891 660 ,raptus
905 578 1024 659 nuptias

69 663 276 746 inperpetuum
294 664 471 738 dirimebat,
494 665 534 726 ita
556 671 589 728 ut
608 667 692 730 nullo
710 685 847 751 unqpem
866 673 1023 747 ternpore,

26 772 28 776 ·
71 753 145 814 etiarn
158 771 225 815 cum
240 761 406 835 spontaneo
419 771 570 816 consensu
585 773 766 856 sponsorum
777 759 830 818 aut
842 761 1021 836 parentum,

23 863 24 866 ¹
72 841 182 922 amplibs
201 849 316 924 poteret
331 840 453 905 aalide
446 841 514 904 rniri
516 835 760 906 matrimonium
778 842 856 905 inter
876 850 1025 944 raptqrem

71 937 95 989 et
105 938 230 1030 raptam;
246 931 299 992 sed
313 930 372 992 hoc
385 948 447 992 non
460 929 516 993 lurt
524 931 690 994 admissum
700 933 717 994 a
726 931 844 1013 legibus
852 947 1023 993 canonrars

71 1033 100 1078 ex
109 1019 170 1096 jure
182 1021 263 1082 enim
278 1018 436 1092 canonico,
453 1025 523 1081 ante
536 1020 704 1082 Concilium
717 1019 928 1082 'tridentinum
938 1063 946 1094 ,
958 1035 1025 1099 rap·
1062 1055 1069 1064 ·

71 1111 109 1167 tus
119 1126 173 1169 non
183 1117 244 1170 erat
258 1107 510 1190 impedimentum
522 1108 578 1169 nisi
587 1115 737 1190 quatenus
747 1107 806 1170 vim
817 1104 1025 1188 supponebat:

71 1193 105 1256 sio
125 1197 202 1258 enim
227 1197 359 1258 decrerit
381 1197 575 1258 Innocentius
598 1199 636 1258 lll
660 1201 741 1279 (cap.
765 1195 856 1274 'l,de
870 1193 1025 1277 raptor.):

75 1303 87 1340 r
105 1285 188 1366 Rapta
201 1285 302 1367 puella
316 1285 447 1366 legitime
461 1285 608 1346 contrabit
621 1303 692 1348 cum
706 1293 825 1368 raptore
839 1285 864 1346 si
878 1283 960 1366 prior
970 1282 1027 1345 dis

71 1374 193 1436 reensio
217 1381 349 1436 transeat
373 1371 603 1473 postmodum
595 1393 627 1436 rn
655 1391 848 1438 consensum.
864 1394 936 1433 n-
953 1371 1027 1434 Vide

71 1460 174 1542 Soglia,
189 1461 422 1525 Institatrones
401 1461 486 1543 puris
496 1463 633 1543 probuti,
649 1461 667 1543 ξ
681 1467 749 1527 192

102 1555 183 1613 llll.
207 1549 313 1624 Quoad
323 1568 428 1633 poenas
442 1553 459 1612 t
473 1551 606 1613 Concilio
620 1552 785 1632 impositas,
801 1550 968 1614 notandum
983 1511 1027 1614 est

72 1639 159 1738 qudd
153 1659 240 1720 ipse,
256 1646 366 1722 praeter
379 1640 744 1718 excommunicationem,
760 1659 822 1702 non
837 1642 1028 1702 incurrantur

72 1727 126 1808 ipm
137 1727 286 1809 lacto,sed
297 1727 441 1791 duntaxat
450 1735 516 1810 post
526 1727 834 1790 sententiam-Vide
848 1727 879 1790 S.
890 1728 970 1808 big,
985 1725 1025 1789 ib.

506 1843 563 1901 lllv

347 1963 380 2011 aa
397 1960 581 2008 turcorueuro
595 1961 726 2005 emururss

102 2086 1026 2170 rats.floeimpedlmentumcriripotestexduplieicrimine:

72 2174 218 2244 homicidio
234 2178 389 2256 videlicet,
407 2184 438 2239 et
457 2177 603 2240 adulterio
621 2197 629 2238 ε
649 2183 680 2239 et
701 2177 865 2241 incurritur
883 2178 915 2240 in
933 2177 1029 2242 tribus

72 2268 192 2332 casibus:
209 2273 239 2331 1ο
258 2275 383 2348 utroque
402 2265 532 2348 conjuge
544 2273 684 2348 patrante
697 2265 912 2344 homicidium
927 2271 961 2329 2⁰
973 2287 1029 2330 una

72 2352 198 2420 duntaxat
207 2363 350 2440 patrante
358 2371 372 2430 ;
385 2361 415 2417 et
428 2357 459 2417 3ο
473 2354 597 2417 tandem
611 2355 724 2418 nemine
733 2365 885 2438 patrante.

103 2449 228 2510 tatu-
236 2449 268 2508 {⁰
276 2444 403 2518 Quidem
415 2452 537 2526 utroque
546 2453 686 2526 patrante
699 2445 889 2507 homicidium
903 2465 953 2508 seu
966 2465 1029 2508 con-

70 2530 259 2610 junctorum-
273 2537 310 2606 Ut
324 2541 397 2595 tunc
419 2532 457 2594 sit
476 2532 743 2614 impedimentum,
766 2551 827 2594 non
846 2539 891 2595 est
905 2551 1028 2596 neeesse

74 2623 142 2698 qudd
158 2623 335 2686 interveniat
352 2620 533 2684 adulterium
552 2621 630 2684 inter
644 2639 696 2683 eos
719 2621 772 2701 qui
788 2621 907 2700 nuptias
926 2619 1028 2682 volunt

74 2711 247 2786 contrahere,
264 2710 317 2774 sed
331 2711 495 2792 requiritur
517 2715 552 2772 ut
572 2710 683 2772 occisio
702 2709 841 2789 conjugis
863 2707 980 2768 eveniat
992 2725 1029 2769 ex

74 2802 213 2864 communi
233 2799 359 2864 consilio
380 2799 435 2861 viri
458 2806 488 2862 et
507 2798 629 2860 feminae
649 2800 727 2880 (cap.
742 2794 934 2860 Laudabilem
949 2797 981 2872 l,
995 2797 1030 2859 de

74 2901 140 2949 cmo.
154 2889 253 2970 infid.)
270 2895 300 2951 et
317 2887 369 2950 liat
387 2887 490 2950 animo
512 2886 706 2950 contrahendi
720 2883 944 2948 matrimonium
959 2903 1028 2949 cum

74 2977 394 3075 mmpliarhomicidii.
387 2995 394 3011 ·
413 2977 454 3038 ita
472 2975 719 3038 communissima
741 2973 841 3039 Glosso
860 2973 891 3037 in
910 2992 977 3058 cap.
993 2975 1031 3038 Si

74 3080 128 3141 qun
141 3067 250 3128 uiuente
260 3069 293 3128 31
306 3085 418 3147 ,q
379 3068 393 3126 l
432 3067 465 3125 v·
490 3063 650 3134 Occidisse;
672 3063 796 3144 quidam
818 3071 919 3126 tamen
943 3083 1030 3128 secus

74 3153 193 3216 sentiunt
202 3158 240 3217 ed
255 3155 364 3236 qudd'
358 3173 390 3216 rn
408 3173 474 3235 cap.
495 3151 687 3215 Medulliam
702 3153 784 3216 nulle
798 3151 850 3214 liat
863 3159 948 3215 ment
949 3154 977 3215 io
935 3153 1030 3216 tde

73 3233 121 3300 hae
132 3243 319 3320 eondrtrone
335 3243 388 3306 sed
403 3243 480 3304 bene
494 3241 679 3324 respondent
697 3242 767 3306 alii.
761 3241 929 3343 inquitS.
950 3243 1028 3324 Lig„

73 3324 143 3391 hanc
154 3331 357 3394 conditionem
370 3331 441 3394 satis
461 3330 584 3412 intelligi
600 3349 635 3392 ex
650 3328 711 3392 dne
729 3329 817 3410 legis,
833 3329 976 3393 nimirum
991 3350 1029 3394 ne

74 3417 171 3495 conjux
179 3418 665 3483 maobrnerurrnortemelterrusu
671 3425 772 3499 postea
782 3418 916 3480 cumalrn
924 3419 1027 3480 nubat.

107 3507 190 3569 4320.
206 3509 319 3572 Sufficit
331 3515 432 3571 autem
447 3513 481 3570 ut
494 3507 619 3570 intentio
634 3507 816 3568 rrratrimorrii
830 3505 908 3567 adsit
921 3507 952 3564 in
967 3521 1029 3564 uno

76 3587 340 3662 lumbnanobus.
359 3601 406 3662 dn
419 3598 491 3660 verb
503 3597 673 3676 requiratur
687 3601 720 3658 ut
733 3594 801 3656 tatis
810 3592 937 3655 intentio
946 3587 1028 3650 alteri
