2416 3954
356 206 441 253 uram
462 205 619 253 sacunnns.
923 197 979 260 lot

35 307 125 366 benum
140 303 272 368 voluntas
285 321 337 368 cas
354 304 488 368 lucrandi
510 323 577 386 qnae
600 305 668 366 verd
682 322 832 370 concessae
850 305 984 386 fuerunt,

35 411 215 476 quacumque
228 395 285 458 illae
299 394 376 469 sint;
393 394 524 456 maxime
543 400 644 455 autem
663 395 893 458 commendatur
906 400 987 462 utilis

35 481 121 560 praxis
144 483 311 548 renovandi,
330 482 464 564 quotidie
492 482 688 543 intentionem
717 483 850 547 lucrandi
880 505 988 550 omnes

36 568 217 653 indulgentias
225 573 313 634 variis
324 571 472 635 exercitiis
482 569 600 652 pietatis
609 577 639 632 et
647 569 735 634 bonis
744 573 886 654 operibus
900 595 986 658 pera-

36 657 126 736 gendis
140 659 212 722 torte
221 679 363 723 annexas.

67 751 146 810 tate.
158 751 236 812 -30
249 750 421 830 Requiritur
441 748 614 830 adimpletio
636 765 764 830 operum
785 751 916 816 attollis
942 755 986 817 vel

36 835 178 918 descriptis
191 839 450 920 praescriptorum:
467 838 503 900 iis
517 839 599 900 enim
614 855 676 898 non
690 836 877 918 adimpletis,
892 843 946 903 etsi
958 844 987 905 id

36 925 204 1007 contingeret
216 946 252 990 ex
269 927 438 1010 ignorantia
453 932 505 989 aut
519 925 711 1008 impotentia,
729 944 791 988 non
806 927 989 992 lucrifierent

36 1010 230 1095 indulgentiae,
248 1017 320 1096 quia
342 1034 387 1078 eae
410 1034 470 1077 non
498 1015 708 1078 conceduntur
731 1014 787 1076 nisi
810 1015 867 1077 sub
885 1018 989 1079 condi-

35 1100 102 1162 tione
122 1103 205 1166 dictae
232 1105 474 1186 adimpletionis;
500 1105 523 1166 si
548 1111 649 1166 tamen
672 1122 708 1165 ex
733 1122 824 1185 opere
847 1105 991 1186 requisito

36 1189 170 1253 modicum
183 1192 258 1274 quid
267 1193 467 1270 omitteretur,
477 1211 506 1254 v.
518 1212 548 1274 g.
563 1191 743 1255 caeremoaia
756 1193 891 1269 insacro,
905 1193 951 1254 vel
966 1195 990 1256 si

23 1281 126 1358 'parum
136 1281 345 1344 comederetur
362 1283 393 1343 in
404 1281 533 1360 jejunio,
548 1283 593 1343 vel
609 1299 704 1343 unum
723 1287 775 1343 aut
788 1281 849 1343 duo
864 1285 927 1343 Aac
937 1299 991 1344 ne·

34 1365 200 1446 gligerentur
211 1372 242 1432 in
255 1371 429 1434 recitatione
438 1389 618 1432 coronarum
630 1369 915 1450 deprecatoriarum,
930 1389 991 1434 non

34 1452 90 1517 rded
103 1457 307 1521 amitterentur
321 1458 528 1539 indulgentie,
543 1463 615 1540 quia
628 1457 726 1520 adhuc
741 1468 904 1539 poneretur
914 1479 992 1540 opus

33 1547 169 1609 moraliter
189 1547 357 1630 integrum,
371 1549 458 1628 Juxta
479 1549 662 1629 principium
680 1547 786 1627 juris:
810 1549 916 1628 portam
933 1569 992 1631 pro

33 1632 114 1696 a'tito
127 1647 295 1719 reputatur.

64 1727 146 1787 4580.
172 1727 359 1808 llegnlariter
378 1724 565 1805 indulgentia
587 1724 700 1806 acquiri
723 1725 829 1806 nequit
843 1743 898 1806 per
916 1744 994 1806 opus

33 1809 93 1874 alias
105 1813 252 1892 debitum;
269 1815 313 1876 sic
326 1814 460 1876 decisum
471 1817 509 1876 19
523 1813 593 1874 maii
611 1816 683 1874 tart
700 1833 730 1873 :a
741 1832 794 1894 per
804 1831 908 1894 preces
921 1815 995 1875 obli·
1046 1809 1052 1823 “

32 1920 44 1954 a
64 1904 194 1981 gatorias,
205 1923 235 1965 v.
249 1923 278 1983 g.
288 1903 560 1976 horascanonicas,
571 1919 633 1962 non
643 1901 885 1982 potestsatislreri
895 1903 992 1983 preci-

32 2007 44 2043 a
66 1988 116 2052 ltus
134 1993 195 2054 dS.
211 1990 359 2053 Pontilice
380 1991 561 2073 praescriptis
583 1989 622 2050 ad
641 1989 814 2051 lucrandam
833 1989 992 2072 indulgen-

33 2097 44 2130 o
65 2078 130 2139 tiam
145 2080 312 2161 plenariam
327 2102 342 2138 a
356 2099 364 2141 ι
379 2080 447 2140 ride
470 2077 609 2142 Cdrdtien
624 2077 731 2139 e'cloird
741 2083 782 2160 (p.
794 2079 856 2157 91).
873 2080 903 2142 Si
921 2098 992 2161 ergo

33 2168 227 2242 praescribatur
239 2169 390 2248 jejunium
401 2168 438 2230 ad
449 2167 694 2248 consequendam
710 2165 939 2247 indulgentiam,
955 2168 993 2230 ad

32 2249 101 2317 hunc
126 2255 218 2320 tincta
243 2257 387 2319 inservire
413 2255 517 2336 nequit
534 2257 684 2334 jejunium
711 2255 991 2337 quadragesimale,

32 2342 68 2400 rel
82 2345 210 2414 Quatuor
233 2349 438 2427 'semporurrr,
460 2353 530 2418 eto.;
547 2363 652 2425 preces
675 2351 778 2407 tamen
795 2354 845 2407 aut
868 2346 926 2407 alia
945 2347 993 2427 piu

31 2434 155 2496 exercitia
165 2437 194 2496 in
205 2433 498 2515 congregationibus
510 2433 656 2514 religiosis
666 2433 786 2510 usitata,
797 2434 993 2514 ctsiaregula

32 2523 251 2602 precipiantur,
267 2531 392 2605 possunt
403 2522 560 2595 inseruire,
576 2522 647 2600 quia
661 2521 765 2601 regula
781 2539 841 2582 non
851 2522 927 2582 solet
937 2521 994 2582 snb

32 2621 139 2686 peceato
152 2613 309 2694 obligare;
326 2611 388 2672 imd
403 2611 502 2693 praxis
520 2609 693 2672 communis
710 2611 811 2669 Romae
825 2615 854 2669 et
866 2610 936 2670 alibi
951 2617 995 2670 est

32 2703 58 2756 nt
73 2700 249 2765 Gonlessarii
264 2701 422 2782 imponant
435 2699 497 2761 suis
514 2696 730 2780 poenitentibus
750 2714 855 2777 preces
875 2704 925 2757 aut
938 2697 994 2756 alia

33 2801 109 2864 opera
122 2791 234 2871 quibus
248 2807 374 2851 annexae
393 2795 463 2850 sunt
477 2785 691 2866 indulgentiae,
707 2791 740 2845 ut
758 2790 800 2845 sic
814 2783 930 2846 facilitas
941 2802 995 2866 pro

33 2877 84 2935 suls
95 2877 208 2940 delictis
222 2876 412 2940 satisfaciant.
429 2875 505 2938 Vide
520 2873 662 2938 Ctretten
676 2871 786 2932 e'cloire'
799 2875 840 2954 tp.
857 2876 907 2935 92.
924 2877 994 2952 etc.)

63 2967 147 3028 rost.
159 2968 194 3028 ln
207 2967 405 3030 concessione
415 2963 673 3046 indulgentiarum
684 2961 886 3044 plenariorum
899 2963 996 3024 solent

31 3054 172 3127 prescribi
185 3051 558 3118 contessiuetcommnnio
573 3069 581 3113 ε
597 3057 730 3113 attamen
740 3068 777 3113 ex
787 3051 884 3115 Dacis.
899 3052 992 3132 (long.

30 3137 137 3226 lndnlg.
168 3147 206 3208 ta
227 3142 328 3205 martii
360 3145 456 3220 1811,
477 3159 533 3222 per
552 3139 801 3203 communionem
821 3139 993 3222 paschalem

30 3223 160 3296 lucrifieri
170 3230 466 3315 potestindulgentia
476 3227 696 3291 Benedictionis
706 3227 996 3309 Papalis‚siinsesto

31 3313 171 3384 Paschatis
185 3319 399 3402 impendatnr3
414 3327 444 3381 et
457 3335 494 3381 ex
514 3317 572 3380 alla
586 3316 743 3379 Decisione
759 3321 796 3380 10
810 3319 880 3380 maii
897 3323 994 3397 1811,

31 3423 76 3483 per
93 3411 232 3472 eamdem
254 3409 502 3471 communionem
516 3403 687 3488 paschalem
701 3403 816 3487 acquiri
830 3413 928 3487 potest
940 3409 998 3470 alia

31 3512 223 3580 quecumque
237 3497 423 3578 indulgentia
436 3497 581 3578 plenario,
597 3495 687 3556 modd
696 3513 753 3555 non
761 3494 858 3574 suerit
871 3493 997 3576 elorpitu
1081 3491 1085 3498 '

32 3601 58 3642 m
70 3585 163 3661 [arrad
178 3586 304 3650 dubitat
319 3605 330 3646 .·
343 3587 405 3647 irnd
428 3585 541 3666 pluries
563 3581 710 3645 concessit
727 3585 759 3646 S.
783 3583 876 3644 Sedes
897 3591 932 3644 ut
945 3600 998 3662 per
