2482 3944
410 245 498 290 crum
519 245 677 292 secuuous.
1001 228 1037 291 tr

76 342 175 413 tinent,
204 347 317 424 spectnt
350 347 452 404 tamen
483 341 522 404 od
555 343 620 413 eius
647 343 848 424 integritatem
880 341 1042 423 (ibidem);

76 429 190 511 ideoque
216 431 338 493 rubrica
368 429 495 492 uisentis
530 431 673 494 admonet
703 431 784 512 qudd
817 431 879 493 osi
901 433 1041 495 sacerdos

74 541 86 574 s
107 517 468 598 gravitcrintirmeturaut
478 519 623 581 moriatur
634 527 701 601 post
710 520 968 582 consecrationem
977 541 1041 584 cor·

72 629 85 665 s
106 608 182 687 poris
195 609 330 683 tuntum,
346 617 416 670 onte
434 609 693 670 consecrationem
704 608 877 688 sanguinis,
893 609 938 671 vet
958 615 1039 672 utro-

73 717 85 752 ο
106 714 161 774 que
178 703 376 770 consecrato,
392 695 484 757 missa
500 713 554 776 per
573 695 667 758 elium
685 696 871 760 sacerdotem
888 697 1041 778 expleatur

73 783 140 845 »ab
163 783 214 845 iiio
235 784 305 846 ioco
334 784 388 846 ubi
417 783 466 846 ilie
492 783 599 856 desiit,
629 791 658 847 et
679 785 709 846 in
741 803 814 848 cusu
836 785 1041 864 necessitatis,

74 893 86 928 r
106 873 189 933 etiam
201 891 255 954 per
268 892 334 935 non
346 873 498 952 jejunum.
514 894 530 931 o
546 871 694 950 (Ibidem.)

106 963 188 1023 3473.
211 962 451 1024 controvertitur
474 980 513 1024 on
541 963 727 1026 consecratio
747 964 907 1044 utriusque
929 963 1041 1044 speciei

75 1050 106 1108 sit
121 1050 155 1112 de
173 1051 305 1112 essentie
326 1049 470 1112 Sacriticii
492 1051 615 1113 missae:
639 1053 788 1113 sententio
807 1053 999 1114 communior
1013 1059 1043 1114 et

75 1136 242 1217 probabilior
250 1139 383 1200 affirmat
394 1141 436 1216 (S.
452 1139 586 1221 Lignor.,
602 1139 654 1200 lib.
670 1143 702 1218 6,
717 1151 751 1201 n⁰
764 1143 845 1219 306).
863 1141 946 1202 Circa
960 1141 1041 1222 quod

76 1245 120 1304 pro
141 1229 220 1308 praxi
244 1227 430 1290 advertendo
452 1235 497 1290 est
516 1228 643 1290 Missalis
668 1229 808 1290 rubrica:
835 1229 895 1292 «Si
918 1231 1041 1292 materie

76 1337 87 1371 r
107 1336 168 1396 quae
184 1325 264 1379 esset
276 1317 460 1399 apponenda
470 1317 586 1380 ratione
599 1317 734 1379 deiectus
745 1317 790 1379 rei
805 1318 892 1400 ponis
905 1319 950 1380 vet
963 1321 1040 1399 uni,

76 1427 87 1458 r
108 1423 163 1466 oon
178 1414 279 1487 posset
299 1407 363 1469 utlo
385 1404 475 1467 modo
495 1405 618 1480 haberi,
634 1405 658 1468 si
681 1405 711 1467 id
734 1407 860 1468 sitente
881 1425 1041 1470 consecra-

76 1494 215 1555 itionem
237 1495 398 1576 t'orporis,
426 1495 550 1556 ulterius
572 1494 692 1576 procedi
718 1513 778 1559 nou
803 1495 912 1572 debet;
936 1497 960 1558 si
976 1504 1043 1576 post

76 1604 88 1636 r
109 1584 363 1658 consecrationem
381 1584 537 1664 Corporis,
553 1583 708 1645 autetiam
722 1583 782 1645 vini
798 1583 1043 1665 deprehendatur
1127 1629 1130 1637 .

77 1690 89 1725 r
109 1669 237 1734 deiectus
257 1673 385 1734 alterius
399 1671 528 1753 speciei,
548 1672 641 1734 atterit
661 1672 724 1750 jam
747 1677 939 1750 consecratt,
956 1681 1041 1750 tunc,

78 1779 90 1814 r
110 1760 131 1820 si
146 1761 226 1824 nulio
237 1761 334 1823 modo
343 1760 446 1822 haberi
462 1760 565 1841 possit,
577 1759 804 1842 procedendum
819 1761 894 1836 erit,
909 1768 940 1822 et
952 1763 1044 1824 missa

78 1867 91 1902 r
110 1848 297 1926 absolvenda,
315 1851 356 1910 ita
369 1855 470 1910 tomen
485 1855 518 1911 ut
531 1848 796 1930 pretermittentur
810 1847 900 1909 verba
913 1855 944 1910 et
957 1849 1042 1929 signo

78 1955 91 1990 υ
109 1956 170 2018 que
184 1941 341 2020 pertinent
355 1938 393 2000 ed
414 1937 546 2019 speciem
564 1934 756 1997 deficientem
766 1954 774 2010 3
794 1935 876 2017 qudd
890 1936 914 1998 si
932 1955 1043 2018 expec-

80 2027 193 2088 »undo
215 2025 395 2108 aliquandiu
416 2026 519 2088 haberi
537 2031 653 2106 posset,
671 2023 890 2104 expectendum
912 2027 983 2100 crit,
1004 2047 1043 2092 ne

80 2116 289 2180 »sacrificium
325 2122 446 2177 maneat
477 2113 695 2195 imperfectum.
725 2136 739 2170 n
771 2114 909 2185 Ouondiu
940 2125 1042 2180 autern

81 2205 288 2283 expectandum
302 2203 366 2265 sit?
381 2205 437 2266 Per
449 2221 542 2266 unam
556 2202 660 2264 saitem
674 2200 779 2264 horem
793 2204 921 2282 circiter,
937 2206 1041 2268 dieunt

81 2291 167 2369 plures
186 2293 272 2376 apud
285 2296 317 2356 S.
334 2293 470 2374 inguen,
490 2291 542 2354 tib.
558 2294 595 2370 6,
611 2299 644 2352 u·
666 2293 737 2354 355.
753 2292 829 2354 Vide
850 2292 930 2356 dicto
952 2313 1043 2378 supro

81 2383 181 2462 (3376.)

113 2473 195 2534 dtit.
219 2471 344 2547 Quaerit.
359 2471 419 2534 Pro
430 2469 612 2553 quibusnam
621 2469 715 2550 possit
727 2469 827 2533 otierri
840 2471 941 2534 misso
951 2474 1042 2536 socri·

81 2554 197 2622 ficium?

114 2649 198 2731 Resp.
214 2653 338 2716 Certum
357 2655 402 2712 esi
415 2647 490 2710 iliud
510 2665 598 2729 posse
611 2648 711 2710 offerri
725 2667 782 2730 pro
795 2649 937 2711 omnibus
951 2650 1044 2714 fideti·

80 2731 130 2798 bus
150 2738 304 2821 baptizatis
327 2738 415 2814 vivis,
436 2737 526 2799 etiam
546 2736 727 2808 infantibus,
744 2736 790 2796 vel
814 2741 1041 2815 energumenis,

81 2825 119 2885 vel
132 2827 338 2907 peccatoribus
358 2844 420 2888 nou
434 2824 703 2888 excommunicatis
716 2822 817 2906 quood
830 2821 961 2884 fructum
975 2832 1043 2886 tan-

82 2913 137 2974 un
151 2917 381 2998 impetrationis.

116 3005 277 3068 Difficultas
297 3023 363 3067 esse
382 3012 479 3086 potest
494 3025 503 3066 ε
519 3010 550 3066 {⁰
563 3005 601 3066 de
623 3000 899 3066 excommunicatis:
913 3003 1004 3083 porrd
1018 3005 1042 3066 si

83 3087 117 3150 itii
141 3095 201 3156 sint
226 3091 361 3171 vitandi,
385 3097 464 3158 licite
489 3093 612 3176 quidem
639 3112 695 3176 pro
717 3092 774 3154 itiis
802 3091 923 3153 missum
948 3099 1044 3174 potest

84 3181 181 3245 ottone
194 3183 334 3247 sacerdos
348 3183 496 3267 privatim,
512 3201 565 3246 seu
579 3191 728 3265 quatenus
741 3188 786 3242 cst
799 3199 875 3262 opus
885 3183 1042 3264 proprium

84 3283 139 3330 suae
151 3273 270 3351 privatae
284 3293 431 3354 personae,
446 3290 509 3334 non
529 3279 629 3334 autem
648 3270 771 3334 nomine
784 3271 935 3348 Ecclesiae,
950 3274 996 3336 vel
1010 3282 1043 3338 ut

85 3358 211 3423 minister
223 3361 327 3424 Christi
339 3381 393 3424 :ex
406 3381 473 3444 cap.
485 3365 516 3436 2,
530 3359 645 3422 desert.
659 3379 798 3422 excomm.
810 3365 1040 3442 ,·-oquamvis,

85 3463 98 3501 n
119 3449 158 3509 cit
172 3450 203 3511 S.
218 3451 339 3531 Liguor.
355 3450 425 3528 (iu,
442 3463 475 3512 n·
489 3451 570 3526 ³03),
585 3449 609 3510 si
625 3448 730 3511 offerat
746 3455 890 3530 tanquam
910 3451 1042 3515 Minister

87 3555 100 3593 ι
120 3536 223 3600 Christi
236 3539 333 3602 valide
346 3539 484 3621 quidem,
500 3537 551 3600 sed
572 3537 671 3600 illicite
691 3537 804 3598 offerat.
821 3555 836 3596 o
854 3539 896 3599 ltu
909 3557 1044 3602 commu-

88 3625 168 3696 niter,
189 3629 301 3691 etienrsi
326 3628 603 3690 excommunicatus
625 3637 701 3688 esset
724 3627 754 3686 in
781 3627 890 3706 gratio,
911 3645 968 3687 nec
991 3645 1044 3704 per
