2420 3968
399 205 485 252 111111
505 207 663 254 succubus·
934 197 1003 257 -001

31 306 209 384 natumsed
223 305 317 369 etiam
331 323 409 368 onus
424 305 620 368 restitutionis
630 305 755 386 inducit,
767 326 823 389 pro
839 311 904 370 rate
926 321 1006 392 parts

32 394 120 458 officii
133 395 253 474 omissi,
269 397 347 458 ineo
361 395 414 477 qui
436 395 525 458 tituto
535 395 691 474 beneficii,
707 398 744 460 ad
759 397 849 461 horas
867 404 1005 479 tenetur,

29 484 52 545 si
67 485 180 567 elapsis
190 504 243 548 sex
256 484 412 548 mensibus
428 490 497 567 post
509 483 649 568 adeptam
668 488 889 568 possessionem
903 489 1006 570 culpo-

28 572 129 637 bititer
147 593 199 637 eas
212 593 275 637 non
293 575 407 637 recitet.
420 576 542 638 Constat
557 592 594 637 ex
613 575 747 639 Concilio
762 577 953 641 batevancnsi
985 582 1006 640 V

28 681 121 745 supra
136 663 230 727 relato
242 664 357 746 (5085).
372 666 499 747 Insuper
512 663 578 727 haec
591 665 717 728 sancivit
730 667 762 728 S.
778 666 849 729 Pius
863 669 897 746 V,
911 667 1006 732 insat

28 753 158 824 Constit.
170 753 226 816 Ec
233 753 374 838 monimo
395 754 590 816 lateranensi
606 753 787 818 1111115111
813 758 1005 822 «Statuimus

29 861 43 902 1
67 849 102 906 ut
116 843 171 925 qui
191 842 280 905 horas
293 860 400 906 omnes
416 843 578 906 canonicas
592 862 654 906 uno
677 842 724 906 vei
740 844 878 926 pluribus
899 846 1005 910 diebus

27 949 42 995 a
66 931 288 1008 intermiserit,
311 949 419 994 omnes
437 931 576 996 beneficii
605 931 719 995 fructus
741 934 793 1014 qui
814 933 856 994 iili
879 935 924 998 vel
949 935 1005 998 ittis

28 1034 42 1084 1
66 1020 179 1084 diebus
190 1021 424 1104 responderent,
439 1022 464 1084 si
477 1021 612 1103 quotidie
621 1022 846 1098 dividerentur,
865 1024 917 1104 qui
936 1027 1006 1086 verb

27 1133 42 1169 n
68 1113 191 1174 tantbm
205 1110 400 1188 Matutinum,
414 1109 588 1190 dimidiam,
603 1111 656 1193 qui
669 1116 793 1174 caeoevas
807 1111 880 1174 atias
898 1110 1003 1189 borae,

27 1223 42 1258 n
67 1199 162 1262 oliam
173 1199 348 1278 dimidiam,
368 1199 420 1281 qui
439 1199 547 1261 barum
570 1199 724 1282 singulas,
752 1207 867 1263 sextam
889 1207 1005 1282 partem

26 1311 41 1348 n
68 1288 226 1352 fructuum
235 1291 301 1369 eJ'us
313 1288 373 1351 diei
382 1289 531 1351 amittant.
539 1289 668 1352 Tametsi
683 1289 791 1372 atiquis
800 1289 892 1353 choro
907 1289 1005 1353 addic-

27 1401 41 1437 1
67 1385 121 1442 tus
145 1397 206 1441 non
230 1379 378 1455 recitans,
403 1377 545 1442 omnibus
565 1376 647 1442 horis
670 1379 824 1442 canonicis
842 1399 912 1443 cum
940 1380 1006 1442 aliis

27 1493 42 1528 n
68 1485 205 1551 praesens
214 1467 301 1546 adsit,
313 1466 489 1549 fructusque
503 1473 533 1531 et
546 1467 771 1532 distributiones
779 1469 854 1532 forte
863 1469 948 1532 aliter
961 1489 1006 1532 aa

27 1581 42 1617 n
68 1559 202 1641 signatas
227 1557 290 1620 sota
316 1559 475 1640 praesentit
486 1558 571 1637 juxta
597 1563 716 1637 statuta,
735 1559 1002 1634 consuetudinem,

28 1673 42 1707 n
67 1648 116 1710 vel
140 1646 213 1709 alids
226 1645 282 1709 sibi
308 1645 418 1710 lucrari
439 1645 622 1728 praetendat,
645 1646 671 1708 is
687 1648 778 1709 etiam
801 1654 910 1728 praeter
929 1648 1006 1710 truc-

27 1761 42 1798 »
69 1745 160 1801 tuum
172 1743 202 1800 et
212 1735 458 1800 distributionum
471 1735 677 1814 amissionem,
689 1754 777 1816 grave
791 1743 949 1818 peccatum
959 1737 1005 1796 in·

28 1851 42 1886 n
68 1826 184 1908 telligat
198 1843 230 1888 se
238 1825 405 1888 admisisse.
415 1826 489 1886 Rem
498 1824 547 1886 itte
561 1823 613 1905 qui
624 1823 730 1905 primis
739 1842 790 1886 sex
802 1823 957 1886 mensibus
965 1823 1006 1886 ot-

28 1939 43 1976 c
70 1916 249 1979 ficiumnon
263 1915 383 1992 dixerit,
394 1913 452 1975 nisi
467 1911 896 1995 legitimumimpedimentum
906 1913 1005 1996 ipsum

28 2029 43 2067 1
70 2004 275 2078 excusaverit,
291 2021 381 2084 grave
395 2009 554 2084 peccatum
564 2001 711 2082 intelligat
724 2000 891 2064 admisisse.
906 2023 922 2062 n

72 2097 164 2158 5100.
176 2091 332 2177 Restitutio
344 2099 447 2155 autem
460 2090 633 2171 hujusmodi
647 2091 729 2154 certe
742 2090 870 2153 debetur
884 2097 953 2155 ante
960 2092 1008 2173 ju·

28 2185 109 2246 dicis
122 2185 318 2260 sententiam,
332 2188 366 2244 ut
375 2187 456 2263 patet
466 2199 504 2243 ex
516 2179 710 2242 damnatione
728 2179 940 2262 propositionis
963 2199 1008 2243 se·

29 2273 157 2357 quentis
170 2273 209 2333 ab
221 2269 391 2334 Alexandro
405 2271 471 2333 VII:
489 2273 563 2333 cao.
579 2269 736 2334 Restitutio
746 2272 763 2332 t
774 2269 1007 2352 PioVimposita

27 2385 45 2423 n
73 2360 261 2425 beneficiatis
274 2379 337 2423 non
345 2360 551 2437 recitantibus,
564 2377 626 2422 non
640 2359 766 2423 debetur
780 2359 811 2420 in
824 2359 1007 2422 conscientia

30 2459 103 2516 ante
113 2449 530 2514 sententiamdectaratoriam
544 2449 670 2528 judicis,
686 2451 723 2511 ed
733 2447 815 2528 qubd
829 2448 866 2510 sit
873 2467 973 2529 poeno.
988 2471 1005 2508 n

74 2545 166 2606 5101.
189 2539 269 2603 Nota
283 2539 406 2621 insuper
419 2545 596 2620 sequentem
606 2536 843 2619 propositionem
856 2535 1009 2598 abeodem

28 2637 66 2696 S.
83 2629 232 2694 Pontifice
244 2629 437 2691 damnatam:
457 2649 473 2687 o
486 2626 645 2689 Restitutio
658 2625 813 2688 fructuum
822 2624 862 2686 ob
875 2625 1011 2687 omissio

33 2746 54 2784 α
76 2739 148 2785 nem
170 2719 315 2782 horarum
329 2717 462 2800 suppleri
476 2723 572 2798 potest
588 2733 642 2798 per
659 2713 1009 2796 quascumqueeleemo-
1051 2721 1054 2728 '

30 2835 49 2874 a
76 2829 168 2894 synas
181 2825 257 2893 quas
270 2811 359 2871 antea
372 2805 583 2870 beneficiarius
593 2804 631 2867 de
642 2803 789 2868 fructibus
804 2803 850 2866 sui
873 2801 1010 2865 beneficii

31 2924 50 2962 n
76 2902 199 2964 fecerat.
215 2920 231 2958 n
248 2897 279 2963 Si
293 2897 362 2979 quis
379 2903 481 2958 tamen
495 2900 563 2978 post
582 2893 777 2957 omissionem
794 2892 884 2956 officii
897 2891 1013 2955 dederit

30 2991 247 3072 eleemosynas
269 3003 334 3049 non
360 2983 523 3048 recordans
547 2982 593 3046 vei
620 2981 697 3046 torte
723 2982 867 3064 ignorans
897 2981 1012 3064 obliga·

31 3083 153 3144 tionem
162 3075 367 3154 restitutionis,
375 3073 568 3157 probabiliter
576 3077 674 3156 potest
682 3090 733 3135 eas
742 3072 890 3154 imputare
898 3072 1012 3136 insolu-

33 3173 155 3234 tionem
171 3167 298 3248 hujusce
318 3163 519 3247 obligationis.
545 3165 586 3243 (S.
611 3163 746 3245 Liguor„
764 3161 899 3246 Append.
918 3161 1013 3241 Homo

29 3268 144 3344 apost„
160 3260 191 3338 ³,
205 3255 335 3320 11εή1111
346 3273 447 3317 canon.
454 3299 464 3332 ,
480 3262 514 3316 1ο
528 3252 595 3336 60.)

74 3352 170 3415 5102.
192 3345 427 3410 controvertitur
435 3362 475 3406 an
488 3343 526 3406 ad
539 3342 760 3407 restitutionem
773 3347 910 3406 tenentur
919 3342 1014 3405 Bene·

34 3439 173 3504 ficiarius
186 3435 320 3500 officium
332 3433 398 3498 sind
415 3433 505 3517 culpd
518 3433 678 3496 omittens:
695 3431 878 3514 probabilior
891 3438 936 3495 est
949 3449 1013 3494 sen-

33 3529 134 3596 tentia
155 3544 289 3610 negans:
313 3523 519 3588 diciturenim
542 3521 574 3584 in
594 3521 729 3586 Concilio
751 3522 847 3584 Later.
863 3522 901 3598 V,
924 3537 1014 3600 supra

34 3621 135 3686 relato
155 3615 261 3698 (5085)
279 3635 286 3678 :
307 3614 394 3688 roni
405 3611 539 3676 officium
562 3629 625 3674 non
637 3610 760 3681 dixerit,
779 3607 910 3690 lepitimo
924 3608 1012 3684 impe·

828 3707 898 3773 W·
