2434 3940
176 175 235 236 ato
392 185 529 232 ninutas
549 183 650 230 roaros
668 182 752 228 auars
771 181 922 228 annuatur.

177 285 361 351 clandestine
382 284 459 346 inter
483 283 612 364 puberes
634 281 727 356 inito;
744 281 796 342 sed
819 279 1068 343 communissima
1086 279 1138 344 boo

177 377 325 456 rejicitur,
345 373 414 455 quia
437 374 509 434 ciam
531 379 616 434 actus
634 377 679 432 est
700 369 818 444 nullus,
844 387 904 432 non
922 369 984 449 jam
1006 389 1043 432 ex
1065 377 1138 452 parta

178 464 439 538 contrahentium,
455 461 507 523 sed
521 479 556 521 ox
573 469 655 541 parte
670 459 820 540 suiipsius
835 465 923 540 prout
938 458 969 519 in
984 477 1066 530 casu,
1080 459 1140 521 talis

178 561 263 617 actus
278 553 390 615 nullam
403 551 480 632 parit
492 549 717 630 obligationem.
728 549 759 609 S.
775 549 911 629 Lignea,
924 545 975 607 lib.
988 550 1018 612 o,
1037 557 1066 608 n‘
1076 551 1139 612 8ll.

218 647 307 706 satta.
330 639 456 714 Quando
471 639 560 702 verba
574 646 626 700 aul
644 636 728 717 signa
744 644 812 698 sunt
827 635 939 714 dubia,
956 636 986 697 in
1003 635 1065 696 loro
1078 655 1143 698 con-

179 731 311 795 acientiae
330 729 470 792 standum
490 735 536 790 est
553 725 711 788 intentioni
732 723 989 801 contrahentium,
1010 725 1034 786 si
1049 724 1086 787 de
1098 726 1143 786 illt

180 827 315 884 constet:
327 818 432 882 inloro
442 821 672 880 autemexterno
681 813 821 876 standum
833 820 876 874 est
886 813 1041 874 communi
1049 815 1143 876 sensui

179 909 357 987 verlrorum,
372 903 545 970 inclinando
559 904 590 966 in
604 904 736 966 levorem
751 901 908 978 libertatis,
920 907 953 963 ut
967 901 1144 983 probabilitas

180 999 220 1060 ait
235 998 317 1060 Viro.
333 998 374 1076 (S.
392 997 527 1078 lignos,
544 993 596 1054 lib.
613 995 649 1068 6,
666 999 698 1054 n'
713 993 799 1068 840.)

220 1085 427 1149 Cornmuniter
450 1089 482 1146 ut
497 1082 677 1144 sullicientes
697 1079 733 1142 ad
749 1079 897 1162 sponsalia
920 1097 980 1141 non
1004 1079 1147 1144 habentur

181 1194 268 1238 uoces
286 1195 341 1236 non
360 1173 462 1235 ducam
480 1173 574 1232 aliam
595 1171 682 1252 qndm
713 1180 756 1243 te,
780 1169 836 1230 nisi
862 1188 898 1230 ex
922 1169 1148 1232 circumstantiis

180 1265 279 1344 colligi
293 1263 401 1325 debeat
414 1263 456 1323 sic
472 1262 643 1340 loquentem
660 1259 788 1320 voluisse
798 1275 829 1318 se
844 1255 995 1336 obligare3
1014 1259 1148 1338 probabi·

181 1353 294 1415 lissitne
308 1351 479 1412 sullicerent
495 1349 584 1410 verba
608 1346 644 1409 de
661 1349 799 1428 praesenti
822 1345 937 1407 nattam
953 1347 1017 1406 volo
1031 1348 1090 1408 nisi
1103 1357 1147 1418 te,-

181 1443 213 1503 S.
229 1441 340 1520 Liguor
351 1439 431 1515 .tit.,
447 1441 527 1515 8l2).
543 1436 702 1508 -Quoad
716 1436 805 1497 verba
824 1434 994 1496 contraitum
1015 1444 1104 1497 tecam
1124 1439 1151 1499 si
1207 1435 1208 1482 ἶ

183 1532 266 1611 Ραρα
285 1527 510 1609 capannore,
535 1525 720 1606 probabilitas
740 1522 892 1605 estquod,
909 1522 1032 1605 impleta
1050 1527 1150 1588 condi·

181 1621 277 1695 tione,
293 1616 388 1680 valida
408 1616 538 1678 alliciant
556 1614 722 1695 sponsalia;
745 1621 774 1674 cl
797 1612 934 1688 interim,
951 1611 1018 1674 licet
1035 1633 1095 1676 non
1108 1636 1152 1679 aa·

183 1709 262 1770 leant
275 1706 312 1770 ad
328 1705 532 1770 inducendum
551 1703 803 1784 impedimentum
827 1701 956 1784 publicae
975 1701 1152 1780 honestatis,

181 1799 315 1880 obligant
329 1804 430 1858 tamen
450 1793 662 1876 adpetendam
683 1792 957 1872 dispensationem,
977 1790 1001 1851 si
1023 1793 1103 1873 Papa
1123 1794 1153 1857 in

183 1889 231 1948 tali
262 1886 476 1968 impedimento
502 1883 594 1944 soleat
620 1881 805 1963 dispensare.
836 1881 877 1958 (S.
895 1879 1035 1962 Lignea,
1052 1881 1104 1944 lib.
1120 1887 1152 1962 6,

185 1981 298 2036 nebat.

222 1979 415 2125 Sataialtatio
435 2065 535 2123 aulem
554 2057 659 2119 annuli
683 2065 735 2121 aut
757 2057 882 2120 aliarum
905 2075 1028 2135 rerum,
1052 2060 1158 2125 missio

183 2169 346 2213 titanorum
356 2149 500 2228 jocalium
519 2165 581 2210 non
596 2145 748 2210 sullioiunt
769 2147 806 2209 ad
822 2146 992 2228 sponsalia,
1009 2147 1065 2210 nisi
1080 2169 1156 2213 oon·

182 2240 309 2302 suetudo
320 2239 421 2300 localis
430 2237 511 2299 eliud
526 2235 650 2311 babeat,
661 2243 713 2298 aut
725 2237 815 2298 verba
829 2235 1037 2318 promissionis
1052 2242 1157 2302 inatri·
1206 2293 1207 2314 ,

182 2327 275 2389 monii
286 2326 595 2410 praecesserintztunc
603 2326 686 2386 enim
695 2325 845 2406 accipiens
854 2323 958 2386 arabas
970 2325 1017 2387 ael
1027 2345 1158 2392 rnunera
1206 2321 1207 2388 l

184 2418 269 2479 tacite
283 2415 442 2479 consentit.
1206 2397 1207 2480 l

220 2509 309 2571 3993.
325 2539 364 2554 -
377 2510 408 2566 7⁰
423 2503 508 2568 Inter
518 2523 654 2587 personas
667 2501 779 2564 latites
795 2523 805 2564 :
821 2501 850 2565 id
863 2509 909 2566 est
922 2521 991 2584 quae
1004 2511 1127 2570 auem
1142 2509 1158 2569 “a
1206 2485 1207 2522 ¹

181 2597 246 2675 juro
260 2601 398 2658 statutam
412 2592 522 2656 babent
532 2601 560 2654 et
571 2592 654 2654 nullo
668 2590 883 2672 impedimento
893 2592 1155 2675 detinentur-(cap.

182 2687 275 2762 unio,
288 2683 463 2767 lledoapons.
476 2680 598 2764 impul„
611 2679 701 2742 modo
711 2681 827 2760 citato);
843 2681 894 2762 qui
910 2685 1010 2744 barren
1026 2684 1160 2744 scienter

181 2775 330 2857 sponsalia
342 2773 601 2837 contrahuntaum
616 2770 651 2832 iis
665 2769 717 2851 qui
730 2775 848 2832 aetatem
864 2769 997 2832 nubendi
1016 2771 1160 2836 nondum

181 2863 308 2938 babent,
323 2861 418 2923 valide
432 2859 630 2936 eont.rabunt;
642 2859 704 2920 etsi
716 2859 843 2920 scienter
854 2874 924 2920 cum
939 2857 1038 2939 ligatis
1051 2860 1160 2942 aliquo

182 2950 408 3032 impedimento,
419 2955 560 3010 tenentur
569 2956 725 3030 expectare
735 2946 818 3028 qudd
829 2947 919 3029 petita
933 2945 1022 3010 luerit
1035 2948 1161 3031 dispen-

181 3040 256 3100 satio
272 3056 280 3100 :
296 3039 327 3099 in
341 3037 398 3098 lanc
416 3043 516 3098 autem
534 3037 690 3119 posteriori
704 3055 788 3114 casu,
811 3036 963 3118 sponsalia
984 3055 1044 3098 non
1061 3037 1159 3101 indu-

182 3133 253 3188 ount
267 3125 517 3207 impedimentum
531 3127 658 3206 publicae
667 3124 894 3188 honestatisnisi
907 3143 1049 3189 concessa
1065 3125 1161 3190 luerit
1205 3143 1206 3146 ’

179 3214 372 3295 dispensatio.
389 3215 421 3275 S.
439 3215 574 3294 lignea,
591 3215 643 3277 lib.
657 3220 687 3292 6,
705 3220 739 3277 n⁰
753 3215 823 3278 843.

218 3307 308 3367 3994.
321 3335 359 3350 -
370 3307 401 3367 8⁰
417 3304 461 3365 Et
475 3303 706 3365 determinatos:
725 3303 876 3387 sponsalia
889 3303 972 3367 enim
985 3311 1059 3368 sunt
1072 3305 1160 3368 viaet

180 3394 356 3476 preparatio
377 3393 415 3455 ad
440 3393 685 3470 matrintonium3
707 3411 777 3475 crgo
805 3401 958 3476 nequeunt
989 3395 1161 3456 consistere

180 3481 236 3543 nisi
251 3499 321 3543 cum
333 3485 392 3543 unt
403 3487 433 3543 et
445 3481 642 3544 deteantnero
657 3483 805 3564 persona:
821 3481 980 3564 promissio
992 3482 1072 3548 lacta
1089 3502 1160 3565 per·
1205 3515 1206 3566 5

180 3571 263 3632 souis
276 3587 338 3632 non
350 3569 578 3647 determinatis,
593 3571 650 3633 etsi
662 3571 693 3632 in
708 3571 892 3653 quibusdam
909 3571 1028 3636 casibus
1042 3571 1158 3650 obliga
1205 3569 1206 3644 l
