2416 3954
389 217 477 264 mana
496 217 653 268 sscouoos.
955 205 1010 266 351

35 275 39 335 ¹
84 318 170 380 ists.
194 315 334 389 Quamvis
355 316 388 380 in
415 316 633 398 supplicatione
658 317 698 381 sit
723 318 954 402 exprimendum
976 339 1014 383 an

56 405 267 467 matrimonium
282 403 371 467 luerit
383 404 507 468 civiliter
516 412 715 482 contractum,
725 415 856 470 attamen
869 411 899 472 S.
917 410 1016 472 Poeni·

55 494 216 572 tertiariae
232 499 291 558 oct.
309 497 396 570 taus,
411 493 573 557 declaravit
585 495 875 576 omissionamhujus
887 499 1017 560 circum-

55 583 156 645 santiae
168 630 176 657 ‚
189 589 241 646 aut
256 582 488 646 celebrationem
498 583 759 666 matrimoniipost
774 586 880 649 missas
897 607 1013 669 preces,

55 688 103 732 oon
148 671 293 734 inducere
323 670 490 733 multitatem
522 669 765 754 dispensationis.
800 673 1014 757 (Compendium

55 760 196 840 Carriare,
212 769 246 822 η’
260 763 336 836 250,
351 759 383 820 in
396 759 479 842 fine.)
764 841 766 844 .

81 853 169 913 1113.
193 851 223 913 Si
239 855 422 913 concurrant
433 850 520 933 plura
534 850 770 933 impedimenta,
786 871 824 914 an
839 852 899 914 sint
912 854 1013 918 omnia

55 937 76 999 in
87 939 193 1002 eadem
208 939 350 1022 petitione
371 939 585 1020 exprimenda,
605 941 731 1022 quaestio
744 947 789 1002 est
802 947 1011 1004 controversa:
1071 1003 1074 1010 ,

53 1027 122 1105 juxta
145 1028 324 1091 sententiam
348 1027 578 1110 probabiliorem
604 1027 852 1111 distinguendum
883 1038 927 1092 est
946 1051 953 1090 :
969 1033 1014 1094 vel

52 1119 122 1179 anim
138 1117 355 1200 impedimenta
367 1115 516 1196 disparata
530 1136 562 1180 se
575 1117 697 1194 habent,
713 1126 742 1181 et
759 1138 857 1182 unum
872 1138 907 1182 ex
922 1119 1015 1182 altero

53 1223 104 1268 non
117 1213 264 1288 augetur,
280 1211 314 1268 ut
330 1211 432 1267 votum
447 1212 477 1268 et
496 1207 742 1289 consanguinitas
762 1215 813 1270 aut
832 1209 1014 1288 consangui-

53 1296 119 1357 nitas
132 1303 164 1358 et
176 1294 378 1372 machinatio,
394 1303 424 1356 et
437 1299 511 1359 tunc
530 1295 639 1358 suflicit
656 1295 774 1358 divisim
797 1297 933 1361 obtinere
956 1297 1016 1361 dis

51 1384 248 1464 pausationem
260 1404 269 1460 ;
284 1401 372 1445 secus
386 1382 410 1444 si
425 1383 640 1464 impedimenta
654 1386 743 1448 simul
751 1387 856 1464 Juncta
869 1388 1013 1467 majorem

52 1474 272 1556 repugnantiam
284 1470 458 1534 afferantad
469 1473 694 1536 matrimonium
706 1474 965 1538 contrahendum:
981 1484 1014 1540 ut

50 1564 67 1622 si
94 1563 162 1644 quis
188 1561 313 1624 duceret
335 1561 612 1644 consanguineam,
636 1565 722 1642 cujus
742 1582 876 1626 sororem
890 1566 1014 1646 turpiter

50 1652 229 1732 cognoverit,
244 1650 269 1712 si
283 1655 385 1712 essent
396 1650 486 1712 simul
500 1651 806 1727 criminaconjugicidii
816 1671 886 1715 cum
900 1653 1014 1715 machi-

51 1743 162 1804 natione
175 1745 206 1803 et
219 1739 355 1802 adulterii
369 1757 440 1800 cum
455 1739 653 1821 promissione
677 1741 877 1816 matrimonii,
899 1747 972 1804 tunc
989 1744 1014 1805 si

49 1831 145 1892 omnia
158 1829 196 1892 ad
210 1829 359 1892 Datariam
374 1846 436 1890 mon
452 1829 566 1910 possint
580 1830 707 1910 exponi,
723 1829 928 1910 patefacienda
945 1839 1015 1894 sunt

50 1917 76 1978 in
94 1917 309 2002 supplicatione
331 1916 370 1980 ad
390 1917 644 1981 Poeuitentiariam
666 1917 789 1980 directa.
811 1919 854 1998 (S.
878 1921 1013 2002 Liguor.,

50 2006 96 2070 lib.
111 2013 150 2088 6,
165 2015 199 2071 n⁰
215 2011 318 2088 1139.)

84 2103 171 2162 1111.
194 2100 239 2160 Ex
252 2097 339 2160 dictis
348 2097 483 2178 sequitur
492 2095 651 2158 invalidam
661 2114 726 2160 esse
736 2097 991 2180 dispensationem
1004 2151 1012 2181 ‚

50 2187 70 2248 si
84 2187 114 2249 in
123 2189 266 2271 prudens
280 2187 464 2268 exprimatur
486 2185 612 2248 allinitas
631 2205 685 2267 pro
699 2191 970 2272 consanguinitate,
985 2199 1014 2254 et

50 2276 108 2340 rice
120 2281 203 2340 versd
219 2296 227 2338 τ
244 2278 388 2358 Superior
410 2275 492 2337 enim
514 2274 651 2337 concedit
663 2275 917 2358 dispensationem
929 2281 1014 2359 juxta

51 2365 192 2447 exposita,
213 2383 282 2448 quae
303 2366 374 2428 cam
395 2363 456 2426 sint
472 2361 561 2438 falsa,
577 2364 691 2428 nullam
714 2365 848 2429 efficiunt
861 2368 1015 2448 dispeusa-

55 2456 177 2528 tionem,
193 2455 248 2519 etsi
266 2453 393 2517 adsuerit
414 2451 494 2514 bona
516 2452 609 2514 fidas:
628 2455 724 2516 valida
745 2463 847 2518 tamen
861 2467 940 2518 esset
952 2457 1014 2519 diss

54 2546 180 2622 pensatio
191 2545 215 2606 si
224 2561 308 2606 error
318 2543 501 2605 inveniretur
511 2542 706 2624 inltescripto
716 2543 870 2605 Pontificis
880 2563 916 2606 ex
927 2546 1015 2627 culpa

56 2633 250 2698 amanuensis.

88 2727 175 2786 1115.
189 2719 402 2786 lteminvalida
411 2725 487 2782 esset
496 2720 558 2782 siin
567 2719 786 2801 supplicatione
797 2719 1014 2800 exprimeretur

57 2807 475 2895 tertiusgradusprosecundo,
486 2815 536 2871 aut
545 2815 669 2889 quartus
679 2808 841 2890 protertio:
855 2809 1016 2876 secussiex

57 2895 1018 2985 erroreponereturgradusteruasproquarto‚quiadispensatio

58 2989 172 3054 minoris
185 2989 393 3073 impedimenti
413 2986 576 3050 includitur
590 2987 621 3046 in
644 2985 865 3068 dispensatione
880 3007 934 3070 pro
949 3007 1014 3052 ma-

55 3077 110 3156 jore
126 3081 261 3162 eiusdem
278 3077 408 3161 speciei,
429 3094 492 3139 non
509 3074 574 3137 rice
595 3078 680 3138 versa
701 3094 710 3138 ε
730 3076 769 3138 ita
793 3082 1013 3160 communiter,

56 3178 284 3254 contrapaucos.

88 3263 173 3324 1116.
185 3263 252 3322 Non
267 3275 344 3341 opus
351 3264 395 3321 est
401 3255 570 3339 exprimere
580 3255 612 3316 in
621 3253 764 3337 petitione
776 3257 894 3336 quoties
908 3261 1016 3342 copula

55 3343 136 3410 luerit
147 3349 246 3412 habita
259 3365 332 3411 cum
345 3345 451 3409 eadem
466 3345 690 3425 consanguinea
710 3362 849 3426 sponsae,
868 3346 920 3408 sed
940 3367 1017 3429 opus

54 3443 93 3496 est
101 3441 268 3520 exprimere
281 3437 378 3500 varias
388 3433 628 3514 consanguineas
638 3451 709 3496 cum
718 3433 828 3514 quibus
837 3435 946 3514 copula
957 3438 1017 3495 lue-

54 3521 201 3606 ritbnbita,
213 3527 316 3589 sicum
327 3525 428 3586 multis
438 3523 537 3584 habita
547 3519 723 3602 luerit,quia
732 3520 1018 3599 sicmultiplicantur

54 3611 214 3678 affinitates.
228 3617 260 3676 S.
277 3615 413 3696 Liguor.,
429 3609 550 3688 ididan,
563 3618 596 3670 m⁰
612 3612 701 3672 1138.
