2462 3972
226 192 283 249 tlt
450 201 585 250 urnulas
604 201 704 248 rorrus
723 203 805 249 soors
826 203 972 252 causarer.

266 304 357 384 Resp.
376 301 406 363 Ι·
421 299 452 362 Si
463 303 568 362 votum
591 299 728 362 nondam
746 300 784 363 ab
807 299 858 363 illo
880 301 1025 379 homine,
1045 307 1097 366 aut
1110 301 1197 382 ipsius

229 391 353 453 nominc
365 395 411 452 est
424 393 629 469 acceptatum,
653 388 683 450 in
695 408 731 451 eo
746 395 846 471 potest
854 388 1024 472 dispensari
1038 437 1045 456 .
1060 391 1107 452 rel
1122 410 1196 452 conr-

228 480 355 542 mutatio
379 477 468 554 lieri,
492 477 608 540 etiamsi
630 482 732 540 volum
754 479 791 540 sit
811 479 1001 557 peculiariter
1024 479 1056 541 iu
1079 481 1196 560 gratiam

229 568 300 632 talis
311 567 444 632 hominis
456 585 464 627 ε
475 565 557 628 unde
567 571 664 648 potest
672 566 797 630 concedi
807 568 992 650 dispensatio
1001 585 1097 650 super
1106 575 1198 630 ratum

231 657 265 718 in
280 657 408 738 gratiam
421 655 549 736 alicuius
561 654 714 734 Ecclesiae,
730 656 754 716 si
770 655 906 720 nondum
919 657 1120 740 acceptaverit
1129 657 1198 720 illins

228 753 337 810 rector.
385 759 397 781 ³

270 840 303 898 2⁰
324 835 355 898 Si
378 835 539 918 promissio
551 835 603 898 liat
625 835 679 898 soli
705 837 767 898 Deo
789 834 880 898 dandi
894 835 1007 918 aliquid
1023 835 1198 918 pauperibus

234 924 491 999 indeterminatis,
515 931 590 988 tunc
612 943 732 1006 semper
753 927 931 987 commutari
947 929 1065 1007 potest,
1092 925 1197 986 etiamsi

232 1013 394 1098 promissio
408 1013 495 1077 alicui
510 1032 546 1076 ex
560 1013 743 1096 pauperibus
765 1019 867 1094 postea
887 1013 1100 1076 manifestetur
1121 1021 1148 1076 et
1166 1011 1198 1072 ab

234 1103 285 1168 illo
307 1109 487 1186 acceptetur.
504 1106 635 1166 Econtra
648 1102 671 1165 si
686 1103 845 1184 promissio
856 1101 934 1166 lacta
945 1104 985 1165 sit
997 1103 1031 1164 in
1050 1103 1197 1166 utilitatem

234 1194 328 1256 solius
342 1193 484 1269 hominis,
500 1199 530 1254 et
538 1191 576 1254 sit
588 1197 751 1274 acceptata,
767 1191 1197 1270 nullatenus‚sinee1uscau-

233 1299 325 1344 sensu
339 1282 470 1344 revocari
485 1286 603 1362 potest,
627 1280 683 1342 nisi
702 1285 840 1361 ageretur
862 1281 900 1344 de
924 1281 1006 1343 bono
1023 1281 1174 1343 communi
1190 1299 1196 1338 :

232 1376 330 1451 potest
341 1370 423 1432 enirn
439 1370 470 1432 S.
486 1369 624 1432 Pontifex
638 1370 769 1451 aliquem
782 1371 849 1450 Jure
868 1369 963 1451 ipsius
977 1371 1117 1450 privare,
1136 1371 1198 1431 cirm

231 1457 349 1519 bonurn
372 1459 521 1539 privatum
544 1459 701 1521 communi
722 1459 803 1522 bono
826 1457 932 1520 cedere
948 1459 1070 1521 debeat.
1084 1494 1124 1506 -
1137 1459 1200 1520 Sint

232 1552 332 1608 tamam
356 1547 407 1608 tali
428 1565 578 1610 consensu
599 1555 701 1610 votum
724 1548 831 1610 irritari
846 1551 948 1630 posset
970 1548 1009 1610 ab
1024 1567 1062 1610 eo
1075 1549 1129 1630 qui
1141 1548 1198 1608 irri-

232 1635 410 1698 tandibabet
421 1642 607 1718 potestatem.
618 1637 796 1714 (ltaiffenst.‚
806 1637 857 1698 lib.
867 1639 951 1711 3,tit.
965 1640 1016 1712 st,
1029 1637 1071 1699 η’·
1079 1641 1130 1712 50,
1145 1641 1199 1707 δὲ.)

272 1729 361 1787 salt.
373 1759 413 1774 -
426 1729 457 1788 3ο
471 1727 502 1789 Si
515 1733 615 1789 autern
629 1733 731 1787 votum
745 1725 783 1787 sit
792 1725 996 1806 principaliter
1010 1726 1044 1788 in
1059 1725 1199 1788 honorent

233 1813 287 1876 Dei
307 1819 338 1876 et
355 1815 457 1877 minus
477 1813 680 1897 principaliter
703 1813 734 1875 in
757 1815 882 1894 gratiam
901 1815 979 1876 tertii
1000 1814 1198 1887 determinati,

234 1908 305 1984 puta
317 1904 476 1984 pauperis,
490 1903 635 1979 ecclesiae,
649 1905 826 1978 conventus,
842 1909 899 1964 etc.
914 1949 922 1981 ‚
937 1921 1011 1965 casu
1026 1921 1092 1986 qno
1105 1905 1201 1966 tertius

234 1991 415 2071 acceptavit,
446 1997 582 2072 potestne
614 1991 794 2052 commutari
815 1997 917 2053 votum
942 1991 1010 2054 sine
1034 1991 1116 2056 illins
1141 2013 1200 2055 con-

234 2078 503 2161 sensui-Resp.
519 2083 585 2143 Non
600 2079 782 2142 concordare
805 2081 866 2141 bb.
881 2099 888 2139 :
904 2079 954 2141 alii
978 2081 1063 2142 enim
1081 2091 1196 2164 negant.

234 2166 306 2246 quia
318 2171 393 2229 tunc
403 2169 454 2247 Jus
468 2167 524 2230 luit
537 2169 718 2250 acquisitum
740 2169 828 2230 tertio
850 2171 1040 2250 acceptanti3
1054 2171 1108 2233 alii
1128 2171 1191 2232 altir-

235 2261 341 2332 mant,
358 2257 430 2336 quia
452 2256 483 2318 in
509 2255 567 2320 hoc
587 2275 659 2319 casu
681 2261 783 2319 votum
798 2261 843 2319 est
864 2257 1073 2339 principaliter
1089 2265 1187 2342 papea

235 2345 352 2422 Deum,
368 2350 399 2406 et
412 2363 466 2426 per
479 2345 618 2409 accidens
632 2364 664 2407 se
677 2345 767 2408 babet
781 2345 861 2426 qudd
876 2348 1191 2428 acceptas-eritream,

236 2433 287 2514 qui
302 2433 325 2494 si
337 2433 387 2514 jus
400 2434 576 2516 acquisivit,
591 2433 665 2495 illud
676 2433 1197 2517 tantbmacquisivitdepandenterir

236 2522 425 2606 beneplacito
437 2523 511 2602 Dei,
527 2529 558 2586 et
570 2522 627 2585 hoc
642 2529 686 2584 sat
699 2521 853 2604 probabile
866 2521 938 2584 dicit
952 2524 985 2586 S.
1001 2526 1125 2608 Liguor.
1140 2523 1200 2603 (ib,

238 2617 272 2674 n⁰
285 2617 366 2692 254).

280 2705 371 2765 Porrb
384 2702 415 2765 in
429 2701 476 2765 his
489 2701 576 2784 plura
590 2707 660 2764 sunt
677 2701 809 2764 notanda
824 2719 832 2762 ε
850 2703 880 2763 l⁰
893 2701 924 2762 in
939 2703 1065 2783 praefato
1080 2723 1167 2780 casu,
1181 2705 1200 2765 si

237 2793 397 2873 promissio
411 2790 615 2856 laetabamini
629 2793 666 2853 sit
688 2791 815 2872 simplex
833 2796 864 2852 et
886 2793 1036 2872 gratuita,
1051 2796 1110 2856 etsi
1123 2794 1201 2856 mera

238 2881 277 2942 ab
289 2899 325 2943 eo
340 2888 508 2963 acceptata,
530 2880 614 2942 valde
637 2879 830 2961 probabiliter
851 2879 893 2941 illi
917 2899 979 2943 non
1003 2881 1134 2947 debetur
1153 2881 1201 2945 sub

240 2971 340 3050 gravi,
354 2973 409 3032 etsi
423 2978 526 3034 votum
540 2969 666 3050 graviter
676 2967 798 3050 obliget.

279 3061 311 3116 2⁰
324 3058 410 3128 Quod
423 3057 537 3122 dicturn
551 3063 596 3121 est
608 3057 647 3119 de
659 3064 739 3134 voto,
749 3059 941 3139 probabiliter
952 3066 997 3122 est
1008 3059 1102 3122 etiam
1111 3059 1204 3123 dicen

239 3143 313 3205 dunt
332 3145 370 3207 de
385 3147 558 3225 juramento
578 3146 781 3229 principaliter
799 3147 911 3212 emisso
924 3149 956 3211 in
970 3147 1121 3212 honorem
1133 3149 1202 3221 liei,

240 3232 321 3311 quod
336 3233 445 3313 pariter
458 3235 583 3297 relaxari
596 3241 694 3318 potest
707 3235 773 3298 sina
787 3254 937 3300 consensu
949 3238 1054 3319 partis.

279 3323 369 3380 sata.
387 3353 423 3368 -·
433 3325 466 3382 3ο
479 3325 572 3384 secus
581 3328 627 3386 est
639 3323 800 3386 dicendum
816 3325 847 3386 in
867 3345 939 3390 casn
952 3344 1014 3408 quo
1027 3345 1205 3408 parsacrep

240 3411 326 3481 tans,
339 3424 371 3468 se
384 3407 422 3469 ad
436 3408 556 3490 aliquod
578 3429 656 3474 onus
675 3411 840 3493 obligaret:
855 3421 929 3476 tunc
945 3417 1028 3476 enirn
1049 3417 1205 3496 promissio

240 3497 269 3552 et
279 3493 485 3570 juramentum
498 3540 506 3572 ‚
521 3499 576 3560 etsi
590 3499 795 3580 principaliter
808 3501 839 3562 in
854 3501 1001 3566 honorem
1012 3504 1066 3565 Dei
1081 3506 1203 3576 emissa.

241 3589 303 3639 non
317 3584 443 3659 porrum
464 3577 525 3643 tolli
545 3583 591 3648 rel
607 3585 713 3650 nutari
729 3599 783 3664 per
796 3585 1048 3670 dispensationem
1063 3597 1116 3656 sut
1128 3607 1202 3656 com·
