2420 3968
377 205 463 252 crana
483 206 643 256 secvrucus.
938 194 996 256 553

33 321 89 364 non
110 301 221 366 babent
240 302 402 384 prandium
421 303 571 367 sufficiens
589 305 627 366 ad
643 324 675 368 se
688 306 939 386 sustentandum,
954 309 1001 372 vel

31 393 79 540 ppt
94 391 166 454 alios
183 410 246 455 non
258 391 370 455 habent
386 393 470 457 cibos
482 401 591 476 praeter
606 393 783 476 prohibitos.
803 398 846 478 (S.
863 397 999 479 Lignor„

43 480 181 556 1.3,11ο
198 484 286 544 1031.
743 551 748 556 ,

68 573 155 634 5009.
171 605 213 616 -
224 573 257 633 2⁰
271 481 503 654 ldximpotentit
514 572 623 634 morali
634 581 814 638 excusantur
827 575 847 638 ii
863 576 915 658 qui
926 577 1001 658 jeju·

34 659 112 720 nium
135 659 294 722 observare
318 679 381 722 non
400 669 528 742 possunt
547 662 613 724 sint
638 680 749 742 magno
775 665 999 730 incommodo:

23 746 98 821 ,hinc
112 767 174 811 non
197 752 338 812 tenentur
348 749 486 830 jejunare
504 751 525 814 ii
545 749 657 832 quibus
668 751 818 831 jejunium
833 755 918 818 affert
931 775 999 838 gra·

33 855 92 898 vem
106 838 212 919 capitis
224 837 379 915 dolorem3
396 839 449 921 qui
464 857 526 902 non
540 846 667 921 possunt
688 845 779 903 noctu
792 842 938 921 calefieri,
954 844 999 908 vel

33 927 198 990 notabiliter
212 945 319 990 somno
333 928 510 1010 privantur:
530 947 587 992 nec
608 927 654 992 isti
675 929 814 992 videntur
831 935 925 994 tenen
940 953 999 995 ooe-

33 1015 130 1078 nnlam
144 1034 236 1080 mane
250 1035 388 1094 sumere,
404 1017 544 1099 quiahoc
558 1018 601 1082 eis
614 1016 734 1081 afferret
750 1019 901 1082 ordinarie
914 1039 1000 1102 grave

33 1104 258 1170 incommodum
273 1125 281 1168 ε
296 1106 335 1170 de
348 1106 406 1170 hoc
418 1113 520 1178 tamen
534 1107 765 1172 controvertitur
778 1107 855 1170 inter
867 1110 930 1170 Db.

68 1197 156 1260 5010.
180 1197 371 1260 Excusantur
385 1195 494 1258 milites
512 1217 520 1257 r
535 1197 636 1278 quoad
654 1197 813 1260 officiarios
823 1201 908 1260 estne
922 1198 1001 1260 idem

32 1282 217 1348 dicendum?
244 1308 259 1345 a
273 1285 330 1348 Les
341 1284 469 1348 officiers
483 1284 611 1359 franceis
625 1286 653 1348 le
667 1287 803 1364 eroicnt,
819 1287 919 1369 inquit
931 1288 1002 1349 Gar·

32 1394 44 1428 r
66 1373 128 1436 din.
146 1375 289 1453 Gousset,
303 1393 336 1436 se
347 1374 474 1436 tondant
486 1393 538 1436 sur
557 1374 672 1456 l'usage
686 1375 911 1456 gerreralement
929 1376 1002 1438 snivi

32 1483 43 1518 1
65 1463 162 1544 parmi
178 1465 272 1540 nous,
288 1463 396 1545 depuis
409 1463 534 1526 environ
547 1466 586 1526 50
600 1483 671 1526 ans:
686 1483 764 1527 nous
777 1465 1002 1547 n'approuvons

32 1575 43 1608 v
67 1553 152 1633 point
166 1558 214 1614 cet
223 1571 327 1633 usage,
342 1553 419 1614 mais
434 1571 511 1615 nous
525 1571 564 1616 ne
578 1553 606 1615 le
619 1553 831 1616 condamnons
843 1572 908 1636 pas.
921 1555 1003 1615 Nous

32 1663 44 1698 r
67 1642 92 1704 le
107 1641 242 1704 tolerons
259 1649 287 1703 et
306 1661 383 1704 nous
398 1661 530 1723 pensons
543 1661 603 1724 que
617 1642 661 1704 les
675 1642 865 1706 confesseurs
883 1643 1004 1704 doivent

31 1751 44 1787 1
66 1729 257 1793 letaliter.»
276 1730 388 1809 (Tbe'ol.
404 1730 534 1806 morule,
549 1732 583 1791 n⁰
597 1730 683 1810 313.)

65 1824 156 1882 5011.
168 1822 358 1881 Excusantur
371 1819 513 1882 mulieres
523 1837 592 1900 quae
605 1820 677 1880 alias
684 1820 850 1900 jejunando
861 1837 1005 1902 magnam

31 1914 203 1988 paterentur
222 1909 461 1990 indignationem
482 1909 499 1969 a
520 1908 591 1969 viris
611 1909 688 1986 suis,
708 1909 800 1971 modd
816 1910 965 1989 jejunium
987 1912 1004 1971 ‘a

30 1999 95 2060 viris
119 2015 182 2062 non
206 1996 400 2080 prohibeatur
418 1997 450 2058 in
467 2003 676 2078 contemptum
695 1997 848 2078 religionis
866 1998 909 2060 vel
926 2017 1005 2080 prve-

30 2089 104 2170 cepti
121 2087 281 2164 Ecclesiar3
297 2087 369 2148 item
387 2094 568 2158 excusantur
588 2085 793 2148 adolescentes
806 2094 875 2150 ante
896 2091 931 2150 21
950 2106 1004 2148 an-

32 2195 115 2250 num,
131 2177 187 2239 etsi
203 2177 263 2238 sint
282 2175 413 2252 robusti,
430 2175 502 2256 quia
516 2173 654 2256 indigent
673 2175 869 2257 frequentiori
884 2177 952 2239 cibo
966 2176 1003 2238 ad

31 2272 230 2347 augmentum
244 2265 393 2352 corporis.
424 2263 468 2326 bt.
485 2266 568 2345 App.
579 2261 658 2324 lllll.

66 2359 157 2418 5012.
182 2355 389 2416 Communlter
403 2354 467 2416 bb.
489 2350 599 2416 docent
612 2354 823 2434 sexagenarios
836 2353 971 2416 excusari
987 2355 1002 2414 1

32 2443 143 2523 jejunio
165 2441 304 2505 indubio
325 2442 364 2504 de
386 2441 534 2505 validitate
561 2442 682 2504 virium.
707 2443 881 2522 Disputatur
903 2450 1005 2502 autem

32 2551 66 2595 an
81 2537 245 2596 teneantur
255 2531 394 2611 jejunare
404 2531 428 2593 si
437 2532 519 2594 certe
532 2529 594 2593 sint
606 2530 720 2592 robusti
737 2549 745 2588 ε
761 2537 807 2591 sat
815 2529 886 2590 verb
900 2529 1006 2608 proba-

30 2621 121 2686 bilem
136 2624 167 2688 S.
186 2621 344 2704 Lignorins
354 2620 443 2682 habet
456 2619 637 2682 sententiam
650 2637 720 2700 quac
733 2617 806 2680 dicit
822 2617 900 2688 illos,
916 2617 1005 2677 etiam

29 2719 103 2777 time
114 2712 153 2776 ad
170 2711 322 2792 jejunium
342 2728 404 2772 non
421 2708 543 2786 teneri,
561 2708 623 2770 sive
642 2707 714 2789 quia
737 2706 802 2768 talis
820 2712 866 2768 est
879 2723 1005 2767 consue·

31 2803 122 2882 tudo,
135 2803 198 2865 sive
211 2801 282 2882 qula
297 2800 328 2862 in
341 2799 392 2862 tali
407 2803 509 2876 aetate,
520 2797 590 2860 licet
603 2795 717 2859 robusti
732 2795 869 2857 nonnulli
885 2793 1005 2856 videan-

31 2897 79 2954 tur
90 2941 99 2975 ,
110 2908 218 2956 eorum
232 2895 333 2952 tamen
347 2888 439 2951 robur
453 2894 498 2950 cst
511 2886 549 2949 de
558 2886 637 2948 facili
651 2885 823 2960 illusivu1n;
839 2889 870 2945 et
888 2883 913 2944 si
928 2882 1004 2945 defi-

32 2982 128 3060 eianl,
143 2979 265 3044 difficile
284 2985 330 3041 est
343 2985 447 3060 postea
460 2983 495 3040 ut
508 2974 720 3039 convalescent
735 2993 743 3034 ε
759 2973 829 3034 hinc
840 2989 1004 3037 commune

30 3071 173 3152 adagium
189 3089 197 3133 :
211 3077 339 3132 senectus
353 3069 415 3151 ipso
429 3066 546 3128 morbus
559 3073 612 3127 est.
628 3067 661 3126 lu
679 3063 737 3126 hoc
755 3068 856 3126 eutem
870 3063 1005 3144 periculo

31 3157 98 3222 lieet
111 3158 199 3241 sequi
221 3157 399 3222 sententiam
417 3155 624 3239 probabilem,
646 3153 701 3216 etsi
716 3152 765 3216 lea
784 3159 884 3233 posset
897 3151 955 3214 diei
972 3153 1003 3214 in

31 3249 235 3328 possessione,
249 3247 358 3311 eodem
379 3245 471 3308 modo
485 3263 520 3307 ae
533 3245 674 3307 intimans
688 3242 720 3304 in
738 3241 832 3305 dubio
845 3247 1004 3304 excusatur

30 3339 48 3397 b
61 3339 233 3401 recitatione
242 3335 332 3400 officii
342 3335 367 3398 si
376 3333 540 3416 prudenter
548 3334 652 3396 timeat
662 3351 750 3414 grave
761 3329 1001 3394 incommodum.

30 3427 268 3492 Controvertitur
287 3445 326 3489 an
346 3424 472 3488 sufficiat
487 3429 521 3486 ut
551 3441 650 3485 annus
672 3421 876 3502 sexagesimus
898 3419 937 3480 sit
957 3421 1002 3480 in-

31 3526 150 3596 ceptus,
160 3524 191 3581 et
204 3514 398 3600 probabiliter
412 3513 515 3599 plures
526 3511 687 3575 affirmant.
698 3511 741 3590 (S.
757 3508 892 3590 Liguon,
908 3507 959 3570 lib.
972 3513 1003 3582 3,

33 3613 67 3664 n⁰
78 3609 152 3670 1031
156 3611 178 3671 .l
