2462 3972
201 231 261 296 690
421 257 557 304 urrunnu
578 257 677 304 rossus
696 255 780 304 sunta
800 253 949 304 eurotam.

202 355 407 418 misericordia
420 361 449 419 ot
462 356 558 438 pietas
577 359 723 437 expetunt
735 359 769 417 ut
790 353 865 416 talea
878 349 1072 434 elargitionos
1084 349 1163 424 dant,

202 445 338 526 adeoque
356 445 435 507 bona
458 443 656 507 ecclesiastica
678 443 736 506 boc
753 459 846 506 onere
864 446 983 522 parata
1002 445 1075 502 sunt
1089 439 1163 516 (tan.

202 535 335 610 Auram,
350 551 440 596 causa
452 536 510 611 12,
525 551 557 616 q.
573 535 602 611 2)
620 551 628 594 ε
643 539 736 596 ateas
749 530 848 594 iacere
864 529 993 612 pertinet
1006 529 1163 610 praesertin

202 621 238 682 ad
252 640 304 684 eos
318 621 430 703 quibus
439 621 583 704 competit
592 621 681 706 pleno
703 619 926 682 administratio
946 617 979 678 iu
999 617 1165 698 temporali·

201 709 257 772 bus
271 716 300 772 et
314 710 532 792 spiritualibus
549 711 653 792 quales
666 717 736 773 sunt
754 709 893 790 inprimis
902 707 1063 788 Episcopi;
1086 706 1165 768 talem

201 805 373 862 autemnon
388 798 501 872 babent
523 806 697 882 potestatem
717 797 973 860 administratores
995 793 1165 872 interiores,

205 906 228 948 s.
244 907 275 970 g.
300 887 482 950 fabricarum
497 907 506 966 ;
526 883 662 951 rectores
675 895 776 950 tamen
793 883 1013 948 beneficiorum
1035 882 1167 946 ridentur

200 993 288 1057 posse
312 977 520 1060 eleemosynas
539 976 587 1040 vel
606 975 782 1040 donationes
801 973 947 1056 quasdam
966 981 1167 1036 remunerato

201 1065 260 1128 rias
272 1065 371 1129 lacere
381 1067 465 1147 juxta
478 1083 567 1128 usum
582 1072 611 1130 et
626 1065 801 1148 exigentiae.
822 1060 959 1126 Prolem.
981 1060 1016 1124 S.
1043 1061 1166 1144 supas,

130 1153 135 1160 '
202 1165 235 1216 n·
246 1159 315 1218 586.
327 1157 391 1218 lmd
410 1157 435 1217 si
450 1155 539 1218 instet
553 1155 715 1218 necessitas
730 1173 738 1216 ε
753 1172 782 1216 v.
799 1173 842 1236 g,
859 1153 883 1214 sl
901 1151 998 1214 fames
1016 1153 1166 1234 regionem

201 1249 332 1325 premat,
356 1250 483 1326 possunt
501 1243 629 1322 Praelati,
644 1250 678 1306 ut
695 1241 930 1324 supradiximus
944 1241 1068 1322 (29ll),
1083 1242 1166 1303 etiam

200 1332 366 1395 immobilia
379 1339 431 1394 aut
444 1332 566 1394 mobilia
581 1333 710 1415 pretiosa
721 1331 866 1400 alienare,
882 1329 973 1392 etiarn
987 1328 1107 1412 absque
1120 1331 1166 1394 be

200 1421 347 1502 neplacito
362 1421 566 1503 Apostolicosi
581 1421 619 1484 de
632 1421 712 1484 sacili
726 1422 807 1504 Papa
819 1419 893 1482 adiri
915 1436 979 1482 non
1000 1427 1103 1502 posset
1115 1437 1168 1484 nac

199 1509 283 1570 aliter
296 1517 395 1590 posset
405 1509 588 1592 pauperibus
604 1509 763 1592 provideri.

231 1600 328 1660 5326.
351 1597 476 1661 Praelata
490 1599 612 1680 intelligi
628 1598 738 1662 debent
754 1597 792 1661 de
805 1597 895 1660 bonis
908 1601 937 1660 et
951 1595 1121 1662 redditibus
1133 1601 1168 1663 ad

198 1687 364 1750 Ecclesiam
377 1689 607 1769 pertinentibus,
624 1705 695 1750 nam
709 1695 792 1750 extra
807 1688 1045 1750 controuersiam
1059 1695 1107 1752 cst
1119 1689 1168 1753 be-

200 1775 367 1839 neficiarios
390 1795 477 1859 posse
497 1775 668 1839 indistincta
689 1777 847 1858 disponere
864 1774 903 1838 de
917 1774 1066 1840 fructibus
1078 1777 1169 1842 bena

197 1865 258 1927 ficii
273 1883 349 1947 quos
369 1883 440 1928 suos
459 1864 613 1945 iecerunt,
637 1866 729 1928 modb
748 1867 779 1927 in
798 1865 847 1948 pia
864 1883 957 1946 opera
979 1866 1170 1948 superfluum

198 1955 384 2036 impendant,
400 1961 434 2018 ut
449 1953 526 2017 inira
547 1971 652 2018 sumus
664 1955 773 2018 dicturi
796 1955 907 2036 (5433).
921 1953 999 2016 Vide
1013 1955 1167 2019 Reiffenst

197 2043 260 2122 (lib.
276 2047 313 2122 3,
329 2045 372 2106 tit.
388 2048 448 2123 lt,
464 2047 570 2123 mid).

236 2127 325 2194 5327.
348 2134 470 2204 Quaerit.
488 2135 520 2196 l⁰
535 2137 581 2196 An
594 2133 708 2216 absque
727 2133 967 2198 solemnitatibus
986 2153 1045 2216 pro
1056 2135 1167 2199 aliena-

196 2221 278 2282 tione
291 2220 441 2284 bonorum
464 2222 605 2284 Ecclesiae
627 2223 947 2304 requisitis,Praelatus
966 2225 1062 2306 possit
1083 2244 1165 2308 repre

195 2309 1037 2389 dianehaereditatemautdpnationemEcclesiaefacum,
1047 2315 1158 2396 pando

196 2399 293 2481 agitur
306 2397 344 2461 de
358 2416 390 2461 re
404 2399 562 2475 immobili,
578 2406 630 2464 aut
640 2399 678 2464 de
692 2419 724 2463 re
739 2401 842 2464 mobili
857 2402 1016 2484 pretiosa?

235 2491 325 2572 Resp.
345 2493 375 2550 l⁰
391 2490 512 2552 Certum
526 2507 591 2552 esse
604 2489 843 2571 repudiationem
856 2489 940 2553 illam
954 2491 1094 2556 illicitam
1103 2509 1168 2557 osae

162 2607 167 2616 ·
195 2579 396 2660 Ecclesiaaque
415 2578 610 2657 injuriosam,
630 2579 655 2640 si
676 2580 726 2640 liat
750 2579 863 2660 absque
887 2583 981 2643 causa
999 2583 1087 2661 justa
1104 2605 1114 2642 ι
1129 2581 1173 2645 sic

195 2668 277 2729 onim
294 2667 425 2729 Ecclesia
439 2667 570 2747 privatur
580 2665 706 2728 bonoad
717 2667 854 2749 quodJus
867 2669 948 2730 certe
963 2667 1053 2731 babet
1067 2690 1076 2730 ε
1090 2671 1177 2734 unda

194 2755 462 2818 Praelatustenetur
472 2755 509 2817 ad
520 2753 721 2838 reparandum
731 2755 877 2819 damnum
887 2749 1177 2825 Ecclesiaeillalum.

193 2845 373 2925 (deificum,
389 2845 440 2908 lib.
457 2848 495 2922 3,
510 2844 555 2906 tit.
574 2847 627 2922 td,
644 2847 678 2906 n⁰
692 2847 754 2923 53.)

233 2937 323 2998 5328.
339 2970 378 2981 -
391 2937 423 2996 2⁰
439 2935 486 2995 lln
499 2939 600 2997 autom
621 2933 670 2996 illa
691 2933 858 3016 repudiatio
879 2933 916 2996 sit
927 2933 1035 2997 saltem
1049 2938 1181 3002 validat

193 3023 351 3086 -Plures
364 3023 532 3102 affirmant,
551 3022 621 3104 quia
636 3024 667 3084 in
681 3022 739 3086 boc
752 3041 814 3086 non
828 3023 987 3085 intervenit
1001 3041 1075 3088 vera
1100 3027 1185 3092 alie-

194 3110 294 3186 natio,
310 3111 381 3172 obm
395 3130 443 3174 res
457 3110 593 3174 nondum
607 3117 787 3193 acceptata,
804 3127 865 3173 nou
879 3113 939 3173 sint
957 3111 1016 3174 sub
1029 3111 1183 3180 dominio

193 3198 343 3260 Ecclesia.
354 3200 428 3262 Vide
436 3200 578 3262 eumdem
592 3199 745 3263 Reiffenst.
755 3200 808 3282 qui
819 3199 850 3262 in
863 3199 1080 3282 probationem
1088 3205 1185 3268 affert

193 3287 226 3346 L.
241 3285 440 3347 alienationis
453 3291 503 3363 28,
515 3287 561 3365 ffi,
576 3289 611 3352 de
625 3288 703 3350 verb.
719 3284 863 3371 siqnific„
879 3285 930 3351 ub't
944 3307 954 3349 t
970 3309 986 3347 r
1001 3290 1063 3362 Oui
1081 3309 1186 3356 occa-

193 3393 207 3428 »
232 3371 316 3432 sione
338 3373 512 3451 acquirendi
527 3395 588 3438 non
603 3377 717 3454 utitur,
740 3395 801 3439 non
815 3375 1155 3458 intelligimralienara
1175 3403 1183 3444 :

192 3478 207 3514 a
231 3457 321 3518 veluti
336 3461 385 3538 qui
401 3459 604 3526 haereditatem
622 3465 746 3542 omittit,
760 3471 814 3528 aut
829 3465 984 3548 optionem
1004 3465 1097 3532 intra
1111 3489 1187 3535 oet·-

192 3562 207 3601 ι
231 3550 295 3605 turn
310 3549 428 3625 tempus
441 3547 542 3611 datam
558 3569 618 3614 non
632 3553 859 3628 amplectitur.»

234 3624 289 3688 aut
304 3635 434 3708 negant:
451 3633 481 3692 p
495 3633 569 3706 Ouia
579 3631 729 3716 Ecclesia,
743 3639 833 3705 edam
844 3639 909 3706 rinb
922 3641 1045 3724 spectati
1065 3661 1189 3730 accep-
