2474 3946
438 251 523 298 nram
543 249 701 300 eremana.
990 233 1046 296 3οἹ

68 343 124 407 ΙιἹ).
139 347 181 422 o,
196 353 233 408 n·
247 347 335 410 loos.
352 344 439 411 Unde
452 346 555 430 regula
573 347 663 413 hodie
675 347 878 412 communiter
891 339 1023 410 admissa
1038 363 1048 411 a

67 434 212 514 Affinitos
224 453 282 494 non
294 435 381 517 parit
394 437 576 518 affinitatem.

109 524 204 586 ΗΠ.
227 524 368 586 Persona
394 531 495 587 autern
517 545 586 608 quae
613 525 773 592 carnaliter
802 526 1047 609 conjunguntur,

68 629 133 674 non
146 610 297 674 habentur
306 619 338 674 ut
347 613 468 696 proprie
477 615 589 696 affines,
608 613 661 678 sed
671 619 742 678 sunt
752 613 985 680 fundamentum
995 631 1048 680 seu

69 698 257 782 principium
270 700 433 764 affinitatis.

16 807 19 810 ·
109 791 203 852 4278.
225 789 345 870 Triplex
364 789 419 853 fuit
437 792 510 854 olim
526 792 678 856 affinitatis
699 811 822 875 genuae
840 794 973 876 primum
988 794 1050 856 und

67 878 218 941 duntaxat
227 879 326 941 media
340 884 467 962 personl
482 901 490 958 ;
506 881 635 945 alterum
649 883 786 959 duabus;
802 882 923 944 tertium
936 929 943 959 ‚
954 881 1050 945 tribus

67 967 210 1050 personis
219 967 326 1030 mediis
338 969 569 1033 contrahebatur
579 991 586 1032 :
598 971 639 1049 si,
650 990 678 1034 v.
695 991 737 1052 g„
754 971 860 1048 Titius,
872 969 962 1032 irater
973 971 1046 1049 Caii,

69 1055 303 1119 matrimonium
324 1057 439 1122 iniisset
452 1065 481 1122 et
499 1065 741 1123 consummasset
753 1077 824 1122 cum
846 1058 970 1136 Redire,
986 1058 1051 1122 haec

69 1145 141 1207 Caio
156 1143 255 1207 affinis
276 1151 340 1208 erat
352 1147 430 1210 siout
443 1149 631 1211 nuncetiam
646 1156 707 1226 est,
723 1157 752 1212 et
767 1149 823 1211 hoc
838 1155 900 1211 erat
916 1147 1048 1229 primum

69 1251 170 1316 genus
180 1235 329 1297 allinitatis
340 1255 348 1311 ;
360 1236 384 1297 si
394 1283 402 1312 ‚
414 1243 534 1300 mortuo
546 1238 641 1316 Titio,
659 1238 766 1300 Bertha
779 1237 974 1303 matrimonio
980 1239 1050 1316 jun-

69 1323 277 1403 gebaturcurn
293 1325 490 1406 Sempronio,
502 1327 701 1408 Sempronius
715 1325 884 1389 secundum
899 1325 1050 1390 allinitatis

69 1429 170 1492 genus
191 1413 386 1474 contrahebat
408 1432 480 1480 cum
501 1415 571 1478 Gaio
593 1421 624 1478 et
646 1417 788 1479 omnibus
811 1417 1047 1497 consanguineis

68 1499 153 1576 Titii;
169 1501 193 1562 si
207 1500 350 1578 demum,
367 1506 486 1566 mortua
501 1503 626 1580 Benna,
642 1505 840 1587 Sempronius
854 1505 933 1568 aliud
950 1505 1045 1568 matri

68 1589 211 1651 monium
226 1589 404 1653 celebrasset
417 1611 488 1654 cum
502 1593 642 1670 Claudia,
659 1595 748 1656 etiarn
763 1612 833 1655 cum
849 1597 904 1654 istd
917 1594 1005 1656 Caius
1020 1599 1049 1656 et

68 1695 180 1740 omnes
192 1679 408 1760 consanguinei
428 1681 496 1742 Titii
519 1681 605 1743 tertio
626 1681 777 1744 affinitatis
795 1700 906 1762 genere
920 1684 1049 1760 conjun-

67 1765 230 1848 gebantur.
247 1767 321 1829 Vide
335 1767 449 1831 Bened.
462 1772 529 1832 xlv
539 1769 599 1850 (Oe
612 1769 703 1851 Syn„
719 1769 770 1829 lib.
787 1774 817 1844 9,
835 1787 863 1830 c.
886 1771 934 1842 13,
952 1779 984 1830 n⁰
1001 1773 1047 1847 ll).

109 1859 201 1918 4279.
222 1854 280 1918 Sed
291 1855 358 1920 duae
371 1858 551 1939 posteriores
561 1856 831 1939 consanguinitatis
841 1857 957 1938 species
966 1857 1050 1920 ebro

67 1949 147 2025 gatae
166 1943 289 2006 luerunt
303 1947 319 2006 a
333 1946 468 2008 Concilio
482 1945 676 2008 lateranensi
695 1947 733 2006 lV
757 1947 835 2027 (cap.
861 1944 928 2006 Non
951 1945 1048 2027 debet,

65 2031 249 2114 deeonaonp.
261 2033 409 2115 eiusde),
419 2037 510 2098 etiem
525 2036 557 2096 in
571 2035 650 2096 linea
664 2035 755 2112 recte,
767 2032 915 2116 quidquid
930 2035 960 2098 in
975 2055 1049 2098 con·

65 2123 197 2184 tranium
210 2122 289 2184 dicat
303 2122 432 2185 Collator
448 2122 672 2204 andegavensis
686 2127 748 2201 (10ο
756 2123 864 2205 confer.
879 2143 933 2186 sur
946 2123 973 2186 le
986 2145 1048 2186 mo·

65 2212 171 2291 ricae,
189 2215 222 2272 l·
235 2219 342 2292 quasa,
358 2230 388 2293 p.
411 2215 487 2286 388,
504 2212 575 2274 edit.
600 2215 687 2290 1830)
708 2221 737 2276 et
758 2213 896 2276 nonnulli
918 2214 966 2276 alir
981 2237 988 2274 ε
1005 2216 1049 2280 sic

65 2299 238 2362 resolutum
253 2299 332 2361 luite
349 2302 379 2362 S.
395 2302 506 2382 Congr.
523 2303 629 2380 Cone,
640 2306 659 2365 8
670 2309 757 2365 mart.
771 2306 864 2379 l72l3
881 2311 911 2365 et
925 2303 1049 2385 insuper

66 2387 199 2450 affinitas
213 2388 301 2470 primi
313 2389 433 2471 generis
443 2389 481 2452 ad
490 2394 529 2450 l·
541 2390 669 2471 gradum
678 2392 813 2454 restricta
824 2390 879 2454 luit
892 2391 1047 2457 abeodem

67 2477 185 2539 Concil.
201 2477 413 2554 Laterenensi;
430 2479 492 2540 imd
510 2478 593 2540 illam
611 2479 649 2542 ad
664 2479 834 2542 secundum
858 2479 985 2559 gradum
1000 2499 1047 2542 re·

67 2564 155 2628 duxit
167 2565 336 2629 Concilium
345 2566 479 2629 Trident.
490 2569 578 2647 (sess.
593 2573 644 2646 Ἃ,
655 2587 722 2649 cap.
733 2571 775 2646 l),
793 2585 864 2629 casu
879 2585 940 2647 quo
955 2568 1050 2631 oritur

67 2673 104 2716 ex
124 2653 235 2736 copula
251 2655 350 2717 illicita
367 2673 375 2716 2
396 2656 420 2716 si
434 2663 535 2717 temen
552 2657 681 2718 oriretur
702 2674 738 2717 ex
755 2654 949 2716 matrimonio
966 2654 1050 2717 nullo

66 2751 192 2825 propter
201 2743 324 2824 aliquod
338 2743 686 2827 impedimentum,tunc
699 2743 827 2807 affinitas
841 2759 906 2804 sese
918 2743 1050 2805 extendit

67 2831 220 2916 usquead
234 2839 376 2914 quartum
390 2833 530 2914 gradum,
541 2834 646 2895 saitem
658 2851 804 2915 casuque
819 2831 1049 2894 matrimonium

66 2921 126 2984 fuit
138 2939 211 2984 ‹zum
225 2920 306 2984 bone
327 2921 385 2984 lide
400 2923 527 2998 initum3
550 2930 580 2984 et
601 2921 660 2984 hoc
682 2921 832 3002 colligitur
846 2939 882 2982 ex
897 2918 1049 2985 decisione

67 3013 102 3074 S.
118 3013 230 3092 congr.
246 3011 339 3074 (lonc.
356 3013 422 3073 ali.
439 3012 574 3075 Carriere
588 3011 688 3085 citata,
704 3010 748 3073 De
762 3009 914 3083 Motn'm„
927 3018 961 3071 n⁰
977 3013 1048 3074 836.

108 3103 200 3163 taso.
224 3099 336 3162 Dicunt
348 3099 429 3162 idem
443 3102 479 3162 D.
496 3100 632 3162 Carriere
646 3099 711 3179 (ia,
728 3101 762 3160 n⁰
775 3102 845 3178 834)
860 3106 890 3162 et
903 3099 952 3162 alii
968 3119 1050 3162 non-

66 3189 146 3252 nulli
169 3188 344 3252 affinitatem
367 3187 509 3252 dirimere
536 3189 766 3252 matrimonium
791 3189 824 3251 in
854 3207 1049 3272 quocumque

65 3276 166 3361 gradu
180 3277 267 3340 linea
281 3286 389 3355 recte,
413 3285 443 3340 et
458 3277 588 3340 Gollator
607 3277 761 3360 andegav.
784 3277 816 3340 in
838 3277 1049 3360 probationem

66 3367 157 3430 affert
169 3384 239 3448 cap.
254 3365 311 3429 Ec
324 3365 435 3428 litteris
446 3413 455 3442 ‚
465 3365 499 3427 de
512 3386 648 3450 consuaq.
663 3375 693 3430 et
706 3367 827 3448 affinio,
843 3367 894 3430 ubi
917 3367 1046 3434 dicitur:

72 3478 89 3516 ι
108 3457 211 3537 AEque
224 3453 307 3518 enim
319 3501 328 3533 ‚
341 3461 375 3518 ut
388 3473 521 3518 canones
534 3455 648 3532 dicunt,
660 3455 873 3519 abstinendum
888 3459 906 3519 e
920 3475 1049 3520 consan-

67 3567 85 3608 ι
109 3543 229 3626 guineis
247 3544 361 3620 uxoris,
376 3549 411 3606 ut
423 3545 552 3626 propriis
565 3565 595 3622 a;
611 3544 665 3607 sed
684 3549 797 3607 exunt
811 3551 895 3625 parte
909 3545 940 3606 in
955 3545 1046 3622 capit.

72 3632 128 3699 Ea·
145 3631 276 3711 titteris,
291 3631 355 3695 haec
378 3631 468 3696 verba
489 3633 603 3710 prolata
622 3631 707 3695 luere
730 3631 889 3694 occasione
907 3629 1050 3689 duntaxat
