2498 3966
275 276 362 326 trurrn
382 277 543 327 secururs.
567 293 606 310 -
627 276 818 328 arresurcss.
980 261 1035 323 trs

59 390 165 452 larum
180 389 369 451 institutioni
391 393 423 452 st
435 387 666 451 conservationi
687 387 862 470 expediret,
890 391 1039 446 cunetas·

60 497 125 560 que
138 481 299 541 voluntate
313 485 457 540 etmente
480 495 537 541 sua
551 479 597 540 sie
611 475 781 550 ordinarit,
796 485 830 540 ut
846 492 939 538 suum
962 489 1041 534 una·

60 586 197 648 quaeque
211 567 328 628 exitum
345 567 568 630 convenienter
588 565 737 628 habitura
752 567 803 627 sit.
822 565 859 625 dt
885 564 910 626 si
935 577 1041 624 rerum

60 657 206 720 ordinem
224 655 496 736 providentissime
511 657 718 719 constitutum
735 656 904 716 immutare
918 657 950 714 et
970 669 1041 732 per-

61 741 375 808 turbarenomtnurn
398 746 556 810 temeritas
572 755 625 809 aut
653 745 838 828 improbitas
860 741 944 815 velit,
974 748 1042 802 turn

62 834 140 898 sord
161 833 256 897 etiam
271 835 601 918 sapentissimeatque
630 835 796 897 utilissime
823 831 965 894 institua
989 837 1045 890 aut

61 926 175 988 obesse
189 925 356 1006 incipiunt,
380 933 436 986 aut
449 926 596 1008 prodesse
613 925 774 1000 desinunt,
797 923 847 986 rel
865 921 949 1004 quod
980 919 1043 980 vim
1109 971 1112 974 .

60 1013 195 1097 juvandi
211 1014 384 1077 mutatione
401 1013 575 1092 emiserint,
594 1014 642 1075 vel
673 1015 760 1095 quod
775 1012 852 1074 tales
876 1012 959 1071 Deus
979 1009 1045 1089 ipse

63 1121 183 1186 poenas¹
198 1104 285 1164 malit
306 1104 346 1165 de
361 1103 544 1166 mortalium
561 1102 709 1184 superbie
730 1111 824 1182 atque
846 1098 977 1162 audacie
995 1115 1043 1160 su·

65 1213 162 1256 mere.
178 1191 324 1256 Jamrerd
346 1193 401 1274 qui
415 1211 537 1256 sacrum
561 1211 629 1256 esse
655 1190 891 1254 matrimonium
917 1196 1053 1270 negant,-

65 1283 258 1363 etqueomui
272 1282 480 1362 despoliatum
497 1282 661 1344 sanctitate
672 1283 703 1343 in
718 1300 824 1344 rerum
841 1277 1045 1360 profanarum

63 1373 243 1452 conjiciunt
265 1390 374 1451 genus,
389 1371 409 1432 ii
429 1377 612 1452 pervertunt
638 1369 844 1432 fundamenta
868 1375 988 1430 naturae
1016 1375 1046 1428 et

64 1463 184 1526 dirinae
199 1459 406 1522 Providentiae
421 1469 486 1522 tum
502 1458 642 1521 consiliis
658 1469 847 1541 repugnant,
868 1464 937 1519 tum
956 1455 1046 1517 iusti·

67 1559 150 1624 tuta,
163 1558 319 1630 quantum
336 1557 448 1629 potest,
461 1549 686 1612 demoliuntur.
711 1547 906 1629 Quapropter
928 1545 1046 1608 mirum
1110 1559 1115 1568 ·

64 1656 214 1704 essenon
237 1637 341 1712 (lebet,
359 1657 394 1702 ex
418 1637 605 1717 hujusmodi
629 1639 792 1699 conatibus
809 1637 925 1699 insanis
952 1645 1046 1715 atque

65 1729 176 1808 impiis
190 1745 258 1788 earn
281 1726 424 1806 generari
455 1727 609 1789 malorum
631 1736 777 1804 segetem,
808 1743 870 1805 qua
892 1723 974 1785 nihil
1000 1733 1047 1784 est

65 1816 165 1882 saluti
192 1815 383 1888 animarum,
415 1814 691 1894 incolumitatique
717 1813 900 1895 reipublicae
942 1813 1048 1894 perni-

67 1907 199 1971 ciosius.

110 1997 142 2059 Si
171 1992 386 2056 consideretur
399 2009 551 2074 quorsum
564 1991 842 2054 matrimoniorum
891 1991 1049 2072 pertineat

68 2085 181 2148 divina
196 2083 365 2155 institutio,
390 2082 418 2142 id
434 2081 492 2142 erit
518 2081 801 2154 evidentissimum,
823 2078 984 2143 includere
1016 2082 1048 2142 iu

69 2175 136 2236 illis
151 2171 287 2234 uoluisse
304 2175 402 2232 ileum
419 2170 563 2233 utilitatis
579 2170 713 2252 publicae
728 2169 902 2233 uberrimos
934 2167 1046 2234 sontes.

70 2265 110 2327 Et
126 2279 214 2338 sane,
235 2269 444 2340 preterquam
460 2259 543 2340 quod
557 2258 1048 2340 propagationigenerishumani

69 2349 282 2436 prospiciunt,
306 2349 382 2413 illuc
393 2367 519 2430 quoque
534 2349 704 2429 pertinent,
730 2357 763 2412 ut
776 2349 937 2412 meliorem
954 2349 1049 2410 vitam

68 2441 243 2522 conjugum
256 2437 655 2518 beatioremqueelliciaut;
669 2440 764 2518 idque
779 2437 1047 2520 pluribusoausis,

69 2545 190 2609 nempe
213 2537 323 2590 mutuo
338 2526 377 2590 ad
392 2527 591 2589 necessitates
620 2525 831 2589 sublevandas
855 2524 1048 2606 adjumento,

70 2635 183 2682 amore
197 2617 351 2679 constanti
373 2624 403 2677 et
418 2615 514 2688 fideli,
541 2616 766 2678 commuuione
791 2613 935 2678 omnium
952 2613 1051 2677 bono·

71 2727 158 2782 rum,
189 2705 290 2788 gratia
318 2705 448 2780 coelesti,
471 2721 542 2787 que
567 2722 585 2766 a
607 2713 803 2767 sacramento
829 2701 1047 2782 proficiscitur.

71 2796 193 2860 Eadem
220 2809 295 2855 vero
324 2791 498 2873 plurimum
531 2802 662 2872 possunt
683 2791 723 2853 ad
745 2789 938 2853 familiarum
965 2791 1051 2853 salu-

71 2895 172 2960 tem3
202 2899 276 2944 uam
299 2881 500 2943 matrimonia
533 2879 685 2962 quamdiu
729 2888 803 2944 suut
845 2880 1051 2960 congruentia

72 2983 208 3044 naturae,
252 2969 375 3049 lleique
410 2969 545 3033 consilio
578 2979 650 3051 apte
682 2969 889 3042 conveniunt,
926 2967 1053 3033 firmare

74 3060 216 3146 proiecto
243 3059 395 3124 valebunt
408 3059 590 3120 animorum
609 3059 811 3121 concordiam
831 3057 914 3120 inter
935 3077 1050 3141 paren·

74 3161 135 3224 tes,
152 3149 231 3211 tueri
259 3149 376 3210 bonam
411 3145 640 3210 institutionem
668 3145 849 3220 liberorum,
879 3155 1053 3229 temperare

74 3239 212 3321 patriam
236 3243 421 3318 potestatem
435 3237 595 3318 proposito
614 3235 731 3298 divinat
755 3236 917 3316 potestatis
945 3255 1051 3298 esern-

76 3327 144 3410 plo‚
160 3326 240 3388 lilios
256 3326 451 3407 perentibus,
468 3323 602 3388 lamulos
629 3323 715 3387 heris
728 3323 828 3387 iacere
852 3323 1049 3388 obedientes.

75 3417 124 3478 db
139 3413 296 3494 ejusmodi
309 3423 414 3478 autem
445 3413 602 3494 conjugiis
632 3419 798 3494 expectare
820 3413 962 3476 civitates
982 3414 1052 3494 jure

77 3513 321 3587 possuntqenus
334 3513 366 3566 et
378 3501 705 3582 sobolemcirlumqui
719 3501 818 3584 probo
830 3501 963 3563 animati
978 3503 1052 3575 sint,

77 3592 199 3672 licique
213 3589 384 3652 reverentia
397 3600 490 3670 atque
505 3607 612 3653 amors
638 3591 766 3668 assueti,
790 3588 839 3652 sui
865 3587 961 3650 oldcii
987 3605 1053 3650 esss
