2416 3954
373 203 629 250 tramsmnnnus.
917 185 972 244 497

45 313 55 350 r
76 294 213 375 poneius
233 298 362 381 martyrii
376 297 610 375 convenientes,
628 293 747 360 athleta
774 299 805 360 et
831 311 978 376 generoso

47 399 53 428 ι
75 381 164 446 christi
176 387 290 467 Martyri
309 387 612 450 communicemus·

73 471 135 532 llem
150 473 179 534 in
199 475 326 555 Epistola
347 474 489 538 Ecclesiae
513 475 706 556 smyrnensis
726 474 758 536 in
777 470 977 556 querelentur

45 561 193 638 martyrium
214 565 244 626 S.
267 564 443 646 Polycarpi,
466 563 509 627 sic
538 562 728 626 concluditur
751 580 761 625 t
786 564 915 644 «Atque
937 561 978 623 ita

43 665 54 700 t
73 643 180 712 demum
195 669 259 714 ossa
270 652 348 716 illius
357 651 486 733 gemmis
500 651 721 734 pretiosissimis
734 651 848 714 cariora
860 655 892 713 et
904 668 978 732 quo·

21 811 23 816 Ι
43 753 54 788 r
72 734 185 800 risuum
197 742 316 821 puriora
328 739 518 822 colligentes,
533 741 585 804 ubi
607 739 747 818 decebat,
766 738 975 802 condidimus:

44 841 54 878 t
72 828 216 903 quostiam
230 831 260 892 in
274 831 340 893 loco
355 831 460 908 nobis,
475 831 499 892 si
514 830 578 892 lieri
592 835 716 912 potent,
732 827 976 892 convenientibus

44 915 197 978 omncedat
216 920 294 982 llcus
316 919 455 982 Natalem
476 917 539 1000 ejus
558 918 702 1001 martyrii
718 917 795 979 diem
812 915 976 988 celebrare,

44 1017 53 1050 t
72 1002 164 1063 lumin
184 1008 357 1070 memoriam
375 1026 482 1069 corum
504 1007 556 1089 qui
579 1007 710 1088 glorioso
727 1004 893 1068 certamine
910 1021 977 1084 per-

44 1105 54 1140 r
72 1087 149 1152 functi
163 1101 239 1170 sunt,
254 1103 318 1158 tum
328 1096 365 1158 ad
380 1105 513 1178 posteros
528 1095 675 1176 ejusmodi
690 1093 828 1175 exemplo
842 1092 979 1154 erudien-

43 1193 54 1228 υ
71 1173 116 1238 dos
127 1187 153 1240 et
164 1183 394 1246 confirmandos.
411 1205 426 1241 n
444 1184 520 1246 Vide
541 1185 619 1265 apud
637 1182 748 1246 Bened.
764 1183 830 1245 xlv
845 1179 889 1260 (de
902 1179 979 1242 Bea-

43 1261 100 1342 tt'fic.
112 1275 137 1326 et
151 1269 283 1332 Cononis.
300 1272 374 1348 SS,
386 1271 437 1332 tin.
457 1277 467 1333 l
486 1319 494 1344 ,
510 1291 576 1353 cap.
594 1277 628 1350 2,
645 1272 685 1334 n'¹
700 1277 718 1334 9
733 1280 761 1334 et
773 1275 831 1348 10).

71 1356 145 1416 ltili.
161 1358 231 1421 Pace
254 1360 394 1422 llcclesiae
415 1360 551 1438 reddita,
566 1360 679 1422 similes
693 1361 821 1422 honores
835 1358 891 1439 piis
905 1356 978 1416 fidn-

41 1435 102 1502 libus
112 1446 158 1525 qui
173 1456 235 1528 post
248 1449 391 1510 virtutum
411 1447 598 1511 heroicarum
612 1449 785 1512 exercitium
805 1447 836 1508 in
851 1449 979 1508 llorninn

42 1531 230 1610 moriebantur,
244 1537 378 1600 exhiberi
394 1544 569 1618 coeperunt:
585 1538 695 1617 quibus
708 1537 788 1618 prior
803 1537 833 1596 in
849 1537 979 1597 Ecclesid

41 1613 191 1686 Occidentali
205 1625 322 1688 videtur
336 1625 442 1687 fruitus
456 1625 546 1687 luisse
560 1628 591 1686 S.
611 1627 757 1687 Martinus
769 1626 954 1686 'l'uronensis
971 1645 978 1685 ε

41 1705 117 1782 agitur
127 1712 203 1774 enirn
216 1713 254 1778 de
267 1713 321 1775 illo
333 1713 371 1776 ad
385 1713 557 1792 hujusmodi
572 1714 701 1774 honores
713 1713 775 1792 jam
789 1713 933 1790 admisso,
950 1713 979 1773 in

40 1792 118 1870 primo
129 1799 255 1864 Concilio
268 1801 436 1864 Turonensi
450 1849 457 1875 ,
471 1821 552 1863 annn
572 1807 628 1862 itit
643 1821 651 1877 ;
667 1801 704 1861 de
727 1801 785 1862 hoc
807 1803 915 1862 Sancto
939 1801 981 1864 sic

41 1877 109 1946 halet
121 1888 259 1970 Sulpitius
275 1893 402 1952 Severus
416 1890 563 1968 (d’pistola
576 1895 638 1968 ⁶2⁸):
659 1913 673 1946 n
690 1890 768 1950 Licet
781 1889 807 1950 ei
822 1889 896 1950 ratio
908 1898 982 1951 tont-

40 1978 138 2052 ”poris
159 1997 217 2040 non
237 1981 368 2060 potuerit
389 1990 528 2058 praestare
547 1978 741 2057 martyrium,
764 1981 856 2058 gloria
880 1986 979 2040 tamen

40 2077 50 2112 t
68 2062 189 2146 uanyns
203 2087 264 2130 non
279 2067 401 2140 carebit,
413 2067 484 2146 quia
497 2075 564 2128 roto
577 2073 666 2146 utque
680 2065 837 2127 virtutibus
848 2075 877 2127 el
886 2068 982 2147 potuit

40 2165 51 2201 t
69 2167 123 2212 esse
137 2156 241 2238 Martyr
251 2163 281 2218 et
295 2155 396 2217 voluit.
408 2177 423 2212 n
440 2155 525 2234 Apud
539 2155 647 2216 llened.
664 2154 803 2233 lelr'b,
817 2173 845 2217 c.
862 2161 928 2232 5,n⁰
938 2160 978 2232 ὅ).

68 2243 144 2303 tata.
167 2247 279 2306 llererd
292 2244 456 2324 antiquitus
476 2263 585 2305 nornen
600 2245 737 2326 Martyris
756 2251 784 2306 et
799 2245 981 2306 Confossoris

40 2329 184 2400 promiscue
196 2334 403 2406 sumebantur,
418 2338 447 2392 et
460 2335 604 2414 Martyres
614 2333 790 2394 dicebantur
803 2335 892 2394 etiarn
907 2335 982 2394 Con-

39 2410 153 2497 frssorcs,
164 2422 234 2500 quia
244 2421 336 2482 fidem
348 2420 537 2480 christianum
549 2439 651 2482 curam
660 2423 793 2500 tyrannis
804 2420 983 2500 profiteban-

39 2505 89 2578 lur;
98 2507 146 2568 sed
159 2527 320 2590 progressu
333 2509 488 2588 temporis,
501 2510 577 2570 inter
587 2529 638 2569 eos
650 2511 711 2568 lieri
723 2507 981 2586 empitdistinctio,

39 2594 199 2676 nomineque
222 2597 432 2659 Confessorurn
457 2597 511 2658 soli
531 2595 715 2677 prouthndie
726 2595 809 2656 lucre
819 2597 983 2674 nuncupati

38 2681 77 2754 ltu
99 2692 159 2761 post
181 2688 272 2747 vitam
297 2688 399 2748 sancte
418 2693 597 2746 transactam
618 2693 712 2744 morte
736 2683 861 2744 naturali
889 2684 906 2743 c
928 2683 984 2745 ritu

38 2774 129 2850 oropti,
151 2775 260 2836 deinde
284 2775 315 2835 in
339 2777 517 2836 Sanctorum
544 2791 706 2834 numerum
732 2771 816 2832 relati
839 2771 983 2834 luerunt:

39 2855 161 2922 virtutum
173 2865 257 2925 enim
271 2863 412 2925 exercitio
425 2863 522 2923 Deum
536 2861 626 2922 etium
640 2861 686 2920 isti
701 2858 932 2922 confitebantur.

68 2951 148 3012 4849.
164 2985 203 2998 -
216 2954 253 3014 ll.
269 2951 446 3030 Huiusmodi
468 2959 568 3012 autem
586 2949 715 3010 honores
731 2967 791 3010 non
814 2949 986 3013 auctoritate

39 3034 133 3110 privati
146 3041 264 3102 Sanctis
276 3040 378 3102 tributi
402 3039 505 3115 luere,
529 3037 580 3100 sed
595 3037 768 3099 auctoritato
781 3037 933 3116 Ecclesiae,
954 3047 988 3103 ut

39 3133 137 3187 constat
149 3127 226 3191 tacto
241 3129 360 3190 Lucillae
373 3136 491 3189 narrato
504 3126 541 3188 ab
557 3129 663 3208 Optato
680 3127 849 3192 Milevitano
865 3129 987 3206 (undes-

38 3213 97 3273 mrd
108 3261 115 3288 ,
126 3217 159 3278 S.
177 3217 278 3298 Optat,
292 3218 402 3298 tjun.)
415 3263 424 3294 ,
438 3223 467 3278 et
481 3217 573 3278 altero
587 3216 680 3279 relato
694 3218 711 3278 a
725 3217 853 3298 Sulpitio
867 3221 986 3296 Severo,

40 3297 64 3358 in
87 3304 141 3366 ritrl
163 3307 195 3368 S.
216 3307 357 3382 Martini,
377 3305 415 3367 de
428 3305 560 3387 quodam
584 3305 713 3383 latrone,
734 3307 820 3384 cujus
833 3308 932 3369 cultus
944 3325 989 3368 er·

38 3405 96 3451 rnre
115 3395 194 3476 vulgi
219 3394 415 3466 introductus,
439 3395 456 3455 a
480 3395 511 3456 S.
537 3393 674 3455 Antistite
701 3395 882 3476 proscriptus
910 3395 986 3457 luit:

41 3483 118 3553 porro
134 3491 218 3544 octus
241 3501 302 3564 quo
316 3483 416 3544 Sancti
440 3482 559 3562 publico
578 3482 660 3544 cultu
677 3481 759 3563 digni
781 3483 987 3558 declarantur,

41 3577 148 3630 errentur
161 3577 214 3632 out
230 3570 407 3634 licalilrcnliu
421 3580 472 3632 aut
489 3571 687 3632 Cononizutio
