2416 3954
160 124 218 186 toa
379 140 514 184 nannius
535 139 635 183 nortus
655 141 736 185 rums
756 141 903 185 canorum.

161 238 261 314 boica,
282 232 427 297 ministris
448 239 479 297 et
499 234 565 297 aliis
583 237 786 298 necessariis:
813 257 828 294 a
850 238 947 299 Nemo
970 236 1130 301 ecclesiam
1200 217 1206 254 ⁴

161 348 175 385 a
199 323 326 388 aediiicat
338 331 539 404 antequam...
555 323 777 404 praefiniatur...
792 343 862 405 quoe
875 325 912 387 ad
928 327 1088 388 luminaria
1102 333 1131 388 et

161 436 176 474 o
200 412 238 475 ad
251 411 417 474 custodiam
436 419 467 473 et
480 411 518 473 ad
532 411 678 492 stipendia
692 413 851 476 custodum
868 414 909 492 (id
923 421 967 476 est
989 416 1133 478 sacerdo·

161 525 175 562 a
199 509 263 563 tum
278 519 314 562 ac
327 499 553 577 ministrorum,
570 510 626 563 etc.
645 519 653 561 :
669 501 793 575 Glossa,
809 501 894 574 idid.)
914 503 1083 581 sufficiant,
1103 510 1133 566 et

142 615 176 650 -o
201 592 319 650 ostensa
332 588 506 669 donatione,
523 589 567 653 sio
583 588 710 652 domum
719 588 858 654 aedificet.
873 611 889 650 a
910 593 993 674 (Cap.
1019 593 1130 664 Neara.

163 675 416 756 modocitatum.)
1004 681 1007 686 '

202 765 350 828 Ordinarii
373 771 418 828 est
437 765 516 830 hanc
534 766 637 830 diitem
659 767 798 848 exigere,
818 773 852 830 ut
873 774 1041 832 constater
1064 787 1130 852 cap.

164 853 304 930 Placuit,
326 872 416 916 causa
431 857 466 931 l,
486 873 517 936 q.
533 859 571 932 2,
586 855 637 917 ubi
659 855 771 918 dicitur
787 874 795 916 ε
815 857 1013 938 «Episcopus
1026 859 1132 920 memi-

163 967 178 1003 o
204 944 283 1005 nerit
296 949 330 1005 ut
344 961 406 1005 non
420 944 504 1024 prius
516 943 634 1006 dedicet
647 943 805 1006 ecclesiam
821 944 877 1008 nisi
892 953 980 1008 antea
992 945 1132 1010 dotem...

163 1055 179 1091 n
203 1051 258 1114 per
271 1031 463 1094 donationem
477 1031 618 1094 chartulae
633 1031 842 1094 confirmatam
856 1033 1022 1115 accipiat...
1039 1052 1048 1096 t
1065 1053 1134 1098 nam

164 1143 179 1180 a
205 1139 265 1182 non
281 1121 352 1182 leuis
365 1121 453 1202 culpa
473 1128 518 1182 est
535 1123 590 1182 ista
603 1121 773 1198 temeritas,
788 1121 813 1182 si
833 1121 899 1184 sine
914 1123 1078 1185 luminario
1090 1124 1135 1186 sel

164 1233 179 1268 u
205 1209 269 1271 sinc
280 1209 465 1270 substantiali
480 1210 735 1272 sustentatione...
746 1209 1010 1292 tanquamdomus
1023 1213 1136 1294 privata

165 1321 180 1356 a
205 1306 398 1359 consecretur
411 1298 573 1360 ecclesia...
589 1317 605 1358 a

206 1385 251 1446 ad
266 1386 474 1448 sufficientiam
488 1386 565 1448 dotis
583 1386 810 1460 aestimandam,
830 1388 906 1450 ratio
922 1387 1027 1451 haberi
1047 1388 1138 1453 debet

167 1491 228 1535 non
237 1477 356 1537 tantiam
370 1475 540 1537 reddituum
556 1483 722 1551 certorum,
739 1475 894 1538 sedetiam
909 1477 1098 1540 oblationum
1108 1485 1139 1541 at

167 1563 427 1644 eleemosynarum
448 1582 516 1644 quae
535 1563 668 1644 legitime
686 1573 855 1646 sperantur.
872 1565 947 1628 Vide
966 1567 1137 1648 actaeon,

168 1651 218 1712 lib.
234 1655 269 1729 3,
285 1655 330 1713 lit.
346 1657 386 1714 40
398 1699 406 1730 ‚
420 1654 453 1713 n⁰
466 1656 496 1714 5.

207 1741 380 1822 antiquitus
395 1759 449 1822 pro
469 1741 538 1804 dote
551 1741 682 1820 cujusvis
703 1741 838 1804 ecclesiae
850 1741 887 1805 ad
902 1743 1067 1808 minimum
1090 1763 1141 1806 ra·

166 1830 341 1910 quireliatur
355 1848 435 1892 unus
449 1850 580 1909 mansus,
595 1831 625 1892 id
639 1837 684 1893 est
696 1839 778 1892 tanta
792 1850 860 1912 pars
873 1839 961 1895 terrae
974 1853 1043 1913 quae
1055 1833 1139 1896 suffi-

167 1926 247 1980 ceret
263 1921 283 1980 2
299 1917 398 1982 bobus
407 1919 443 1980 ad
461 1919 657 1981 laborandum
679 1922 756 2000 (cap.
780 1923 814 1994 l,
835 1920 879 1982 lle
900 1920 1068 2000 casitat-
1087 1922 1141 1984 sed

168 2005 256 2068 hodic
270 2017 419 2087 quantitas
432 2007 554 2069 arbitrio
571 2008 712 2088 Episcopi
734 2007 925 2084 diiudicanda
939 2011 1140 2091 relinquitur;

168 2095 192 2154 si
206 2101 306 2156 autem
318 2095 346 2155 id
358 2095 531 2174 neglexerit,
542 2114 578 2156 ex
590 2097 718 2177 propriis
727 2097 1012 2160 teneturecclesiam
1021 2100 1142 2174 dotare,

167 2199 203 2242 ex
218 2200 284 2262 cap.
301 2181 374 2243 Cam
387 2183 471 2255 sicut,
488 2181 522 2244 de
535 2193 691 2246 consecrat.
706 2186 806 2247 eccles.

206 2275 297 2331 litio.
311 2304 346 2316 ·-
358 2275 391 2331 l⁰
404 2273 443 2334 Ut
453 2271 577 2334 ecclesia
587 2271 763 2336 aedificanda
777 2273 954 2353 regulariter
967 2293 1028 2337 non
1038 2285 1145 2358 vergat

169 2358 199 2420 in
221 2359 429 2441 praeJudioium
447 2359 570 2422 alterius
590 2362 756 2442 presertim
778 2363 972 2444 paroclrialis3
989 2363 1034 2426 sio
1057 2367 1147 2428 enirn

169 2450 277 2530 legitur
291 2451 321 2511 in
335 2467 403 2512 ean.
421 2449 596 2532 Quicumque
613 2453 672 2527 tl,
686 2469 776 2512 causa
793 2455 846 2524 lli,
866 2471 896 2532 q.
915 2457 927 2514 l
950 2469 957 2513 ε
977 2475 993 2511 a
1008 2455 1147 2515 Omnino

169 2563 183 2600 a
208 2539 426 2624 providendum
437 2537 527 2599 estab
537 2537 684 2619 Episcopo
694 2537 800 2601 utalia.
812 2540 946 2602 ecclesiae
956 2542 1148 2621 antiquiores

169 2652 184 2690 a
209 2638 329 2712 propter
344 2647 434 2690 novas
444 2627 680 2706 suamJustitiam
695 2633 747 2690 aut
759 2627 908 2690 decimam
924 2648 985 2690 non
1001 2631 1147 2711 perdant,

169 2742 184 2779 a
209 2719 262 2782 sed
277 2737 395 2800 semper
409 2715 448 2779 ad
461 2715 660 2797 antiquiorem
674 2715 831 2778 ecclesiam
845 2719 1056 2798 persolvanlur
1067 2741 1098 2797 ις
1114 2728 1149 2782 et

170 2829 236 2890 cap.
262 2811 293 2887 l,
317 2808 360 2869 De
373 2806 441 2868 naui
461 2805 555 2886 operis
574 2803 759 2866 citatiotione
785 2823 834 2866 :a
856 2805 945 2868 Nulla
963 2807 1092 2870 ecclesia
1111 2809 1147 2871 in

170 2920 185 2958 o
210 2895 420 2978 praejudicium
434 2893 555 2956 alterius
568 2899 614 2954 est
626 2892 839 2956 construenda.
855 2915 871 2954 a

209 2985 299 3045 litii.
317 2985 360 3043 Ex
372 2983 419 3043 his
431 2981 591 3044 deducitur
607 2999 668 3043 non
681 3000 747 3044 esso
760 2981 968 3046 edificandam
982 2983 1149 3049 ecclesiam

171 3074 244 3155 quin
253 3075 340 3134 antea
350 3069 478 3132 citantur
485 3070 679 3133 etaudiantur
689 3077 819 3133 rectores
827 3073 1023 3136 ecclesiarum
1031 3075 1151 3138 vicina·

171 3180 251 3237 rum,
266 3158 430 3242 praesertim
440 3159 655 3238 parochialium
668 3178 677 3221 ι
688 3161 725 3226 ad
736 3161 919 3242 Episcopum
933 3169 1049 3243 spectat
1058 3163 1151 3241 judi-

172 3269 240 3314 care
253 3249 291 3310 de
303 3247 487 3327 legitimitate
500 3263 604 3308 aarum
620 3247 831 3327 querelarum:
850 3250 1067 3311 «Fraternitati
1083 3260 1150 3316 tuae

170 3361 186 3398 ι
211 3335 958 3416 prendamusquatenusdiligenter-considerans...
970 3339 1041 3418 quia
1056 3341 1149 3404 nulla

171 3448 186 3486 a
210 3423 334 3486 ecclesia
349 3423 379 3482 in
394 3421 599 3501 praeiudicium
614 3423 736 3485 alterius
749 3431 794 3486 est
806 3425 1026 3495 construenda,
1040 3443 1149 3507 nego·

171 3536 187 3576 a
211 3514 286 3572 tium
302 3511 400 3590 ipsum
414 3508 580 3569 secundum
594 3510 697 3591 legum
717 3519 748 3573 et
759 3530 911 3575 canonum
926 3519 1048 3593 statuta¹
1077 3534 1147 3584 noo
