2420 3968
389 289 475 342 tisun
491 287 638 336 secturus
943 251 1002 314 tat

50 440 103 485 uon
114 414 298 498 vtueatapud
307 411 498 489 nos,licitum
507 426 570 470 non
579 403 701 466 videtur
714 389 1004 480 hujusmodipotio·

49 528 108 572 nem
123 524 241 570 sumere
256 506 287 566 in
298 503 397 566 Gallia
410 499 522 562 diebus
535 493 659 576 jejunii,
675 490 735 552 niai
757 487 827 567 quis
842 479 924 561 aegre
952 473 1002 538 vel

49 595 160 660 dit'ticilt
172 604 272 677 posset
284 593 360 655 alias
369 589 523 671 jejunare,
532 586 606 668 quia
617 591 663 643 est
674 579 763 642 cibus
777 583 808 636 et
817 591 880 634 non
896 575 1000 648 potus.

81 687 160 748 ttldd.
175 684 301 760 Quarit.
323 679 356 742 4⁰
371 678 451 752 Quid
477 673 677 738 sentiendum
694 667 734 729 sit
745 666 784 728 de
799 658 924 724 coenula
950 671 1005 717 seu

51 765 247 834 refectiuncult
259 759 427 843 vespertina
440 749 623 833 tulgddicta
636 743 786 807 cellatica.

83 861 165 940 Resp.
191 850 415 932 «Antiquitas,
438 843 479 906 ait
500 844 531 904 S.
553 837 675 918 liguor.
693 831 758 911 (it,
780 832 880 907 luat),
902 831 1007 908 prater

52 972 64 1009 r
84 949 194 1012 unicam
218 939 434 1008 comestionem
453 929 536 993 nulla
550 927 607 990 alia
628 919 749 986 relectio
771 915 1006 1000 permittebatur.

53 1063 64 1099 a
85 1042 184 1101 Tracta
196 1029 340 1112 temporis
353 1022 558 1088 introductum
572 1015 627 1078 suit
645 1008 759 1091 aliquid
768 1023 878 1090 parum
891 1019 1009 1066 sumere

53 1153 65 1186 a
87 1129 246 1201 fructuum,
256 1117 435 1188 herbarum,
446 1115 497 1172 aut
510 1104 690 1169 dulciarium
701 1097 738 1160 ad
754 1093 956 1167 medicinam,
972 1109 1011 1150 no

54 1244 65 1276 n
86 1225 167 1301 pctus
189 1215 330 1284 noceret,
352 1207 542 1267 attestantur
561 1196 597 1256 D.
616 1189 761 1254 Antonin.
777 1191 807 1248 et
826 1181 957 1260 Cajetan.
974 1177 1012 1238 dc

54 1334 65 1365 ι)
85 1326 135 1370 suo
147 1313 294 1385 tempore.
310 1289 506 1358 Postmodum
516 1279 703 1348 consuetudo
713 1274 858 1346 obtinuit,
871 1267 961 1330 etiam
975 1264 1013 1326 ad

54 1422 65 1455 r
86 1391 275 1458 nutriendum
296 1399 415 1448 sumere
435 1375 548 1459 aliquid
570 1370 657 1454 panis
675 1373 704 1429 et
725 1365 896 1435 fructuum,
916 1372 1014 1436 usque
1099 1357 1102 1363 '

54 1511 65 1544 r
86 1487 118 1548 ad
135 1492 192 1546 tres
205 1479 253 1544 rel
270 1481 398 1557 quatuor
412 1467 537 1542 uncias,
552 1468 587 1525 ut
604 1457 695 1539 aliqui
718 1455 780 1516 bu.
797 1449 952 1523 dicebant,
968 1443 1014 1506 vel

54 1601 65 1632 n
86 1581 206 1657 quatuor
223 1566 331 1632 uncias
356 1566 390 1624 ut
411 1557 460 1620 alii
483 1552 639 1637 putabant.
665 1543 879 1608 Recentiorum
901 1541 1014 1611 autem,

55 1691 66 1722 a
87 1661 179 1746 quoad
193 1655 391 1740 quantitatem
406 1647 550 1729 pertinet,
566 1640 654 1702 alii...
670 1635 776 1697 dicunt
793 1648 831 1691 ex
854 1629 1015 1688 consuetu·

56 1779 66 1809 u
87 1753 151 1814 dine
173 1744 307 1832 permitti
333 1733 541 1820 ieiunantibus
572 1731 711 1807 quartani
738 1725 855 1802 partem
883 1730 1016 1776 coenae...

56 1867 67 1901 r
87 1841 188 1903 melius
211 1833 264 1898 alii
286 1825 488 1893 communiter
510 1820 647 1881 asserunt
664 1807 795 1893 permitti
814 1807 846 1867 in
865 1801 1017 1865 collatiun-

56 1957 66 1988 a
88 1931 150 1995 cula
162 1933 231 1990 octo
248 1920 354 1986 uncias
372 1913 470 1977 cibi..:
483 1910 564 1987 justa
584 1923 620 1966 er
641 1901 732 1963 causa
745 1894 854 1979 poterit
871 1909 936 1954 esse
951 1908 1019 1952 ma-

56 2047 67 2078 n
86 2017 154 2100 ioris
166 2011 362 2100 ponderis;..;
383 2005 565 2085 quapropter
581 1995 652 2055 clun
671 1992 813 2051 censeant
831 1980 1016 2053 Salmantic.,

57 2135 68 2168 a
89 2107 246 2185 etc.,·duas
256 2099 359 2163 uncias
373 2095 404 2155 in
420 2082 633 2152 refectiuncula
646 2097 706 2141 non
719 2073 848 2155 reputari
864 2086 1019 2132 excessum

58 2225 68 2256 u
89 2215 224 2282 gravem,
241 2188 461 2266 consequenter
475 2185 576 2238 tenere
591 2171 702 2233 debent
716 2181 787 2228 eum
801 2165 817 2224 a
832 2160 921 2241 culpb
934 2177 1021 2219 excu-

57 2315 69 2346 n
90 2290 165 2364 sari,
189 2281 243 2366 qui
266 2275 372 2357 majori
391 2269 505 2350 indiget
527 2261 731 2331 nutrimento,
750 2259 780 2315 et
799 2269 852 2334 per
870 2249 944 2311 duas
958 2254 1021 2308 tan-

58 2403 69 2436 a
90 2381 151 2440 itm
171 2373 279 2438 uncias
300 2362 451 2429 coenulam
469 2352 596 2417 excedit.
617 2345 766 2411 Caeterirm
787 2340 937 2422 quantitas
954 2343 1022 2398 octo

58 2493 70 2525 r
90 2467 248 2530 unciarum
268 2457 309 2518 ita
322 2451 411 2514 hodie
424 2464 483 2510 usu
500 2447 619 2521 recepta
639 2442 705 2510 est,
720 2437 756 2494 ut
773 2427 944 2491 indistincte
958 2443 1023 2504 per·

60 2581 70 2614 n
92 2557 234 2628 mittatur,
248 2546 336 2610 etiam
348 2542 383 2602 iis
393 2537 444 2619 qui
459 2550 530 2596 cum
543 2530 593 2591 itta
605 2526 642 2587 nd
656 2523 821 2584 satietatem
831 2514 1021 2588 reficiuntur;

60 2671 71 2704 n
92 2653 122 2709 ut
134 2646 240 2707 dicunt
249 2623 546 2718 Sporer...,Groix..,
561 2633 631 2679 cum
641 2606 808 2674 communi.
820 2601 930 2664 »Addit
946 2601 1025 2661 insu·

62 2756 106 2818 per
125 2737 156 2798 S.
175 2733 299 2812 Liguor.
324 2717 406 2802 qudd
433 2733 470 2777 cx
491 2701 729 2773 consuetudine,
758 2692 906 2776 quantitas
932 2688 1026 2769 duplo

62 2825 148 2905 major
169 2817 360 2904 permittatur
375 2808 408 2868 in
428 2800 529 2882 vigilia
546 2789 710 2857 Natiuitatis
725 2782 867 2856 Domini,
887 2779 943 2841 nisi
959 2777 1027 2859 quis

64 2913 88 2974 in
106 2909 230 2974 meridie
245 2901 407 2966 antevertat
418 2881 682 2954 refectiunculam,
698 2881 731 2938 ut
745 2870 929 2956 probabilius
946 2873 1028 2928 tenet

63 3001 198 3065 Sancbez.
213 2999 247 3058 ln
262 3009 318 3054 suo
331 3001 423 3068 opere
437 2979 532 3043 Homo
550 2967 732 3054 Apostoticus
747 2965 843 3042 (tract.
861 2961 914 3034 ta,
930 2967 963 3020 n⁰
980 2960 1027 3036 16)

64 3097 97 3154 lb
109 3089 214 3154 uncias
229 3076 388 3168 permittit,
408 3065 525 3134 etiarnsi
545 3059 645 3142 vigilia
659 3051 822 3118 Natiuitatis
834 3047 981 3112 incideret
997 3048 1029 3108 in

64 3182 179 3244 sabbato
190 3170 526 3249 Ouatuor'lemporum,
542 3147 664 3234 quando
674 3161 784 3224 nempe
792 3141 914 3204 Festum
923 3137 1030 3200 accidit

65 3271 143 3332 Faria
159 3271 198 3332 ll.
208 3264 291 3327 Idem
302 3273 365 3320 non
379 3257 424 3315 est
437 3243 599 3309 dicendum
614 3237 652 3298 de
666 3233 765 3314 eigilit
779 3229 900 3292 Pasclrae
914 3233 944 3290 et
957 3229 1031 3289 Pen-

66 3365 185 3422 tecostes
197 3403 206 3435 ,
219 3354 289 3416 licet
303 3347 376 3408 Viva
391 3345 421 3404 et
435 3333 567 3400 Sanchez
581 3330 612 3390 in
626 3329 662 3388 ea
679 3321 854 3406 permittant
867 3318 973 3379 decem
985 3315 1031 3376 vel

65 3449 203 3511 undecim
227 3439 353 3515 uncias,
381 3430 421 3494 ob
443 3417 705 3490 consuetudinem.
741 3412 785 3491 (S.
813 3408 948 3490 lignun,
977 3404 1031 3481 ib,

86 3540 97 3574 t

67 3539 335 3693 n4¹30825‘l.·)tluaerit.
353 3617 385 3676 5⁰
400 3613 446 3672 rin
461 3609 494 3668 in
511 3597 742 3666 collatiuncult
753 3593 973 3656 indifferenter
987 3605 1036 3646 su-

65 3675 1036 3788 mereliceotquoslibetcibosdicbusjejunicrumnonvetitos?
