2434 3940
170 85 227 148 166
391 97 528 145 nanuum
549 96 650 143 comus
669 91 751 141 6666
771 89 918 140 eruemur.

168 217 195 263 v.
213 219 242 280 g.
260 205 369 264 tuctus.
386 196 572 279 colloquium,
586 201 657 272 etc.;
673 193 764 257 etiam
778 208 850 254 cum
863 187 993 271 persora
1004 186 1148 266 ejusdem

169 291 257 351 sexds
280 289 325 366 (P.
346 287 447 368 Gany,
466 290 594 352 16662.
617 293 650 347 n⁰
670 280 813 361 115);16
832 279 889 342 hoc
908 276 1030 359 quidem
1050 275 1149 357 aliqui

169 377 363 454 dissentiunt,
383 374 536 439 61661661
559 373 724 454 intelligere
744 371 862 432 tantirm
885 366 925 429 de
945 365 1055 448 copule
1074 383 1152 428 oon·

169 468 336 542 summata,
357 463 410 527 aad
430 465 583 526 immeritd
600 463 686 544 Juxta
706 461 738 524 S.
759 457 954 542 liguorium,
973 455 1062 536 cujus
1079 453 1153 517 vide

171 556 302 618 rationes
316 553 435 630 ibidem,
452 557 569 618 110554.

212 647 302 708 3865.
319 647 350 705 2⁰
371 643 528 706 Absolutio
547 641 629 704 nulla
649 641 777 704 omnino
795 637 912 701 videtur
933 635 1023 700 etiam
1046 633 1154 715 quoad

172 740 279 796 caetero
293 739 414 814 peccota
438 731 573 794 mortalia
592 748 722 812 quorum
737 728 875 810 complex
890 723 1025 788 nondum
1040 721 1100 786 suit
1114 725 1156 787 ab

176 821 241 884 eliis
255 820 409 884 absolutus
422 841 428 882 :
440 821 498 884 hoe
513 819 639 882 insertur
653 837 688 881 ex
701 818 748 881 his
763 819 856 881 Bullee
869 813 1010 878 vocibus:
1025 814 1157 896 «Atque

175 932 190 970 u
215 909 277 972 ideo
291 909 436 972 absolutio
445 909 527 971 nullo
541 917 628 990 utque
642 908 735 971 truta
748 907 864 970 omniuo
874 906 925 968 sit.
941 927 956 963 6
970 903 1066 966 Seeus
1079 905 1157 966 vend

175 999 200 1060 61
214 999 252 1062 de
267 1007 389 1081 peccato
403 999 502 1081 turpi,
515 999 578 1078 jam
593 997 682 1060 luerit
694 996 868 1060 absolutus:
884 995 953 1076 quia
968 999 1159 1055 1666666661

176 1087 410 1169 indispositionis
424 1087 575 1168 suspicio,
591 1087 630 1148 ob
648 1105 741 1168 quom
760 1083 897 1148 Pontifex
915 1081 1032 1146 videtur
1053 1081 1160 1144 abstu-

177 1175 246 1238 lisse
254 1176 507 1254 jurisdictionem.
518 1177 549 1238 S.
561 1176 626 1256 lig.
639 1175 900 1257 (1666566666,
912 1173 1158 1248 1666661644.

220 1263 291 1326 Vide
313 1265 436 1346 insuper
458 1264 537 1327 dicte
557 1283 647 1346 supro
669 1264 750 1328 circa
775 1261 1007 1328 reservationem
1036 1261 1158 1343 peecali

178 1353 358 1432 complicem
372 1353 552 1416 absolventis
566 1353 682 1436 (1617).

218 1443 307 1504 3666.
347 1441 409 1504 Peli
440 1448 538 1524 potest
570 1461 609 1505 en
637 1443 770 1506 incurrat
805 1439 1159 1506 excommunicationem

179 1531 317 1594 sacerdos
330 1531 382 1612 qui
397 1549 458 1594 non
471 1531 596 1596 absolvit
612 1533 809 1616 complicem,
824 1531 878 1596 sed
899 1533 1019 1595 tautdm
1032 1529 1067 1593 16
1079 1548 1160 1594 con-

180 1621 311 1683 lessione
324 1620 428 1684 audit‘l

219 1711 250 1774 S.
271 1710 526 1774 Poenitentiariau
545 1711 577 1774 S.
597 1711 739 1794 Liguorio
760 1711 898 1775 consults
917 1727 1007 1792 super
1026 1709 1088 1775 hoo
1103 1710 1162 1776 du·

181 1799 265 1864 bium
279 1809 456 1884 sequentem
470 1799 553 1863 dedit
572 1801 818 1883 responsionem,
830 1805 849 1864 9
862 1799 926 1880 julii
942 1803 1016 1863 1151
1031 1818 1041 1862 2
1061 1803 1162 1864 «Non

182 1913 196 1949 6
220 1890 303 1952 vitari
325 1891 669 1953 excommunicationem
693 1892 710 1952 1
733 1889 875 1972 praedicto
897 1888 1081 1953 confessario
1105 1910 1163 1973 per

183 2001 196 2036 6
222 1978 374 2040 fictionem
385 1978 589 2040 absolutionis.
606 1979 776 2041 6016666661
788 1985 890 2042 aulem
905 1980 937 2042 S.
955 1979 1020 2062 Lig.
1037 1997 1071 2042 se
1091 1999 1165 2062 pos-

183 2073 231 2127 tea
246 2067 394 2128 inuenisse
407 2067 591 2128 contrarium
601 2069 671 2130 satis
684 2070 785 2152 eperle
795 2068 978 2132 declaratum
987 2070 1017 2130 in
1027 2069 1161 2133 constit.

184 2153 297 2216 Bened.
312 2155 395 2232 XIV,
412 2155 495 2217 Inter
512 2157 700 2238 proteritur,
716 2157 766 2220 ubi
787 2157 914 2236 dicitur,
932 2158 951 2241 ᾗ
967 2161 1006 2221 59
1023 2176 1031 2220 :
1051 2180 1068 2220 c
1088 2161 1164 2223 Non

184 2267 197 2301 6
222 2242 323 2305 rninus
345 2243 490 2306 sacerdoti
518 2246 677 2328 complici,
702 2247 754 2329 qui
779 2247 825 2309 vel
848 2254 931 2310 extra
959 2249 1067 2311 mortis
1089 2252 1163 2313 arti·

184 2355 198 2391 6
223 2331 324 2394 culum
347 2333 567 2396 confessionem
595 2335 704 2417 excipit
723 2337 894 2417 plenitantis
915 2356 1035 2420 eumque
1062 2338 1163 2402 obsol-

185 2443 198 2478 6
224 2421 284 2493 uit,
302 2422 346 2483 vel
357 2421 409 2504 qui
424 2422 454 2484 in
464 2424 589 2486 articulo
604 2426 709 2486 mortis
722 2424 865 2500 absoluit,
880 2425 952 2489 6166
966 2427 1043 2490 61166
1057 2445 1163 2491 saeer-

186 2532 199 2567 o
224 2511 279 2572 dos
302 2530 362 2574 non
385 2511 513 2592 desit...,
537 2516 859 2577 excommunicationis
879 2517 1002 2596 majoris
1026 2537 1122 2598 pruna
1147 2522 1163 2582 1

186 2621 200 2660 u
225 2600 317 2663 Nobis
328 2601 358 2662 16
374 2601 470 2664 6116116
483 2603 750 2666 constitutionibus
765 2605 903 2686 imposita
918 2604 1160 2680 luicovuppx.

225 2693 313 2754 3861.
331 2691 478 2764 Quaeritur
500 2700 540 2744 an
552 2687 585 2748 16
605 2695 704 2749 morte
728 2693 841 2756 absolvi
863 2692 957 2756 valeat
976 2695 1163 2776 poenitensl

187 2779 1163 2865 errocomplice2sialtericonliterrrecuset.—-AllicmatGuryeum

189 2871 286 2930 Smin.
303 2871 444 2946 Gousset,
460 2869 484 2930 61
498 2870 564 2932 16116
578 2872 727 2952 poenilens
740 2871 861 2936 aliunde
883 2869 920 2934 611
932 2871 1108 2954 dispositus.
1127 2877 1163 2938 V.

189 2958 280 3040 dury,
296 2961 371 3017 lom.
387 2961 421 3034 2,
433 2969 466 3018 6ο
480 2963 554 3035 116;
571 2967 600 3022 61
613 2963 646 3024 G.
659 2963 796 3040 6666661,
816 2961 915 3025 Tolol.
931 2961 1024 3041 Mon,
1038 2967 1162 3030 66189.

629 3147 649 3230 5
667 3149 706 3213 11.

418 3281 464 3347 uc
477 3281 671 3367 Confessoriic
682 3282 923 3350 sollicitantibus.

6 3413 40 3458 ι
227 3433 316 3495 3868.
326 3431 360 3492 16
373 3431 459 3494 611616
466 3433 587 3494 constit.
595 3432 816 3496 Sacramentum
824 3433 1012 3498 Poenr‘tcutioe
1020 3433 1158 3500 6161661661

6 3499 52 3570 l
150 3519 1157 3609 'BenedleccDudumquldemlrleliciarecord.Gregor.XV...
