2474 3946
178 165 236 228 282
396 181 533 226 urrunnu
552 179 654 225 rorrus
673 179 755 224 runis
776 177 925 224 canonici.

316 289 431 356 conjugii
444 289 525 340 foedus
538 288 580 355 qui
593 277 757 340 clandestinas
769 286 842 338 iniret
857 303 863 337 :

319 361 408 412 Norint
419 360 540 427 quidquid
552 366 627 424 agant
637 359 676 410 isti
689 359 748 408 nihil
761 357 836 408 robur
846 357 938 410 habero
950 373 966 409 ¹.

659 515 669 570 l

467 645 503 688 oa
522 642 708 686 rnrrornrnro
726 642 866 686 aunnrru.

219 776 310 836 raca.
334 772 510 834 amentium
532 769 655 832 nomine
675 769 725 832 hlo
754 787 861 832 omnes
883 769 1082 852 designantur
1105 772 1154 854 qui

181 861 335 944 privantur
349 880 407 924 usu
421 860 559 936 rationiS,
575 865 608 921 ut
628 857 748 934 furiosi,
770 857 861 937 fatui,
877 867 935 922 cto.
960 880 967 920 :
983 860 1154 939 hujusmodi

180 949 339 1029 homines,
360 951 428 1029 iure
450 948 541 1010 etiam
565 946 708 1024 naturali,
731 945 890 1028 incapaces
914 953 984 1010 sunt
1003 948 1154 1028 nubendi,

179 1041 253 1102 oirm
264 1038 302 1100 ad
316 1037 571 1100 matrimonialem
585 1041 774 1098 contractum
784 1043 867 1098 actua
881 1035 987 1099 saltem
1002 1035 1156 1102 humanus

181 1129 219 1190 sit
232 1127 367 1190 absolute
383 1125 582 1200 necessarius.

222 1232 300 1291 Sunt
313 1236 413 1290 tamen
435 1228 575 1290 homines
593 1228 704 1290 mentis
727 1227 852 1310 quidem
868 1228 999 1308 debiles,
1015 1229 1067 1292 sed
1083 1248 1155 1312 quo·

182 1335 251 1379 rum
265 1319 396 1378 amentia
410 1335 471 1378 non
482 1322 527 1377 est
534 1317 684 1396 completa
694 1337 700 1377 :
711 1317 734 1378 si
746 1335 818 1397 ergo
832 1317 1005 1396 hujusmodi
1019 1317 1158 1381 homines

182 1413 226 1467 sat
241 1405 364 1467 rationis
380 1405 507 1466 habeam
522 1411 554 1466 ut
568 1423 692 1486 peccare
707 1406 872 1466 mortaliter
886 1406 1014 1486 valeant,
1032 1415 1062 1470 ct
1077 1407 1156 1472 suffi-

182 1494 294 1555 cienter
304 1493 472 1574 intelligant
486 1493 523 1554 ad
533 1492 606 1574 quid
621 1493 765 1556 nubendo
777 1512 809 1555 se
819 1494 970 1576 obligent,
985 1496 1158 1578 validepoe

182 1587 253 1644 sunt
270 1580 460 1652 contrahere,
481 1581 525 1642 uti
548 1581 659 1662 pariter
678 1582 718 1642 illi
739 1600 870 1662 quorum
888 1585 1020 1646 amentia
1044 1596 1158 1648 nonest

184 1677 345 1753 perpetua,
360 1669 413 1731 sed
427 1669 537 1731 habent
550 1670 647 1732 lucida
661 1671 831 1748 intervalla,
847 1671 893 1732 vel
909 1691 1041 1752 quorum
1053 1693 1156 1736 amena

183 1759 222 1820 tia
235 1767 279 1819 cst
293 1757 390 1820 sollrm
406 1758 486 1820 circa
498 1758 637 1840 quaedanr
656 1766 787 1840 puncta,
805 1767 834 1821 et
849 1778 910 1822 non
925 1761 1004 1822 eirca
1019 1763 1156 1825 substan·

182 1847 255 1910 tiam
268 1847 463 1909 matrimonii.
480 1848 523 1910 De
537 1847 635 1910 surdis
649 1855 677 1909 et
692 1847 782 1910 mutis
798 1847 929 1912 diximus
938 1867 1031 1934 snpra
1044 1853 1155 1931 (satit.

664 2023 687 2078 ll

476 2147 511 2190 na
531 2146 716 2189 runcornnnro
739 2145 866 2192 canonia.

222 2277 312 2338 4905.
334 2274 427 2334 Error
436 2275 534 2352 potest
551 2268 686 2330 accidere
696 2268 742 2328 vel
757 2269 836 2331 circa
850 2287 1011 2350 porsonam
1026 2273 1155 2355 quicum

182 2362 274 2426 initur
287 2359 525 2434 Matrimonium,
541 2355 586 2418 vel
600 2355 678 2417 circa
692 2356 785 2436 ipsius
800 2357 967 2438 qualitates.

223 2463 253 2524 Si
268 2479 352 2524 error
366 2461 403 2522 sit
416 2459 496 2520 circa
510 2474 684 2539 personam,
704 2475 731 2518 r.
753 2476 796 2537 g,
812 2457 835 2518 si
850 2458 959 2519 Joanni
975 2458 1087 2522 volenti
1101 2460 1154 2522 du⁴

182 2569 251 2614 cere
267 2556 402 2626 Annam,
418 2547 523 2609 offerat
540 2564 572 2607 se
589 2543 682 2606 Maria
697 2552 726 2604 ot
746 2561 817 2605 cum
831 2547 866 2606 et
879 2545 1035 2608 contrahat
1049 2554 1155 2630 putans

183 2657 248 2702 esso
263 2641 382 2700 Annam
394 2683 402 2716 ,
414 2634 579 2697 invalidum
593 2640 638 2693 est
651 2630 893 2694 matrimonium:
905 2638 936 2694 et
949 2633 1008 2696 hoc
1017 2636 1149 2718 quidem,

182 2729 247 2808 jure
256 2727 394 2803 naturali,
408 2724 479 2806 quia
488 2721 665 2802 conjugium
675 2739 736 2780 non
744 2727 840 2801 potest
849 2737 913 2783 esse
928 2721 993 2784 sine
1007 2743 1151 2786 consensu

182 2819 261 2878 circa
275 2817 354 2877 illins
370 2814 542 2893 objectum,
563 2827 674 2890 nempe
698 2808 779 2870 circa
792 2827 952 2890 personam
973 2815 1105 2893 quacum
1122 2811 1153 2871 iit

183 2911 368 2966 contractus:
384 2901 465 2981 quod
479 2907 581 2962 tamen
592 2898 781 2978 contingeret
794 2897 819 2959 si
834 2899 865 2959 in
877 2898 957 2962 dicto
966 2917 1040 2963 casu
1053 2899 1151 2962 validas

183 2999 283 3056 essent
298 2989 429 3070 nuptiae3
446 3006 539 3068 ergo,
555 2993 612 3049 etc.

222 3099 313 3158 4906.
341 3097 433 3156 Error
461 3110 598 3173 personae
624 3093 852 3157 matrimonium
878 3093 1010 3174 dirimit,
1039 3094 1147 3159 etiamsi

182 3183 331 3246 vincibilis
345 3183 382 3244 sit
401 3186 432 3244 et
444 3179 647 3243 crassissimus
661 3228 669 3260 ,
684 3183 840 3245 autetiam
860 3183 1085 3262 concomitans,
1099 3201 1148 3245 seu

186 3291 247 3335 non
260 3271 337 3334 dans
351 3287 473 3334 causam
487 3270 673 3350 contractui,
688 3271 833 3334 nimirum
846 3273 892 3349 sl,
907 3273 1027 3355 cognito
1040 3289 1145 3350 errore,

218 3435 291 3487 'llos
308 3431 442 3486 versiculos
465 3433 478 3484 i
498 3433 526 3484 ll.
547 3431 657 3487 (laniare
674 3435 777 3498 relatos,
796 3435 922 3488 consuetis
940 3451 1017 3500 error,
1036 3436 1144 3498 concito,

187 3505 539 3629 fflsslssitseitinnfmunm’
558 3504 615 3571 quia
632 3505 728 3558 meliori
737 3507 823 3560 ordino
835 3507 1008 3575 impedimenta
1026 3509 1145 3575 disponam
