2498 3966
396 200 483 244 nreun
503 195 659 243 secundus
955 175 1008 235 tu

55 293 114 356 seni
127 291 162 357 ad
177 294 441 370 sustentationem,
461 291 508 354 uel
522 311 590 375 quae
603 290 691 354 datur
703 289 794 353 carust
805 283 1015 370 resignationis

57 390 84 444 et
97 383 153 444 litis
163 381 391 463 componendae.

92 473 161 534 Dura
171 471 349 552 posteriores
358 471 498 535 dicuntur
507 469 670 546 clericales,
682 469 754 550 quia
762 467 880 532 clericis
893 465 1013 540 demun

57 561 146 640 prima
159 558 286 638 laicalis,
305 561 377 641 quia
390 559 473 623 laicis
485 559 615 622 tantum.
633 557 708 621 Vide
729 557 811 640 apud
828 559 860 620 S.
881 555 1015 636 Liguor„

57 647 104 709 lib.
120 653 153 724 l,
167 649 201 708 n⁰
213 651 281 709 137.

91 740 178 810 5459.
204 736 418 817 Antiquissima
432 743 477 799 est
491 736 575 817 origo
589 735 771 816 pensionum
788 754 795 796 :
811 734 849 796 dc
862 733 899 796 iis
912 748 1017 794 exem*

58 823 300 904 plaiuveniuntur
309 826 340 886 in
351 824 489 888 Conciliis
499 823 745 900 Chalcedonensi,
757 829 815 885 act.
828 827 877 900 10,
886 820 1018 902 etEplre·

57 914 132 990 sino,
148 920 203 976 act.
227 919 262 990 73
284 913 315 975 in
338 913 427 976 variis
446 912 579 993 epistolis
603 913 634 974 S.
660 913 784 994 Gregor.
807 910 919 992 Magni.
944 909 1019 970 Vide

58 1002 154 1063 Deroti
167 1001 231 1082 (lib.
246 1006 277 1080 E,
292 1003 337 1064 tit.
355 1005 411 1078 ll,
428 998 445 1084 ἢ
458 1004 519 1080 30).

93 1094 176 1154 eleo.
201 1091 288 1153 lnitio
303 1091 463 1172 pensiones
477 1088 709 1151 detrahebantur
722 1107 760 1152 ex
773 1087 914 1150 Ecclesiae
927 1085 1020 1148 reddi-

58 1175 130 1240 tibus
143 1178 194 1261 qui
215 1185 301 1241 erant
320 1184 394 1241 tunc
415 1195 616 1240 communes:
633 1177 714 1240 unde
736 1176 922 1260 Episcopus,
941 1176 1021 1254 justu

60 1271 141 1330 cause
154 1267 314 1330 accedente
327 1314 335 1345 ,
360 1266 425 1329 illas
438 1265 554 1329 clericis
568 1265 754 1347 assignabat,
775 1271 805 1326 at
818 1271 886 1347 post
899 1264 1020 1325 institu-

60 1354 164 1418 tionem
178 1355 398 1418 beneficiorum
409 1355 459 1435 jus
476 1351 637 1436 pensiones
656 1353 858 1416 constituendi
871 1351 909 1414 ud
922 1351 1021 1414 solum

60 1443 220 1508 Romanum
246 1443 422 1507 Pontificem
442 1443 574 1505 delatum
592 1448 659 1504 est:
683 1462 737 1524 per
759 1441 920 1525 pensiones
939 1441 1021 1503 enim

60 1532 230 1595 scinduntur
244 1532 400 1609 beneficia,
414 1540 465 1594 aut
477 1531 581 1594 saltem
596 1531 718 1593 iisonus
732 1530 897 1612 imponitur
913 1532 1022 1612 :porrd

60 1619 123 1681 cium
141 1630 306 1702 utrumque
319 1621 357 1682 sit
371 1621 553 1701 prohibitum
573 1621 591 1680 a
613 1620 704 1681 sacris
725 1619 892 1681 canonibus
910 1620 985 1700 (cap.
1003 1622 1022 1682 8

61 1706 90 1768 de
101 1709 276 1787 Probendr's,
292 1717 321 1772 et
334 1728 399 1791 cap.
417 1715 434 1769 'l
450 1708 485 1770 dc
504 1707 665 1785 Censidus),
681 1725 804 1770 necesse
823 1713 916 1770 estut
930 1709 1022 1769 inter-

61 1797 150 1859 veniat
163 1801 194 1861 S.
210 1798 366 1860 Pontificis
382 1798 541 1858 auctoritas
561 1794 691 1876 (Devoti,
706 1793 791 1880 im}
807 1797 867 1876 31).
885 1799 1022 1858 Attamen

61 1885 153 1964 plures
166 1886 246 1968 apud
257 1887 391 1949 Lessium
400 1886 533 1948 sentiunt
546 1903 633 1965 posse
647 1884 807 1964 pensiones
821 1884 859 1945 ab
869 1885 1023 1966 Episcopis

62 1972 166 2055 imponi
183 1978 214 2038 in
234 1975 332 2037 causis
354 1973 532 2055 specialibus
550 1980 580 2034 et
593 1973 785 2048 necessariis,
806 1993 834 2033 v.
856 1993 885 2054 g.
902 1981 1024 2055 propter

63 2071 261 2144 paupertatem
284 2063 454 2136 et‚senium
472 2061 669 2142 resignemus,
689 2060 727 2123 ed
748 2061 951 2123 conciliandos
965 2062 1023 2123 liti·

64 2161 158 2228 gantos
171 2154 252 2216 eirca
265 2151 456 2225 beneficium,
466 2150 504 2212 ad
518 2149 683 2231 aequundos
695 2148 811 2212 tructus
824 2151 854 2210 in
870 2157 1023 2233 permuta·

64 2235 135 2304 tione
148 2240 365 2305 beneficiorum
374 2239 417 2319 (S.
429 2240 551 2321 Liguor.
563 2238 629 2317 lib,
640 2242 670 2315 3,
682 2237 724 2300 n¹⁸
734 2243 844 2316 ‘rt-‘tm
855 2239 1022 2318 Reiffenst,

63 2321 107 2389 lib.
123 2333 161 2407 3,
184 2330 229 2392 tit.
245 2333 301 2406 lu,
323 2331 358 2390 n⁰
378 2331 417 2392 88
440 2329 492 2410 qui
513 2329 620 2410 allegat
637 2347 704 2410 cap.
730 2327 798 2390 Nisi
820 2337 912 2390 essent
925 2333 975 2406 El,
990 2327 1025 2391 de

62 2418 249 2498 Prubmdis).
258 2417 331 2478 Vide
343 2416 422 2480 dicta
435 2435 526 2499 suprc
540 2421 621 2495 (505)
639 2424 668 2478 et
683 2416 759 2478 infra
772 2417 899 2478 dicenda
912 2419 1022 2494 (6166).

62 2523 75 2561 r
98 2507 294 2583 Sedamnos,
311 2506 409 2587 inquit
428 2505 531 2567 Devoti
552 2505 615 2582 (lib.
631 2508 668 2580 E,
692 2505 735 2565 tit.
760 2502 845 2587 lb}
865 2507 925 2581 32),
948 2504 1023 2565 inter

62 2613 75 2650 a
98 2597 272 2674 pensionem
291 2596 309 2656 b
330 2593 475 2658 Pontilica
491 2600 581 2674 atque
600 2592 639 2654 ab
663 2592 811 2673 Episcopo
831 2591 1023 2672 impositam,

62 2700 75 2738 r
98 2699 242 2764 magnum
255 2683 418 2746 discrimen
435 2682 549 2745 iaciunt
568 2700 576 2742 ε
593 2699 663 2742 nam
678 2679 783 2761 pensio
796 2678 949 2743 Pontificis
969 2681 1023 2761 ipsi

62 2788 76 2826 r
98 2769 188 2834 haeret
202 2772 351 2836 beneficio
364 2789 436 2835 cum
449 2790 510 2853 quo
523 2770 699 2832 translertur
713 2768 751 2831 ad
764 2787 870 2832 omnes
880 2769 945 2848 ejus
958 2787 1025 2850 pos-

62 2876 76 2915 r
98 2875 238 2938 sessores,
254 2867 283 2924 et
296 2861 436 2941 Episcopi
450 2859 555 2942 pensio
569 2859 667 2921 soltrm
690 2856 781 2921 afficit
799 2856 1026 2920 beneficiarium

62 2965 76 3002 a
99 2949 184 3027 cuius
205 2949 289 3012 obitu
303 2948 494 3028 extinguitur.
516 2969 532 3006 n
549 2950 585 3008 Et
598 2947 673 3009 ratio
691 2946 872 3009 discriminis
885 2946 1026 3028 estquod

63 3034 98 3094 sit
121 3037 306 3116 prohibitum
333 3035 478 3099 beneficia
500 3035 637 3098 conterre
663 3053 734 3098 cum
757 3035 1026 3099 dismembratione

64 3121 118 3201 (tit.
139 3129 195 3202 12,
211 3125 262 3188 lib.
284 3129 304 3188 3
327 3127 472 3204 Deerat.):
486 3124 568 3186 unde
589 3124 670 3186 aolus
683 3125 763 3206 Papa
777 3125 953 3204 pensionem
968 3124 1026 3185 im-

64 3227 172 3287 ponere
185 3219 283 3294 potest
302 3233 371 3296 quae
391 3213 501 3275 haereat
520 3211 667 3275 beneficio
680 3220 710 3275 et
722 3219 853 3275 transeat
870 3213 908 3275 ad
920 3231 1027 3275 omnes

64 3299 134 3376 ejus·
144 3319 344 3380 possessores,
359 3301 434 3363 dum
451 3301 616 3382 Episcopus
630 3307 726 3382 potest
739 3303 855 3363 tantiam
871 3302 1027 3382 imponere

64 3387 237 3464 pensionem
257 3389 400 3452 advitam
416 3389 617 3452 beneficiarii:
631 3389 689 3451 huc
701 3389 784 3451 euim
798 3389 944 3471 pensione
964 3407 1027 3451 nou

64 3473 485 3554 minuiturbenellcium,clrm
492 3475 745 3558 possit,deluncto
753 3476 954 3554 beneficiario,
962 3476 1027 3538 sind

65 3579 154 3624 onere
166 3563 204 3626 ad
216 3566 291 3628 alios
303 3565 433 3629 conferri
442 3586 451 3641 ;
471 3565 523 3626 sed
536 3571 675 3646 gravatur
685 3565 748 3627 solu
769 3581 896 3645 persona
910 3561 1024 3625 bened-
