2452 3946
238 148 293 211 137
453 159 591 216 uinuaed
612 172 714 218 rorrus
733 171 816 217 rums
835 169 985 217 0777077777.

234 281 250 320 r
274 265 304 322 et
319 260 441 325 Cicron.
461 265 613 346 Episcopo..
629 285 691 329 non
705 266 842 330 obstante
852 269 1047 348 qudcumque
1059 272 1204 335 contram

235 370 251 409 n
275 351 505 415 consuetudine.
521 375 536 411 7
555 355 586 416 S.
604 356 662 416 7777.
683 356 716 418 C.
730 401 739 433 ‚
755 351 830 416 lebr.
856 357 954 432 1767,
971 359 1004 418 u⁰
1016 361 1098 423 7758
1114 361 1205 443 (apud

237 437 281 498 De
296 437 406 514 7777777,
422 458 492 520 pars
505 445 545 516 7,
561 445 595 506 n⁰
608 446 673 520 68).

276 527 366 588 8767.
389 528 516 590 Produei
533 530 651 592 77777777
665 530 793 613 simplici
809 533 964 596 sacerdote
974 533 1100 599 unicum
1114 541 1208 602 crucis

237 614 359 696 signum
383 615 413 678 in
438 615 646 680 benedictione
670 638 741 682 cum
763 622 816 683 88.
842 623 1055 700 87777077770;
1070 627 1128 689 tria
1143 631 1209 691 7777

238 702 446 786 producuntur
459 705 497 768 ab
511 707 677 790 Episcopis.
696 709 819 772 Coerern.
835 710 990 792 apisnp„
1004 711 1056 776 lib.
1072 717 1103 790 1,
1118 735 1149 779 7.
1164 722 1208 792 77,

240 791 281 852 nn
294 796 334 868 3,
350 797 411 855 577
425 797 465 872 6,
485 813 552 876 cap.
573 800 632 872 33,
649 799 682 857 n⁰
705 799 765 873 3¹13
781 797 903 859 71777717
927 799 1063 874 Rumon..
1078 821 1151 884 pars
1176 811 1208 888 7,

239 881 284 943 tit.
301 885 356 960 17,
371 885 404 944 nl
418 886 450 955 l.
464 883 539 945 Vide
553 885 635 947 Dict.
651 884 700 948 des
713 885 845 961 0777777,
856 887 893 950 l).
910 886 1101 968 Boissonnet‚
1116 895 1148 954 v·
1161 897 1212 957 ar

239 967 386 1031 ne'dr'ctr'on
399 1018 408 1046 ‚
422 971 441 1051 ξ
454 975 474 1033 7
493 975 532 1034 2⁰.

278 1061 368 1120 3708.
385 1060 429 1120 Ex
444 1059 655 1124 Coeremoniuli
669 1063 809 1146 Episcop.
824 1070 855 1127 77
869 1065 1138 1148 maurilionem,
1155 1091 1211 1136 una

239 1147 356 1208 tautum
372 1146 540 1210 benedictio
554 1158 599 1211 est
611 1150 710 1213 danda
721 1171 792 1215 cum
804 1154 857 1216 88.
873 1155 1068 1219 Sacramento
1078 1159 1109 1220 in
1121 1161 1212 1242 ipsius

240 1237 451 1313 processione,
480 1237 594 1300 scilicet
611 1239 642 1299 in
664 1239 735 1304 0777.
752 1243 794 1303 lta
807 1243 840 1305 S.
856 1245 892 1305 17.
907 1245 954 1321 0.,
972 1249 1005 1308 17
1025 1247 1097 1308 maii
1114 1253 1211 1327 1657,

240 1324 406 1400 777·1797);
428 1331 458 1386 77
472 1328 510 1388 78
526 1326 583 1405 jul.
607 1331 683 1390 7687
710 1332 754 1406 tn·
769 1334 870 1411 7997).
890 1365 930 1380 -
950 1337 1089 1398 Attamen
1108 1339 1213 1401 eadem

244 1413 274 1472 8.
291 1413 400 1492 Congr.
416 1417 454 1476 78
477 1423 553 1495 sept.
578 1419 655 1480 1870
669 1419 717 1497 (770
741 1421 849 1498 7777),
865 1420 897 1482 in
921 1419 1137 1497 Volaterrund,
1156 1447 1214 1490 res·

241 1499 357 1579 prodit,
374 1501 404 1561 in
420 1503 555 1564 ecclesiis
568 1505 614 1565 vel
629 1506 771 1568 altaribus
786 1510 942 1590 perviam,
958 1527 1027 1573 cum
1043 1515 1097 1576 88.
1114 1517 1214 1579 Sarra

241 1596 343 1649 rnento
369 1587 461 1651 dandi
490 1591 731 1656 benedictionem
758 1597 1024 1662 «vetustissimam
1051 1617 1214 1668 consuetu·

241 1697 256 1734 7
281 1676 384 1738 dinem
399 1679 516 1742 tolerari
533 1699 632 1762 posse,
647 1700 684 1744 eo
699 1691 799 1746 tamen
815 1684 906 1746 modo
916 1693 949 1748 ut
962 1688 1067 1750 saltem
1082 1691 1215 1758 servetur

242 1789 257 1824 7
281 1765 384 1848 regula
408 1769 628 1830 Cmremom'alis
655 1771 736 1852 qudd
760 1791 821 1834 non
842 1774 929 1836 toties
952 1780 1089 1856 pausatio
1112 1781 1215 1847 flaret

240 1876 256 1913 n
281 1854 451 1918 benedictio
463 1858 624 1938 elargiatur
634 1861 861 1940 quotiesaltaria
871 1867 1214 1944 occurrunt,sedsemel

241 1965 256 2000 n
281 1944 326 2004 vel
341 1945 461 2008 iterum.
477 1967 493 2004 7)
512 1947 601 2026 Apud
615 1949 658 2008 De
673 1949 782 2026 Herdt‚
798 1969 829 2032 p.
845 1955 885 2030 6,
902 1969 935 2012 0θ
948 1957 988 2016 tu
1000 1955 1052 2018 1v.

283 2035 371 2094 3709.
395 2033 560 2104 Ouaesitum
583 2033 662 2095 luit:
682 2057 698 2094 a
721 2039 768 2098 An
792 2040 881 2103 unica
902 2045 1022 2105 tantum
1048 2045 1157 2112 Oratio
1182 2051 1216 2114 ds

242 2141 257 2178 7
282 2121 334 2181 88.
352 2122 547 2182 Sacramento
560 2119 687 2185 dicenda
696 2125 733 2186 sit
746 2129 825 2206 (post
843 2128 968 2191 Tantum
977 2152 1065 2212 erpo,
1081 2141 1216 2202 anteire

241 2229 256 2266 r
283 2208 515 2282 nedictmnem)‚
539 2209 584 2270 rel
600 2209 667 2272 addi
687 2215 781 2294 possit
806 2216 906 2298 aliqua
928 2221 1075 2302 collecta,
1104 2245 1218 2312 nempe

242 2317 257 2354 a
283 2293 444 2377 Principis,
459 2297 528 2359 etc'l
539 2301 768 2380 -liesponsum
781 2302 861 2366 fuit:
878 2307 1077 2390 turmatim,
1094 2313 1128 2374 in
1145 2320 1218 2380 Ora·

242 2405 257 2442 a
282 2386 362 2445 tione
376 2389 416 2446 70
430 2384 571 2448 horarum
585 2393 615 2448 et
634 2389 809 2468 uupttcibus
822 2397 836 2454 1
850 2399 912 2457 777
928 2397 1051 2475 classis;
1067 2401 1219 2485 Neyutr'oi

241 2496 256 2534 n
281 2476 367 2547 7770,
384 2473 415 2534 in
436 2474 523 2536 Festo
543 2484 573 2536 77
592 2493 647 2556 per
672 2479 812 2542 tlctamm
834 2485 886 2546 88.
907 2485 1046 2568 Corporis
1060 2489 1216 2558 Christi.»

242 2562 282 2622 73
295 2571 371 2644 sept.
397 2565 472 2625 7837
500 2576 536 2624 n⁰
560 2566 649 2626 7067.
672 2565 767 2630 177077
784 2569 832 2633 des
853 2574 974 2636 scr'ences
994 2578 1109 2650 eccles..
1132 2589 1217 2664 n09,

242 2672 272 2734 p.
289 2656 358 2716 778.
384 2651 431 2712 Ab
451 2652 556 2714 77777777
574 2655 756 2720 6077776077
773 2663 823 2736 (70
846 2670 935 2727 mart.
956 2669 1062 2745 1861),
1089 2673 1185 2736 relert

241 2741 339 2803 adhuc
353 2757 484 2820 sequens
497 2742 656 2805 Decretum
670 2745 703 2807 S.
718 2748 755 2810 77.
774 2749 885 2831 Gongr.
905 2755 945 2816 70
957 2771 1027 2836 aug.
1045 2759 1150 2836 1860,
1168 2785 1186 2845 p

242 2831 390 2910 Episcopo
404 2831 573 2893 Mimatensi
590 2851 597 2890 ε
618 2833 723 2896 «877777
739 2838 913 2920 Amplitudo
933 2845 995 2904 Tua
1010 2843 1049 2906 ab
1070 2837 1132 2912 hdo
1143 2853 1201 2916 Sed

242 2939 256 2975 r
281 2919 422 2978 declarari
436 2919 554 2997 petierit
566 2927 668 2982 utrum
682 2924 713 2982 in
725 2923 934 2992 benedictione
944 2932 996 2994 88.
1013 2934 1219 3018 877770770ῐί,

241 3025 256 3062 n
281 3005 354 3065 dum
365 3013 433 3065 ante
447 3005 571 3066 Tantum
580 3015 879 3092 rrpopraemittuntur
889 3021 1026 3098 quedam
1036 3024 1199 3107 antiphon·

241 3115 256 3149 a
281 3093 326 3152 777
340 3091 443 3172 hymni
456 3140 465 3168 ‚
478 3094 523 3154 rel
538 3095 663 3172 litanias,
680 3097 727 3160 his
741 3104 831 3164 etiam
847 3105 969 3189 adjungi
985 3113 1137 3177 continuo
1154 3138 1221 3199 pm.

242 3201 256 3235 n
281 3183 342 3239 sint
355 3182 464 3262 singuli
479 3184 605 3266 singulis
625 3197 841 3267 respondentes
854 3195 988 3258 versiculi
1007 3215 1080 3261 cum
1094 3205 1219 3269 Oratiu-

241 3289 255 3326 r
282 3268 369 3330 nibus
383 3273 528 3354 propriis,
545 3283 613 3336 ante
628 3275 799 3355 praedictam
819 3283 970 3363 strophem
986 3285 1091 3366 hymni
1118 3295 1202 3377 lamp

241 3379 255 3416 ι
282 3358 406 3438 lr'npuc?
419 3395 457 3405 -
473 3361 505 3423 8.
522 3363 558 3422 77.
574 3361 683 3444 congr.
696 3369 939 3448 respondendum
953 3381 1093 3438 censuit:
1112 3380 1199 3447 Proer

241 3467 254 3504 r
278 3449 451 3528 ereptionem
464 3457 493 3510 et
506 3450 668 3513 metandum
680 3474 799 3534 precum
812 3459 844 3518 iu
857 3478 924 3522 cusu
933 3463 1061 3543 pendere
1072 3468 1114 3528 ab
1122 3471 1217 3556 Epis·

241 3559 254 3595 ,0
280 3538 344 3616 copi
356 3537 493 3598 arbitrtu.
510 3560 524 3595 u
