2474 3946
282 175 291 182 ’
338 170 362 178 ”
457 212 545 260 amun
566 217 722 268 aaronem.
1022 210 1080 274 aaa

102 304 327 367 consummatio
341 306 569 388 prohibeantur,
585 315 637 376 sed
652 315 842 382 solummodo
856 325 929 383 tunc
943 330 1082 388 vetantur

102 393 279 474 nuptiarum
301 396 521 476 solemnitates,
545 419 656 484 nempe
671 404 789 470 illarum
809 407 979 474 benedictio
1000 414 1081 476 intra

102 483 226 542 missam
247 481 312 544 dari
340 485 444 562 solita,
468 488 611 553 solemnis
635 511 754 574 sponsae
773 496 805 556 in
826 500 928 579 sponsi
951 500 1078 568 domum

1 581 2 587 ¹
100 568 268 648 traducti0,
279 573 461 637 solemniora
471 579 606 641 convivia
616 628 623 658 ,
634 581 764 663 tripudia
775 631 783 662 ,
795 591 852 648 ete.
866 587 940 652 Vide
953 591 1077 655 Rr'tuule

102 656 279 721 Romanum.

141 748 284 810 Hortatur
293 751 364 813 rard
375 752 488 816 Concil.
499 757 581 819 Trid.
593 758 659 839 (ib,
670 779 697 823 c.
712 763 740 842 l)
751 780 801 842 ne,
812 771 974 847 antequam
988 767 1078 832 bene·

98 834 230 914 dicatur,
260 839 488 906 matrimonium
512 855 761 931 consummetur,
786 852 838 915 sed
861 871 924 916 non
942 856 1077 922 absolute

98 922 174 985 illud
189 925 338 1005 prohihet.

139 1017 229 1076 1199.
253 1017 287 1077 ln
302 1017 396 1080 Gallia
413 1027 534 1101 autem,
552 1043 613 1087 non
632 1027 731 1091 solum
752 1029 951 1111 prohibentur
965 1033 1075 1097 solem·

97 1101 208 1165 nitates
223 1105 413 1186 nuptiarum,
429 1115 565 1194 tempore
580 1115 746 1197 prohibite,
763 1117 815 1180 scd
833 1121 997 1202 ipsummet
1010 1143 1074 1186 ma-

98 1189 278 1254 trimonium
301 1201 347 1256 est
366 1197 508 1277 vetitum,
531 1208 562 1263 et
580 1205 703 1285 quidem
721 1207 774 1268 snb
794 1210 898 1289 pravi,
918 1213 1004 1290 Juxta
1018 1215 1074 1276 Le-

1 1321 2 1324 ,
95 1297 200 1358 queux
224 1282 274 1360 (no
293 1285 378 1364 859),
395 1287 446 1368 qui
467 1287 540 1351 dicit
553 1290 610 1354 hoc
624 1311 689 1354 essa
703 1313 886 1377 commune,
903 1300 943 1361 ita
962 1309 996 1362 ut
1010 1301 1072 1365 fieri

1 1381 2 1426 1
96 1375 231 1448 nequeat
243 1370 357 1452 absque
372 1374 595 1456 dispensatione
609 1383 748 1464 Episcopi
761 1405 769 1460 3
786 1385 847 1448 imd
860 1435 868 1464 ,
881 1388 964 1466 J'uxta
984 1392 1071 1455 Card.

96 1457 601 1549 803119(Ιηε1.]ἰιν.ρνιύ.,ξ179),
622 1470 964 1540 «invaluitconsuetudo
980 1478 1073 1544 ferme

1 1598 2 1601 ,
95 1567 111 1603 n
137 1549 325 1623 communis,
349 1559 382 1612 ut
396 1555 559 1633 parochus,
579 1555 683 1621 feriato
705 1567 858 1643 tempore,
875 1567 988 1647 nuptiis
1012 1589 1072 1632 non

95 1655 111 1692 o
136 1637 265 1714 assistat,
276 1638 333 1700 nisi
344 1641 476 1720 primiun
487 1643 525 1704 ab
539 1646 687 1728 Episcopo
700 1652 818 1712 remam
831 1653 1033 1734 impetraverit
1041 1679 1070 1736 »;

94 1731 203 1786 monet
217 1727 281 1806 ipse
296 1729 408 1790 Bened.
419 1732 485 1792 XlV
499 1732 584 1812 (lost.
601 1737 721 1814 LXXX,
738 1748 771 1798 n⁰
787 1743 834 1817 ll)
849 1743 898 1802 tali
914 1752 1073 1808 consuetu-

94 1813 160 1874 dini
176 1815 315 1878 standum
331 1835 395 1880 esse
415 1818 467 1880 ubi
484 1821 580 1902 viget,
602 1831 632 1884 et
652 1825 803 1887 licentiam
819 1829 974 1907 nubendi,
991 1833 1026 1894 iis
1040 1835 1071 1896 in

95 1903 186 1980 locis,
202 1921 268 1965 esse
288 1907 496 1986 postulandam
512 1912 550 1970 ab
565 1911 734 1994 Episcopo,
753 1933 814 1977 non
833 1918 904 1980 vend
917 1919 1070 1986 licentiam

94 1991 260 2054 adhibendi
282 1999 357 2056 tunc
374 1996 474 2058 solitas
492 1999 696 2063 solemnitates
714 2003 789 2064 :sed
809 2007 889 2086 apud
912 2027 967 2070 nos
980 2011 1068 2076 etiam

93 2080 270 2158 lmjusmodi
285 2081 487 2147 solemnitates
501 2083 602 2149 locum
617 2088 743 2168 habeut,
759 2099 789 2154 et
806 2093 892 2157 licitae
907 2108 1067 2163 censentur

1 2211 2 2217 1
93 2168 221 2250 quando
233 2168 301 2231 data
311 2170 366 2232 luit
379 2172 417 2232 ab
429 2174 574 2257 Episcopo
588 2178 769 2260 dispensatio
785 2184 918 2248 nubendi
933 2193 1066 2270 tempora

1 2255 2 2275 ³
93 2256 186 2318 retito
206 2277 214 2317 :
231 2257 262 2318 in
276 2277 337 2339 quo
351 2279 413 2322 non
427 2262 544 2325 videtur
558 2283 622 2328 esse
638 2286 745 2349 magna
766 2271 939 2352 difficultas,
956 2279 1065 2360 quippo

92 2348 179 2427 juxta
193 2348 224 2408 S.
235 2347 355 2428 Liguor.
375 2349 441 2429 (lib.
457 2356 487 2428 6,
503 2362 536 2413 n⁰
551 2357 620 2429 983)
635 2357 692 2420 illae
706 2360 909 2426 solemnitates
926 2384 984 2427 non
997 2375 1065 2432 sunt

92 2434 254 2516 prohibitae
271 2437 351 2498 asub
371 2439 477 2519 praei,
494 2442 553 2502 nisi
573 2461 700 2507 accessus
714 2458 786 2510 esset
798 2471 920 2530 orcynus
936 2474 945 2513 :
964 2455 1027 2517 imd
1041 2458 1064 2520 si

90 2546 107 2583 a
133 2524 210 2586 liant
223 2523 390 2589 moderate.
407 2529 488 2590 nulla
502 2531 558 2591 erit
571 2533 670 2600 culoa.
686 2543 720 2598 ut
733 2537 775 2598 ait
788 2539 931 2600 Sanchez.
948 2563 962 2598 u

126 2614 218 2677 4193.
236 2650 274 2664 -
288 2621 322 2680 3⁰
333 2615 495 2699 Spoorntio
510 2619 599 2680 etiam
614 2619 810 2697 privatarum
828 2632 890 2674 uno
905 2613 1060 2711 contracta

85 2704 116 2760 et
128 2719 192 2762 non
205 2703 336 2785 legitime
347 2707 501 2775 dissoluta,
516 2705 687 2786 impediunt
698 2722 736 2765 ne
748 2703 975 2799 matrimonium
986 2711 1057 2757 cunt

85 2788 182 2850 altero
193 2794 373 2856 celebretur.
388 2829 429 2842 -
440 2795 472 2856 ln
491 2795 550 2856 lroo
564 2795 634 2854 verd
649 2791 868 2872 impedimento
881 2787 1059 2888 dispensare

85 2869 193 2960 nequii
210 2885 388 2965 Episcopus,
413 2884 485 2964 quia
507 2883 545 2944 de
562 2882 673 2943 damno
694 2881 771 2940 tertii
788 2881 897 2960 agitur.
918 2875 993 2938 Vade
1015 2873 1060 2935 De

86 2965 177 3046 Syra,
195 2970 245 3033 lib.
270 2975 301 3049 9,
319 2991 347 3036 c.
364 2977 394 3049 2,
411 2983 446 3032 n⁰
470 2977 481 3034 l
496 2991 508 3042 ς
525 2978 554 3032 et
573 2971 680 3045 Itonia,
697 2968 740 3032 De
757 2969 915 3052 Episcopo,
932 2973 1007 3028 tom.
1025 2967 1057 3038 2,

88 3073 109 3132 p
126 3146 217 3210 llas.
229 3154 308 3211 --11
324 3147 528 3214 Votumctiam
544 3155 682 3230 simplex,
694 3143 988 3222 sivecastitatis,sire
1000 3146 1059 3246 lte·

87 3229 220 3313 ligiouis,
245 3237 307 3299 sire
331 3239 558 3312 concubendi,
581 3239 627 3300 vel
650 3255 771 3300 sacrum
795 3237 936 3299 ordinem
958 3253 1056 3296 suscr-

85 3323 202 3401 piendi,
216 3326 343 3405 impedit
358 3347 396 3391 ne
413 3329 639 3390 matrimonium
656 3327 737 3390 licite
751 3327 955 3390 contrahatur.

127 3411 184 3483 Oui
199 3433 258 3476 non
271 3416 459 3479 obstantibus
470 3417 640 3497 hujusmodi
652 3417 726 3478 votis
743 3416 970 3476 matrimonium
982 3431 1058 3476 eon·

1 3553 2 3569 ,
82 3502 185 3576 traxit,
202 3507 335 3582 peccavit
348 3507 471 3587 quidem
489 3553 497 3580 ,
519 3507 571 3568 scd
587 3505 682 3568 valide
696 3505 868 3580 contraxit,
892 3510 922 3566 et
937 3510 1058 3602 teoetur

0 3600 1 3607 ¹
83 3588 222 3653 debitum
241 3595 400 3670 coniugale
423 3595 560 3670 reddere,
580 3595 687 3658 saltem
705 3603 774 3676 post
795 3592 957 3667 bimestro;
972 3587 1057 3656 rard.
