2452 3946
410 249 496 294 uasa
516 250 675 296 secuuuus.
971 233 1027 294 toa

66 343 218 406 solemnem
238 345 505 408 sacramentorum
518 345 831 422 administrationem,
845 349 876 408 et
889 343 962 408 alias
975 361 1027 408 ru·

65 431 158 494 britan:
164 433 282 512 priores
295 432 368 494 dicit
381 433 513 512 obligare
526 481 535 512 ,
549 441 580 496 el
593 436 683 496 ctiam
698 435 754 496 sub
773 441 895 515 peccato
909 433 1027 496 mortali

64 539 213 601 exgenere
228 540 285 584 suo
297 569 306 598 ,
318 519 347 582 id
362 528 407 584 est
420 523 537 603 quoties
552 523 653 584 levitas
668 523 799 585 materiae
814 541 874 584 non
889 529 1025 599 excusat,

64 609 112 670 nisi
123 611 177 670 sub
188 610 315 672 consilio
332 613 447 672 tantbm
463 611 685 694 praecipiantur,
706 609 816 676 utDr'es
830 611 886 673 irc
900 611 1027 672 inmissa

64 698 228 778 nilotidiant
252 719 309 781 pm
335 698 481 779 defunctis
492 717 506 774 ,·
523 701 704 782 posteriores
727 702 797 762 verb
819 707 889 762 sunt
910 701 1029 760 tantbm

63 786 218 864 directirae,
243 788 302 849 nisi
325 805 364 850 ex
388 788 453 870 lege
475 789 520 850 vel
540 788 599 852 alio
621 787 714 852 modo
734 788 867 868 legitima
888 786 1031 850 concludi

64 875 145 936 valent
164 875 232 937 illas
258 894 325 938 esse
344 875 560 958 obligatorias:
582 896 611 941 ιι.
632 897 678 958 g,
698 877 850 958 ieiunium
871 875 1028 952 naturaie,

65 977 121 1024 ante
135 964 408 1041 communionem
433 965 498 1028 haec
523 966 670 1029 sententia
692 966 836 1049 probatur
855 982 892 1026 ex
910 961 1030 1026 duobus

66 1053 181 1114 textiltus
194 1071 288 1134 supra
302 1053 402 1115 relatis
414 1054 538 1116 Consilii
553 1054 702 1132 trident,
712 1061 742 1117 et
757 1053 842 1116 Bulla
853 1053 885 1116 S.
897 1051 1030 1115 triv.-

66 1141 127 1201 l'ide
140 1143 232 1203 etiam
248 1145 292 1202 De
305 1142 411 1218 Herdl,
425 1143 528 1206 Sacrae
542 1143 676 1223 lituro„
692 1163 723 1226 p.
741 1147 771 1221 l,
787 1153 821 1203 ιιο
835 1145 865 1202 2.

99 1229 179 1292 Unde
193 1233 344 1311 apeccato
354 1231 460 1293 veniali
474 1251 533 1292 non
546 1240 704 1295 excusatur
714 1228 1036 1294 sacerdosomittertdc·

66 1319 143 1379 etiam
155 1319 398 1398 benedictiones,
412 1319 638 1401 genuflexiones
648 1367 657 1398 ,
668 1319 1029 1384 inclinationesdrubricd

67 1412 265 1490 prescriptos,
279 1409 324 1469 rel
346 1429 406 1470 nort
428 1408 659 1489 genuflectendo
680 1409 866 1471 advertenter
880 1426 976 1489 usque
990 1405 1029 1470 ad

67 1505 165 1557 terrum
178 1543 187 1572 ,
202 1497 247 1558 vel
273 1497 363 1558 nimis
378 1498 514 1560 celeriter
535 1505 587 1560 aut
608 1497 723 1579 prolixe
746 1497 800 1560 ista
818 1497 920 1558 omnia
941 1515 1028 1578 pera·

67 1585 155 1664 gendo
170 1605 178 1646 r
195 1587 321 1648 mortale
334 1595 434 1648 autem
452 1595 552 1668 posset
570 1605 636 1648 esse
651 1593 809 1666 peccatum
822 1585 848 1648 si
862 1589 894 1648 in
908 1586 1029 1666 quanti·

68 1679 116 1735 tate
130 1674 250 1736 notabili
266 1674 312 1736 bae
326 1678 517 1737 caeremonia
531 1676 751 1737 omitterentur.

102 1765 185 1826 3698.
211 1765 290 1826 Hinc
307 1767 417 1846 pariter
434 1764 505 1826 dicit
526 1765 557 1827 S.
588 1764 747 1844 Liguorius
772 1761 839 1844 (lib.
856 1763 898 1838 d,
914 1761 1032 1842 1ιο400)

72 1851 255 1913 ιιίἰιιὶοιιιῖει
283 1871 372 1934 posse
402 1853 539 1916 excusari
572 1854 590 1914 a
622 1852 739 1912 mortali
767 1848 951 1912 sacerdotem
979 1849 1032 1930 qui

70 1962 82 1996 ι
103 1941 175 2001 intra
189 1939 389 2021 quadrantem
409 1941 532 2002 missam
553 1939 735 2016 absolveret,
750 1937 866 2001 etiamsi
882 1937 972 2000 missa
994 1939 1032 2002 stt

71 2043 82 2086 t
103 2029 333 2092 subterioribus
346 2029 391 2090 rel
403 2029 441 2091 de
454 2033 486 2091 S.
503 2031 596 2090 Maria
616 2027 647 2090 in
662 2027 792 2090 Sabbata
807 2045 816 2088 r
833 2027 904 2108 quia
924 2027 954 2088 in
968 2033 1031 2090 tam

71 2141 82 2172 ι
105 2118 179 2180 breti
206 2117 302 2199 spatio
327 2117 495 2180 trecessarid
512 2119 700 2180 committere
723 2115 813 2178 debet
830 2114 907 2178 duos
928 2129 1031 2196 graves

76 2207 232 2269 treiectus
247 2226 255 2268 :
270 2207 398 2268 alterum
421 2207 519 2288 gravis
541 2205 740 2269 irreverentia
762 2223 833 2288 erga
858 2207 1032 2268 Sacramen-

78 2323 83 2343 ι
105 2305 184 2372 tum,
200 2297 327 2357 alterum
350 2295 447 2376 gravis
472 2296 602 2358 scandali
624 2313 695 2376 erga
719 2297 874 2378 populum.
892 2318 908 2354 n
926 2297 1031 2376 Porrd‚

76 2387 157 2464 nquit
177 2385 258 2446 idem
277 2386 405 2447 Sanctus
418 2383 517 2462 (idid,
534 2397 566 2446 n⁰
579 2387 638 2446 399
659 2385 691 2446 in
708 2385 796 2466 fine),
811 2385 924 2466 optime
944 2385 1033 2448 docet

75 2471 172 2536 ltrnrd.
190 2475 255 2535 xtv
271 2473 370 2554 (notis.
385 2477 441 2552 at,
458 2482 491 2534 ιιο
514 2477 564 2552 30)
585 2491 656 2535 cum
670 2474 825 2536 communi
843 2491 851 2534 ι
870 2496 886 2532 ι
909 2475 1032 2536 missam

73 2583 163 2623 tnnn
188 2562 354 2624 breviorem
383 2563 510 2643 triente,
538 2579 596 2625 nec
624 2561 793 2644 longiorem
811 2561 937 2624 dimidia
960 2563 1033 2624 bord

73 2651 210 2714 elabere
224 2669 333 2714 esse.»

106 2741 228 2823 Insuper
274 2740 300 2802 si
312 2741 382 2822 quis
393 2739 484 2804 violet
496 2739 649 2804 rubricam
681 2736 875 2799 essentialem
889 2737 934 2797 vel
948 2739 1034 2817 quasi

75 2829 262 2894 atsemialent
288 2830 406 2908 missae,
421 2829 468 2892 vel
492 2829 517 2892 si
546 2829 660 2892 nullam
689 2827 779 2907 plane
799 2833 909 2904 servet,
931 2830 1035 2906 peccat

80 2941 93 2982 s
107 2921 279 2982 mortaliter.
326 2921 370 2982 lta
384 2918 587 2983 Busembaum
601 2915 702 2996 (apud
724 2916 756 2978 S.
773 2915 909 2996 liguas,
924 2918 959 2976 ιιο
974 2917 1034 2976 ll'l

72 3009 99 3066 ιἰι
111 3013 189 3089 poe).

106 3099 191 3162 duaa.
214 3101 283 3162 Non
295 3097 481 3160 concordant
493 3103 594 3158 autem
609 3095 762 3178 liturgistae
776 3113 814 3156 an
828 3093 977 3157 directivae
990 3093 1036 3158 rol

73 3189 249 3269 praeceptivae
271 3187 333 3249 sint
354 3187 482 3250 rubricae
497 3195 664 3266 spectantes
684 3190 756 3247 ritus
770 3185 932 3246 servandos
946 3189 960 3244 i
978 3183 1036 3246 mi·

74 3275 178 3354 nistris,
194 3285 264 3358 puta
274 3276 421 3354 diaconis,
431 3275 635 3352 subdiaconis,
644 3283 716 3354 etc,
726 3276 772 3337 vel
785 3276 937 3357 apopulo.
951 3275 1036 3355 (Vide

75 3361 229 3445 bequeun,
245 3373 277 3428 n·
291 3369 375 3442 728.)

108 3456 194 3517 3700.
216 3455 275 3518 Sed
298 3463 331 3517 ut
345 3453 514 3516 accuratius
527 3458 556 3515 ct
570 3453 666 3534 magis
680 3451 831 3534 sigillatim
852 3459 951 3534 pateat
965 3471 1038 3536 quc-

75 3541 158 3604 tnodo
172 3544 298 3626 quisque
309 3551 414 3626 peccet
426 3544 560 3605 rubricas
569 3541 724 3618 violando,
734 3543 980 3622 distinguendum
994 3549 1040 3603 cst

76 3625 148 3693 iuter
157 3633 326 3695 ordinariae
338 3641 368 3696 ot
376 3630 632 3694 extraordinariae
642 3631 740 3692 missae
750 3639 858 3710 partes.
871 3629 1041 3692 Ordinort'oe

188 3753 217 3802 r.
232 3751 281 3799 ιιι.
901 3731 922 3785 ⁴
