2416 3954
161 235 220 296 4th
385 252 522 300 assume
541 254 643 300 rorrus
662 251 745 300 sums
765 247 915 302 eluceret.

162 372 177 405 a
203 349 411 429 religiosorum
435 361 484 415 aut
507 352 622 434 possint
639 359 690 416 aul
713 351 843 431 iaciant,
867 353 967 416 solbm
984 369 1046 419 esse
1066 349 1112 420 sul·

162 459 176 496 a
203 437 365 517 tragiorum
379 439 563 516 oblationes,
583 461 637 506 scu
656 441 853 519 donationes,
868 460 931 506 non
953 445 1023 507 rem
1036 444 1114 506 indul·

162 548 177 585 a
202 529 372 607 gentiarum
387 531 640 594 concessiones.»
662 529 743 592 adde
765 531 867 613 qudd,
894 551 949 614 per
966 532 1113 612 hujusmodi

161 616 481 694 communicationem,
494 637 553 681 non
564 620 750 702 applicentur
759 619 976 684 satisfactiones
983 623 1115 704 praeterite

165 721 230 784 puae
244 704 274 765 io
288 705 430 770 thesauro
443 707 583 770 Ecclesia
592 710 654 786 jam
668 709 805 790 repositae
815 711 959 787 suntsed
969 720 1114 793 operatau-

165 793 227 853 lirm
241 791 361 872 lutura,
385 803 416 858 et
434 795 559 877 quidem
577 815 638 859 non
654 816 708 878 per
727 796 853 861 madum
871 799 1079 880 jurisdictionis
1095 807 1115 862 et

162 881 376 958 absolutionis,
402 891 435 947 ut
448 885 482 948 tit
499 905 552 968 per
575 886 796 968 indulgentiae,
818 889 889 950 adm
910 890 998 952 talem
1013 889 1117 952 nonha-

162 967 254 1032 beant
264 972 507 1050 jurisdictionem
528 975 558 1037 in
580 982 698 1038 exteros
716 976 833 1038 Praelali
853 977 1004 1060 religiosi,
1018 979 1065 1041 sed
1077 996 1117 1060 prr

163 1059 289 1122 modum
304 1061 462 1126 solutionis
470 1062 625 1127 duntaxat.
635 1063 710 1127 Vide
720 1063 857 1143 Billuart,
868 1066 903 1128 de
914 1067 1032 1151 badula.
1042 1070 1116 1147 (arti,

163 1145 370 1230 Dices,etc.).
482 1157 483 1162 ’

203 1241 292 1298 esst.
308 1240 429 1310 Ouaerit.
448 1235 535 1303 ran
546 1243 921 1325 Superiores'ecclesiastici
937 1243 1118 1328 possint,sinl

160 1323 240 1402 justa
263 1331 373 1404 eausa,
397 1328 478 1393 licite
499 1339 552 1394 aut
573 1333 679 1394 saltem
698 1332 796 1395 aalide
812 1334 1014 1416 indulgentias
1028 1353 1118 1400 oona·
1190 1385 1191 1402 i

162 1411 264 1473 derel

203 1504 293 1583 Resp.
319 1507 459 1587 Negatirb
476 1528 483 1568 :
500 1514 530 1571 et
550 1517 666 1573 constat
693 1531 731 1574 ex
758 1513 916 1594 Extravag.
946 1513 1119 1596 (inigenitus,
1190 1563 1191 1566 ,

163 1605 254 1671 supra
270 1593 362 1655 relata
376 1598 708 1674 (margaritariam
725 1599 1044 1666 vtdectarattchrtsta
1052 1621 1120 1666 mm·

164 1678 287 1742 missam
301 1680 392 1746 fuisse
408 1687 496 1748 Petro
510 1688 635 1768 ejusque
654 1689 902 1768 Successoribus,
917 1692 1043 1756 Vicariis
1054 1693 1120 1766 suis,

163 1769 310 1832 salubrem
332 1772 572 1854 dispensationem
595 1777 725 1839 thesauri
741 1777 882 1841 Ecclesiae
896 1797 1007 1863 nempe
1020 1801 1056 1844 ea
1064 1799 1122 1864 pra·

160 1861 241 1939 priis
255 1869 284 1922 et
297 1864 525 1926 rationabilibus
537 1867 640 1927 causis.
657 1901 696 1912 -
708 1869 855 1930 Praeterea
874 1870 905 1931 S.
927 1869 1059 1934 Pontifex
1072 1883 1120 1934 non

163 1954 208 2006 est
221 1949 363 2013 dominus
378 1953 430 2014 sed
453 1957 570 2016 tantbm
588 1953 777 2035 dispensator
788 1956 919 2020 thesauri
933 1960 1070 2023 Ecclesiae
1080 1979 1087 2035 ;
1099 1962 1121 2020 al

163 2033 351 2115 dispensator
365 2059 425 2102 non
438 2049 534 2122 potest
543 2041 621 2104 licite
633 2043 733 2124 largiri
744 2043 822 2107 bona
835 2047 890 2107 sibi
901 2049 1061 2112 corrrmissa
1070 2047 1122 2111 aba

163 2141 224 2202 que
238 2131 327 2188 eausa
342 2129 524 2206 rationabili,
540 2131 674 2211 alioquin
691 2134 790 2212 potiirs
804 2135 860 2196 erit
873 2135 1032 2219 dissipator
1045 2142 1123 2220 quim

162 2210 365 2292 dispensatam
387 2235 479 2296 erg0,
504 2227 562 2280 eto.
580 2253 616 2263 —
632 2220 719 2292 Oudd
738 2229 838 2284 autem
861 2243 918 2287 nec
935 2227 1026 2289 etiam
1042 2227 1124 2290 validi

163 2303 256 2379 possit
269 2301 455 2382 dispensare,
467 2306 610 2386 probatur
619 2327 656 2370 ex
667 2327 704 2370 eo
718 2311 800 2391 qubd
815 2313 893 2395 Papa
907 2315 1125 2396 nequeatvalidb

162 2388 336 2468 dispensare
351 2393 367 2450 a
379 2393 447 2472 jure
465 2393 567 2458 divino
580 2397 645 2460 sinb
659 2399 818 2462 sullicienti
833 2405 939 2480 cause,
963 2414 994 2466 ut
1010 2413 1083 2487 patet
1094 2404 1125 2467 de

162 2485 230 2536 voto
245 2485 274 2538 et
285 2478 459 2556 juramento
472 2501 479 2543 :
493 2486 584 2564 porrd
595 2487 662 2564 jure
673 2487 776 2551 divino
790 2498 909 2554 tenetur
922 2503 1060 2572 peccator
1072 2497 1127 2556 lieo

163 2567 331 2646 persolvere
354 2587 476 2650 poenam
494 2576 691 2655 temporalem
709 2597 778 2659 quse
798 2591 932 2662 superest
948 2582 1057 2646 luenda
1071 2589 1128 2666 post

162 2663 317 2736 peccatum
333 2658 506 2737 dimissum;
522 2680 595 2744 ergo
609 2673 642 2726 ut
650 2684 741 2749 super
754 2666 811 2732 bac
825 2669 1007 2752 obligatione
1020 2673 1129 2756 dispan-

161 2753 206 2804 set
220 2748 250 2807 S.
269 2749 424 2822 Pontifex,
441 2760 530 2833 prout
548 2751 616 2816 lacit
635 2755 838 2838 indulgentias
854 2759 1045 2842 elargiendo,
1060 2780 1129 2846 opus

160 2841 205 2894 est
218 2841 309 2898 causa
324 2839 493 2902 sufficienti.
510 2841 628 2923 (Theoi.
641 2845 794 2928 Tolosam)

200 2925 292 2986 4555.
318 2929 431 2988 Asserit
444 2935 546 2992 tamen
569 2933 691 2995 Billuart
713 2936 947 3020 indulgentiam,
968 2941 1129 3006 sinecausl

160 3010 319 3072 sufficienti
337 3033 534 3095 concessam,
555 3039 620 3084 esse
633 3023 783 3102 validam,
805 3029 910 3092 saltem
930 3034 1078 3113 quantiam
1095 3029 1128 3092 ad

160 3099 313 3181 privilegia
328 3102 355 3162 ei
371 3121 489 3167 annexa
502 3126 570 3188 quae
585 3119 655 3174 sunt
665 3113 742 3191 juris
756 3115 947 3182 ecclesiastici
961 3168 969 3194 ,
985 3130 1019 3184 ul
1033 3121 1103 3184 estl
1118 3149 1128 3166 ι

160 3187 255 3250 cultas
278 3189 449 3254 absolvendi
470 3198 486 3256 t
511 3201 667 3263 reservatis
683 3221 690 3263 :
706 3203 776 3284 quia
801 3207 880 3288 Papa
900 3215 997 3290 potest
1015 3226 1129 3292 semper

160 3277 255 3339 aalide
268 3325 276 3354 ,
291 3281 428 3359 quamvis
442 3282 561 3358 illicite,
576 3286 751 3369 dispensare
775 3293 807 3356 in
830 3295 867 3357 iis
888 3315 956 3378 quae
976 3307 1049 3362 aurit
1058 3299 1129 3380 juris

159 3365 350 3428 ecclesiastici
366 3373 482 3432 tantirm
498 3373 543 3448 (de
558 3374 689 3458 lodulp„
704 3387 761 3443 art.
776 3385 818 3462 4).

198 3459 289 3516 4556.
310 3459 561 3524 auonrnrunisast
572 3471 838 3553 sentennainquit
848 3474 876 3535 S.
890 3475 1014 3556 Lignor.
1027 3479 1088 3556 (lib.
1096 3481 1125 3554 6,

159 3563 174 3599 a
200 3545 326 3624 110532),
352 3549 579 3612 concessionem
603 3552 858 3638 indulgentiarum
881 3564 946 3627 sine
960 3576 1128 3632 caussasse

159 3651 174 3688 n
199 3629 331 3694 illicitam
345 3642 375 3696 et
385 3637 597 3715 invalidam...;
611 3659 651 3704 an
665 3647 737 3709 verb
759 3667 849 3714 causa
861 3651 969 3718 debeat
981 3674 1047 3723 esse
1060 3676 1128 3742 pro·
