2416 3954
403 165 489 214 ursan
508 163 665 214 sccundus.
946 161 999 220 994

86 265 167 326 4493.
194 263 376 347 Episcopus,
402 266 549 348 populum
575 265 758 329 benedicens
784 268 855 330 eum
878 269 1005 350 reliquit

28 379 31 438 p
54 349 79 410 S.
101 351 213 430 Crucis,
230 353 348 416 mitram
371 359 402 416 et
423 355 566 437 pileolum
580 354 723 436 depinit3
744 356 864 418 mitram
887 361 1004 421 tnnlirm

27 525 28 534 ἵ
54 436 161 519 deponit
172 441 197 504 si
210 459 280 506 oum
293 442 353 506 alio
369 443 472 525 aliquo
492 442 661 507 benedicat.
682 443 836 524 (Gardell.‚
856 451 1003 528 n04665,

86 621 165 680 4497.
181 622 212 681 9·
227 620 398 686 Benedictio
412 641 527 686 mensa
540 622 669 706 pertinet
680 621 717 685 ad
738 624 942 704 sacerdotem,
958 633 1003 708 et,

54 717 251 788 suprascrita,
265 729 327 773 nun
343 719 438 793 potest
458 731 525 774 eam
543 713 615 775 dare
628 711 791 788 diaconus,
809 715 864 777 nisi
879 717 917 780 sit
937 719 1003 780 Car·

55 791 163 858 dinalis:
177 798 326 878 colligitur
339 819 377 862 ex
389 820 456 883 cap.
472 801 611 882 Lepinus
624 805 674 872 94,
689 800 759 864 dist.
774 805 825 865 93.
839 806 928 867 Juxta
939 825 1003 887 pro·

55 880 211 950 habiliorem
229 890 427 967 sententiam,
447 890 619 969 hujusmodi
639 889 808 953 benedictio
827 900 872 954 est
889 897 1004 958 rantum

54 973 172 1054 consilii,
187 994 249 1039 nnn
269 977 407 1042 obstante
426 997 493 1060 cap.
509 979 576 1042 Non
595 978 681 1042 liceat
696 984 751 1058 49,
770 979 839 1042 dist.
859 986 910 1059 44,
924 984 1004 1063 quod

54 1077 104 1122 non
116 1072 158 1126 est
169 1067 382 1148 praeceptivum
401 1068 454 1130 sed
472 1067 648 1132 directivum
666 1068 821 1132 duntaxat.
840 1069 912 1132 Vide
933 1072 1006 1133 Fer-

53 1152 116 1213 raris
128 1153 166 1232 (u
179 1155 416 1234 Benedictiones,
432 1157 474 1218 n¹·
488 1161 605 1240 asa-30).

413 1521 559 1590 CAPUT
583 1515 627 1591 X.

364 1689 411 1740 DE
436 1689 677 1742 surrulolts.

81 1866 165 1928 4498.
176 1867 245 1927 Vox
257 1861 431 1946 calliopium
442 1863 536 1945 accipi
544 1869 642 1946 petest
649 1883 704 1946 pro
712 1869 781 1927 voto
790 1863 870 1947 quod
881 1864 912 1928 in
926 1851 1005 1930 elec·

50 1951 169 2016 tionibus
182 1954 248 2016 dari
263 1954 356 2030 solet,
370 1960 400 2016 94
412 1953 451 2016 de
465 1952 607 2035 suffragio
621 1954 806 2037 sicaccepto,
821 1963 866 2016 sat
876 1955 1007 2018 elisimus

50 2039 74 2100 in
89 2043 172 2106 Libro
185 2043 286 2126 primo
300 2042 351 2106 ubi
364 2043 403 2104 de
412 2042 582 2117 electione,
598 2043 743 2124 accipitur
755 2044 844 2106 etiam
855 2062 910 2125 pro
921 2043 1006 2106 auxi·

50 2127 84 2192 lie
95 2131 258 2214 spirituaii,
273 2149 334 2214 quo
348 2150 428 2194 unus
441 2131 539 2194 tidelis
551 2132 678 2195 alterum
688 2132 806 2213 adiuvat
819 2133 856 2196 ad
872 2133 1007 2196 obtinen-

49 2217 113 2281 dunr
150 2225 168 2285 9
193 2223 259 2283 Deo
286 2221 495 2283 remissionem
518 2239 615 2303 poenaa
635 2221 820 2301 temporalis,
844 2223 890 2285 vel
925 2221 1006 2285 aliud

50 2309 159 2372 simile:
179 2312 220 2373 de
242 2309 384 2391 suffragio
406 2309 450 2374 sic
476 2319 597 2393 sumpto
628 2319 672 2373 est
699 2329 780 2374 nunc
807 2311 1005 2393 loquendum.

82 2403 166 2464 4499.
180 2399 304 2482 Triplici
319 2407 419 2462 autera
434 2399 525 2462 modo
538 2399 687 2482 suffragiis
700 2400 803 2462 fideles
817 2419 848 2462 se
868 2401 1007 2479 adjuvare

50 2497 181 2566 possum:
198 2493 231 2551 4ο
244 2507 279 2551 ex
294 2507 385 2570 opere
398 2497 521 2570 operato
535 2507 588 2571 per
603 2493 701 2551 missae
715 2487 895 2550 sacrificium
907 2508 915 2564 ;
926 2491 958 2548 2⁰
972 2505 1007 2551 ex

50 2593 130 2658 opere
143 2579 312 2663 operantis,
328 2596 382 2660 per
395 2577 529 2660 proprias
549 2579 737 2660 operationes
758 2575 854 2637 bonas
871 2593 907 2637 ac
924 2576 1009 2638 satis-

50 2663 177 2732 factorias
189 2669 237 2731 vel
252 2668 469 2750 irnpetralorias
485 2686 493 2728 :
506 2673 540 2730 ut
552 2667 721 2736 orationes,
733 2663 862 2744 jejunia,
878 2663 1008 2724 eleemo-

48 2771 147 2836 synas,
160 2765 235 2833 etc.;
251 2761 284 2820 3⁰
298 2775 352 2839 per
366 2756 576 2840 indulgentias.
596 2758 639 2816 De
658 2753 757 2835 primo
777 2751 867 2813 modo
880 2750 1010 2813 diximus

50 2859 130 2926 supra
152 2849 350 2927 (34743446,
365 2850 465 2925 3596,
486 2847 576 2926 949.);
592 2849 727 2925 superest
746 2859 819 2923 ergo
837 2846 871 2903 ut
886 2839 925 2904 de
945 2839 1009 2904 aliia

50 2930 158 3000 duobus
180 2936 279 3000 modis
303 2953 476 2999 sermonem
499 2934 643 2998 faciamus
666 2950 674 2993 :
695 2933 727 2994 in
750 2929 889 3013 praescnti
913 2931 1008 3014 capite

50 3019 176 3089 dicemus
189 3025 229 3088 de
242 3023 391 3108 suffragiis
405 3031 555 3106 quatenus
571 3022 796 3102 distinguuntur
811 3022 831 3082 t
845 3020 945 3084 missae
959 3023 1008 3084 Sa·

50 3109 154 3178 cn'licm
167 3123 198 3178 et
211 3115 250 3178 ab
264 3115 469 3196 indulgentiis.
486 3117 527 3175 lle
541 3111 737 3193 Indulgentiis
749 3111 820 3174 verd
837 3127 1008 3174 sermonem

51 3197 186 3268 iaciamus
200 3203 231 3268 in
247 3205 348 3288 Capite
362 3203 510 3286 sequenti.

85 3295 173 3356 anuo.
189 3292 312 3358 Duobus
327 3293 426 3356 modis
436 3290 573 3374 proximo
586 3291 695 3354 nostris
704 3307 864 3373 possumus
872 3288 1008 3373 opitulari

51 3379 191 3464 sullmgiis
206 3402 214 3444 ι
232 3387 263 3446 4ο
284 3401 337 3465 per
358 3381 483 3444 modum
505 3381 733 3462 satisfactionis,
753 3380 777 3444 si
800 3397 909 3462 nempe
929 3381 1010 3442 valor

52 3465 265 3550 satisfactorias,
281 3472 331 3554 qui
349 3471 491 3534 omnibus
504 3471 613 3532 nostris
626 3471 766 3550 operibus
779 3486 816 3531 ex
830 3469 921 3550 gratia
936 3474 965 3528 94
978 3467 1008 3527 in

53 3559 140 3637 pratil
153 3559 235 3624 lactis
247 3569 293 3624 ost
306 3560 473 3634 inhaerens,
489 3559 630 3622 offeratur
643 3577 698 3641 pro
707 3557 906 3620 satisfactione
917 3570 1010 3639 quatu
