2452 3946
439 210 526 259 unna
546 210 702 260 smuuous.
1022 206 1062 266 8³

140 311 224 374 3666.
241 309 287 373 ld
300 309 532 373 elucidationem
554 310 647 373 totius
668 310 800 374 materiae
817 313 972 394 praesentis
989 316 1062 382 utile

107 397 184 461 nobis
201 397 314 461 ridetur
335 399 383 462 hic
405 398 603 462 transcribere
623 398 761 460 ultimam
777 399 960 466 decisionem
975 405 1006 467 S.
1023 407 1059 472 a.

104 488 205 567 Conpr.
226 482 316 550 modd
332 488 478 564 citatam,
501 503 613 570 nempe
634 489 671 549 23
686 495 761 568 sept.
787 491 884 566 team
901 495 1061 572 quesitum

105 573 190 639 fuerat
204 593 213 637 r
230 598 246 635 ι
260 581 292 639 l·
306 586 408 641 utrum
422 577 525 640 altaria
542 576 690 658 portatilia
704 578 961 641 consecrationem
975 601 1062 646 suam

104 687 118 722 ι
138 665 290 743 amittant,
305 666 427 748 quando
441 665 567 728 fractum
585 671 631 726 est
644 664 774 744 sigillum
789 667 871 746 quod
885 667 1020 748 reliquiis
1031 669 1062 732 in

104 753 292 833 rseprdchro
315 755 439 817 inclusis
459 754 644 837 apponitur,
667 772 706 815 an
728 757 843 816 tantum
865 757 1006 838 quando,
1030 763 1064 822 ut

103 863 117 900 ι
136 839 297 921 loquuntur
309 841 461 924 theologi,
474 842 603 906 fractum
616 841 835 923 sepulchrum?

135 951 151 990 r
173 935 204 992 2⁰
219 933 326 996 Utrum
343 933 435 994 altare
455 931 592 1014 portatile
609 935 698 1010 eujus
720 931 852 1011 sigillum
869 949 931 994 non
945 931 1064 1017 existit,

103 1039 116 1075 ι
137 1018 207 1081 mitti
220 1019 330 1082 debeat
342 1021 379 1084 ad
393 1021 499 1084 urbem
511 1020 711 1102 episcopalem
722 1028 751 1080 et
761 1038 865 1082 rursus
875 1024 1060 1102 consecrari3

103 1127 116 1164 r
136 1125 170 1169 an
184 1108 310 1172 sufficiat
323 1112 441 1172 tantlrm
457 1127 547 1172 noras
559 1107 668 1170 addere
682 1107 823 1189 reliquias
834 1109 984 1173 veteribus
998 1113 1062 1176 reli·

103 1217 115 1253 a
135 1197 209 1278 quiis
222 1200 253 1260 in
268 1199 429 1280 sepulchro
443 1198 583 1272 inclusis,
594 1205 623 1260 et
630 1197 854 1262 authenticitate
871 1201 1060 1284 carentibus,

102 1305 115 1341 s
135 1293 161 1347 at
174 1287 304 1366 sigillum
320 1287 460 1369 Episcopi
474 1287 642 1369 apponere?

134 1395 150 1434 a
170 1377 257 1458 llesp.
272 1375 319 1438 lld
335 1381 390 1439 l¹¹¹¹¹
404 1375 549 1457 -quoad
561 1377 688 1458 primam
698 1382 829 1458 partem,
839 1378 988 1462 nepotiod,
1003 1380 1061 1444 nisi

101 1481 115 1518 n
134 1461 255 1526 fractum
268 1465 308 1526 sit
321 1465 533 1546 sepulchrum,
548 1463 595 1526 vel
608 1466 673 1543 ejus
686 1465 862 1546 operculum
875 1515 884 1545 ,
905 1476 957 1530 aut
971 1469 1061 1530 etiam

102 1571 115 1608 r
134 1552 339 1632 solummodo,
360 1555 384 1616 si
400 1553 456 1616 hoc
469 1560 605 1615 amotum
618 1552 708 1616 fuerit
718 1555 881 1637 ;-quoad
895 1557 1059 1638 aecundam

102 1659 115 1696 a
135 1650 266 1722 partem,
282 1641 436 1724 provisum
450 1642 481 1704 in
496 1643 604 1724 prima.

134 1749 149 1787 a
171 1729 214 1790 hd
228 1729 438 1811 arc-quoad
447 1731 576 1812 primam
591 1735 717 1812 partem,
733 1731 887 1812 provisum
898 1732 929 1793 in
940 1733 1059 1814 primo;

101 1837 115 1874 r
135 1819 275 1900 -quoad
287 1819 465 1897 secundam,
477 1838 632 1900 uunquam
645 1819 733 1880 licere
747 1827 844 1881 certas
853 1821 906 1881 SS.
920 1823 1062 1902 reliquias

102 1905 226 1970 rduhiis
240 1908 430 1984 immiscere,
453 1926 489 1970 ac
510 1907 602 1969 semel
623 1909 759 1968 execrata
778 1909 849 1982 ard,
870 1909 915 1970 vel
935 1908 993 1972 lixa
1016 1911 1062 1974 vel

102 2013 113 2050 r
133 1995 253 2076 mobili,
283 2013 321 2060 err
342 1996 499 2059 communi
523 1997 614 2077 iure,
637 1997 714 2058 nova
739 1995 874 2079 indigere
901 2015 1062 2064 consecra·

101 2084 218 2149 atione.
240 2107 260 2148 ι

132 2175 216 2238 loeo.
227 2178 322 2238 Juxta
335 2173 396 2237 hoc
408 2177 587 2253 Decretum,
602 2173 734 2256 sigillum
748 2173 917 2258 episcopale
932 2196 995 2239 non
1016 2185 1061 2244 est

101 2262 162 2341 quid
170 2263 330 2328 essentiale
339 2264 555 2327 consecrationi
563 2264 678 2341 altaris3
691 2264 771 2328 unde
782 2283 842 2328 non
852 2267 961 2328 amittit
973 2287 1060 2332 suam

100 2355 350 2416 mnsccrationem
367 2371 404 2414 ex
424 2353 490 2433 eius
509 2351 652 2416 fractione
677 2354 734 2416 uisi
761 2353 849 2417 simul
873 2355 911 2417 sit
930 2355 1060 2420 fractum

100 2443 302 2521 sepulchrum,
316 2441 362 2503 vel
376 2443 442 2521 ejus
455 2443 654 2524 operculum,
670 2443 822 2506 autetiam
838 2443 862 2504 si
878 2443 955 2507 istud
970 2465 1058 2527 oper-

99 2530 192 2594 culum
215 2537 354 2594 amotum
377 2529 485 2607 fuerit3
500 2530 626 2612 proinde
650 2531 681 2593 in
707 2550 779 2594 casu
799 2530 951 2595 fractionis
969 2535 1059 2616 sigilli

100 2620 291 2703 episcopalis,
305 2619 330 2681 si
345 2637 381 2682 ex
393 2619 538 2683 continuo
552 2639 610 2683 usu
623 2619 668 2682 vel
682 2621 767 2682 aliter
784 2622 866 2683 certd
886 2631 1001 2684 constet
1013 2624 1058 2686 al·

99 2710 154 2769 lare
170 2709 272 2772 debite
286 2726 352 2772 esse
364 2716 593 2785 consecratum,
615 2726 677 2770 non
697 2715 742 2770 est
760 2707 863 2769 denud
880 2727 1059 2773 consecran-

98 2793 183 2875 dum3
197 2814 288 2862 secus
301 2803 420 2876 autem,
435 2797 548 2880 indiget
557 2795 794 2873 consecratione,
805 2795 927 2875 quando
937 2813 1057 2879 nempe,

97 2882 187 2948 deleto
199 2885 377 2967 huiusmodi
390 2885 506 2968 sigillo,
520 2885 673 2948 noncerth
685 2891 801 2947 constat
815 2903 869 2967 per
880 2887 1060 2951 continuum

98 2989 179 3037 rasum
194 2975 288 3039 fuisse
300 2975 374 3038 olim
386 2981 706 3057 consecratum,prout
718 2991 748 3034 r.
763 2993 794 3056 g.
810 2973 835 3036 si
848 2973 940 3037 altare
954 2973 1059 3039 fuisset

100 3060 205 3128 llaleis
220 3073 390 3146 servatum,
403 3071 456 3129 aut
476 3064 607 3145 legitime
626 3081 687 3126 non
708 3069 859 3127 constaret
871 3063 1012 3146 reliquias
1027 3067 1058 3130 in

99 3167 131 3213 co
156 3151 247 3217 luisse
273 3159 425 3232 serratas;
454 3161 528 3216 tunc
551 3153 616 3216 sine
639 3151 777 3216 facultate
802 3155 970 3236 Apostolict
997 3174 1058 3238 nou

99 3251 192 3321 posset
204 3242 392 3306 reconciliari
405 3243 498 3305 altare
512 3242 683 3324 huiusmodi
701 3244 764 3305 sola
786 3245 966 3326 repositione
986 3247 1057 3310 reli·

99 3330 254 3408 quiarurn:
268 3339 370 3416 posset
382 3337 483 3396 tamen
498 3350 567 3396 cunr
581 3331 633 3394 tali
652 3331 811 3410 facultate,
835 3335 957 3396 serratis
969 3353 1058 3399 caere·

99 3421 204 3484 moniis
225 3419 430 3504 Pontificalir,
454 3428 544 3504 prout
569 3420 624 3484 fuit
650 3421 799 3484 indultum
830 3425 844 3484 t
877 3424 947 3485 maii
980 3429 1057 3490 toott

105 3505 139 3584 ir·
153 3511 245 3590 3255,
259 3529 308 3592 ap.
325 3511 480 3588 Gardelll.
496 3508 625 3573 l'idelle
641 3511 730 3572 Herdt
745 3523 825 3592 (pars
840 3515 872 3588 l,
889 3515 923 3573 n’
935 3515 996 3592 56).

134 3599 220 3664 6667.
234 3599 316 3666 Nota
329 3599 413 3684 quod
421 3601 447 3662 si
456 3599 623 3681 Episcopus
628 3599 707 3680 juste
716 3600 856 3662 dubitans
862 3619 902 3664 un
914 3601 1054 3664 violatum
