2474 3946
211 195 269 252 303
427 209 564 254 unumne
584 209 686 256 renus
705 211 788 256 rums
808 211 955 258 cruorum.

211 307 362 372 affinitatis
374 311 470 391 quarti
495 310 605 391 gradus
626 311 714 374 linere
732 310 924 385 collateralis,
949 312 1022 376 dum
1045 313 1170 392 econtra,

212 415 248 458 ex
263 399 320 460 alit
331 405 430 479 purte,
441 407 531 480 currui
545 399 611 462 Non
620 397 703 462 debet
716 400 807 462 modd
816 401 959 478 citatum,
974 402 1041 466 sind
1055 402 1172 468 ullldis·

212 487 377 564 tinctione,
393 491 566 568 pronuntiat
585 488 758 551 affinitatem
782 507 843 551 non
865 507 930 552 esse
943 491 1171 568 extendendam,

214 576 288 636 ultra
304 584 444 656 quartum
462 577 589 656 gradum
610 579 895 659 consanguinitatis3
911 580 1035 660 insuper
1048 580 1174 662 plerique

214 665 276 727 DD.
292 664 512 727 distinctionem
524 685 583 726 nen
597 665 710 729 faciunt
723 673 835 729 rectum
849 667 926 729 inter
940 675 970 730 et
983 669 1176 731 collateralem

215 753 337 816 lineam.
356 753 428 816 Vide
443 758 472 817 S.
490 755 609 836 Liguor.
628 755 694 834 (lib.
710 759 747 829 6,
761 764 794 816 n⁰
811 759 908 838 {063);
925 757 1038 820 Bened.
1054 755 1176 834 Xlllllir

215 843 305 926 Syn„
321 843 371 905 lib.
388 849 418 920 9,
430 863 496 926 cap.
510 849 562 921 tu,
579 854 612 906 n⁰
625 847 676 922 ll);
693 845 779 906 Curti.
796 845 991 926 Sogliullnet.
1005 845 1075 926 jur.
1088 846 1176 927 prin,

216 933 330 1013 §l83);
345 931 407 995 imd
422 952 477 995 nee
490 933 578 995 etium
592 933 748 1014 distinguit
761 934 874 996 Concil.
890 934 1024 997 Tridenl.
1040 937 1122 1012 (sess.
1132 936 1177 1008 ut,

216 1041 283 1102 cup.
299 1027 346 1100 l),
362 1024 412 1084 ubi
427 1022 500 1084 dicit
515 1043 522 1083 ι
542 1027 604 1084 uin
619 1023 809 1085 ulterioribus
824 1025 893 1086 verd
907 1023 1070 1104 gradibus,
1087 1021 1180 1086 statuit

216 1135 231 1170 u
255 1111 428 1189 hujusmodi
449 1111 622 1173 allinitutem
641 1112 867 1174 matrimonium
881 1119 985 1194 postea
997 1119 1181 1174 contractum

217 1221 232 1260 r
260 1219 320 1261 non
333 1200 485 1262 dirimere.
502 1223 516 1258 u
536 1200 617 1261 ldem
627 1200 699 1261 dicit
713 1201 744 1262 S.
757 1201 827 1262 Pius
840 1203 886 1274 V,
902 1201 932 1262 in
947 1202 1049 1262 Consi.
1065 1198 1115 1262 Ad
1129 1199 1180 1259 Re

217 1307 358 1351 monum:
379 1288 445 1350 vide
469 1288 588 1350 Gurdin.
610 1289 709 1369 Soglia
730 1288 801 1366 (loeo
818 1288 900 1350 modii
919 1289 1037 1368 citato).
1049 1323 1088 1336 -
1103 1287 1183 1353 Unde

217 1381 283 1440 tuld
297 1386 392 1458 potest
405 1377 499 1439 teneri
513 1377 684 1439 allinitatem
706 1395 767 1439 nen
789 1395 854 1440 esse
871 1378 1092 1441 extendendam
1112 1378 1183 1440 ultre

219 1475 358 1546 quartum
373 1467 510 1548 gradum,
526 1467 614 1529 etiem
630 1469 661 1527 in
676 1466 754 1528 linet
768 1471 859 1528 recti.

251 1561 339 1619 luet.
351 1559 468 1619 Dictum
476 1555 1186 1638 fuitesrcopuldromuli-purrdhaeccepuludebet

218 1665 284 1709 essc
299 1646 698 1728 perlectactonnsununata:
715 1644 772 1706 hoc
785 1656 900 1707 certum
914 1651 959 1706 est
972 1663 1008 1706 ex
1020 1652 1106 1726 purte
1120 1647 1184 1720 riri,

219 1754 256 1798 un
272 1745 373 1798 nutem
388 1737 556 1818 requiratur
566 1735 655 1796 etiam
666 1733 824 1796 seminatio
836 1752 874 1796 ex
888 1741 971 1815 porte
985 1731 1109 1798 seminae
1122 1753 1186 1796 eon·

219 1829 406 1902 trovertitur,
423 1833 456 1889 ut
469 1825 567 1887 videre
578 1833 622 1885 est
634 1821 713 1902 apud
729 1824 759 1884 S.
777 1821 910 1904 Lignum,
927 1823 977 1883 lib.
993 1827 1024 1898 6,
1041 1833 1074 1884 n⁰
1092 1827 1184 1898 turm

220 1917 270 1976 sed
287 1917 317 1976 in
331 1915 444 1992 dubio,
467 1911 712 1996 praesumendum
733 1918 779 1972 est
797 1910 958 1992 perlectum
981 1909 1073 1973 luisse
1096 1931 1186 1994 copu-
1220 1871 1221 1951 d

222 2005 278 2066 lam
292 2024 298 2064 :
315 2027 329 2060 n
344 2012 525 2084 quapropter
538 2001 562 2062 si
576 2003 621 2062 vir
634 2001 754 2076 coierit,
765 2007 794 2061 el
807 1999 922 2062 dubitet
934 2017 973 2061 en
986 2000 1186 2071 seminaverit,

219 2113 234 2149 ι
259 2093 304 2152 rel
326 2111 364 2153 an
386 2093 546 2165 intravere,
570 2089 678 2168 copule
700 2089 891 2169 praesumitur
906 2087 1077 2169 perlectae,
1096 2091 1189 2171 inquil
1219 2123 1220 2132 κ

220 2183 251 2242 S.
263 2181 436 2260 Lignorius;
453 2178 533 2240 idem
544 2178 685 2258 praesumi
700 2177 789 2239 debet
803 2177 834 2238 in
849 2177 976 2238 muliere
989 2178 1115 2257 quando
1130 2179 1188 2260 ipsu
1219 2151 1220 2203 ¹

219 2269 251 2330 in
265 2271 346 2331 coitu
355 2286 497 2349 magnam
510 2266 661 2347 experitur
670 2267 852 2347 voluptutem
862 2313 870 2340 ‚
880 2271 944 2327 esto
958 2265 1189 2328 seminationem

220 2377 282 2422 non
296 2359 454 2420 adverterit
463 2357 513 2434 (it
517 2360 538 2434 )
542 2353 978 2436 -Oriturnllinilnsexcopull
988 2355 1190 2435 quaebanetur
1218 2377 1219 2457 p

220 2468 290 2512 cum
305 2449 431 2510 muliere
445 2465 568 2528 prorsus
586 2443 677 2506 inviti
697 2463 734 2506 uc
752 2443 917 2518 renitente,
940 2450 992 2505 aut
1012 2444 1104 2506 etiam
1120 2445 1192 2507 dor-

220 2541 391 2604 mienteaut
403 2537 496 2600 ebrit.
506 2537 577 2617 Cap.
591 2534 817 2612 discretionem,
827 2530 861 2593 de
874 2550 906 2593 en
917 2532 1112 2614 quieopnovil
1126 2537 1218 2646 {So-

219 2630 291 2712 gliu‚
312 2627 417 2694 Ιιιιι.Ι
397 2647 465 2709 pur.
476 2625 574 2707 priv„
583 2623 689 2703 §luel

259 2723 348 2782 ⁴382.
366 2718 466 2790 Plura,
480 2721 514 2776 ut
523 2720 613 2795 patet
625 2715 753 2793 possunt
765 2711 891 2772 existere
905 2709 1057 2774 nffimtntrs
1069 2715 1191 2778 vincula

220 2811 297 2872 inter
307 2807 591 2886 eusdempersonas
602 2800 663 2862 sive
675 2819 705 2860 rn
715 2800 894 2862 eudemsrve
904 2800 1061 2864 indiverso
1071 2803 1190 2882 gradu

219 2899 369 2978 siquidem
384 2893 491 2975 aliquis
508 2891 605 2993 putuit
623 2889 734 2950 habere
751 2890 969 2952 commercium
983 2893 1106 2954 carnale
1122 2911 1190 2956 eum
1216 2891 1217 2963 t

219 2986 356 3067 pluribus
369 2981 603 3062 consanguineis
619 2977 740 3040 ulterius
753 2976 889 3057 ejusdem
898 2979 944 3042 vel
957 2978 1066 3043 diversi
1079 2983 1193 3063 gradus

219 3071 496 3155 cunsanguinilatis.

259 3165 347 3224 4283.
372 3163 442 3223 Haec
458 3165 559 3221 nutem
578 3157 667 3220 datur
679 3169 783 3239 regula
796 3175 852 3238 pro
865 3159 1077 3240 computandis
1091 3161 1192 3224 affini·
1215 3167 1216 3215 t

219 3253 286 3312 tatis
300 3250 465 3331 gradihus.
483 3248 541 3324 Qui
552 3266 703 3329 personam
727 3245 858 3327 aliquam
881 3247 1045 3312 carnaliter
1058 3253 1196 3330 coqueret

219 3339 324 3421 affinis
348 3345 390 3400 est
413 3337 499 3400 iltius
520 3336 738 3414 consonpuineis
758 3333 853 3398 eodem
876 3336 972 3418 produ
992 3357 1049 3421 que
1063 3358 1215 3430 perenm

221 3427 335 3512 counita
348 3436 390 3490 est
404 3427 489 3490 illius
501 3423 722 3504 consanguinea.
