2462 3972
202 205 259 268 868
421 225 558 272 amunta
578 224 678 271 rorrus
695 225 778 273 aunrs
798 227 946 274 onnomcr.

87 353 90 361 ·
203 322 380 386 monialium
403 323 673 405 congregationes,
702 325 766 388 imd
788 329 820 389 et
844 324 1001 389 nonnullae
1023 325 1166 402 mmmm,

202 411 303 493 plures
312 417 413 476 tamen
423 412 461 474 ab
472 412 522 477 illo
532 432 595 476 nou
604 427 810 496 agnoscuntur
819 420 850 476 et
861 413 930 477 ided
941 415 1169 498 civiliterauqui·

203 517 268 564 rere
282 519 343 564 non
358 506 500 583 possunt:
515 501 580 574 vide
592 501 770 585 diotosupra
780 505 891 583 (2593);
905 522 964 567 nec
976 504 1072 567 etiarn
1081 505 1100 567 d
1109 503 1169 586 laga

201 589 277 653 uirili
292 596 498 672 agnoscuntur
510 590 781 655 confraternitates.

241 683 331 742 528l.
353 681 442 743 Juxta
456 687 555 743 autem
569 681 667 763 legem
681 681 820 757 civilem,
839 681 1022 748 donationes
1035 688 1068 745 et
1079 682 1171 764 legata

71 767 75 774 ’
202 769 345 832 Institutio
356 768 435 832 taeta
448 771 595 852 acceptari
608 769 718 832 debent
732 771 764 832 in
779 770 873 834 Gallia
885 790 893 833 ε
906 775 937 834 1·
950 771 991 833 ab
1005 772 1171 870 Episcopis.

202 857 325 940 quando
339 865 408 929 sunt
430 859 461 920 in
475 859 600 941 gratiam
621 877 734 922 meusae
747 859 946 942 episcopalis,
971 858 1020 921 rel
1033 859 1172 924 Eoueaae

202 947 402 1026 Cathedralis‚
417 948 462 1010 vel
477 948 730 1026 seminariorum3

243 1039 311 1098 2⁰A
327 1039 457 1114 Decerne,
473 1038 498 1098 si
512 1036 543 1099 in
560 1037 685 1118 gratiam
700 1039 828 1120 Capituli
843 1037 931 1116 fiant;

243 1129 276 1188 3⁰
292 1133 315 1187 Α
330 1127 459 1208 parocho
473 1134 524 1189 aut
545 1126 604 1188 alio
616 1126 746 1203 titulari,
763 1129 787 1190 si
808 1127 883 1191 fiant
901 1128 934 1190 in
948 1125 1085 1190 manaem
1098 1127 1172 1189 titali

204 1216 381 1298 parochialis
394 1217 454 1279 sive
469 1216 668 1278 inemeribilis
677 1217 737 1280 sive
746 1216 914 1280 amoribilis
925 1264 933 1295 ‚
946 1217 1040 1279 mam
1052 1216 1173 1298 capelle

204 1306 365 1380 rirarialis;

244 1396 274 1455 t⁰
289 1402 311 1455 Α
327 1395 511 1458 thesaurario
522 1394 662 1473 fabricae,
678 1396 702 1458 si
715 1396 796 1459 dona
809 1401 881 1459 sunt
893 1395 925 1456 in
939 1395 1069 1476 gratiam
1083 1393 1178 1457 eante·

203 1483 255 1546 siae
270 1490 320 1544 out
333 1483 452 1545 fabricae
466 1484 643 1566 paroehialis
656 1493 708 1548 aut
721 1501 776 1566 pro
789 1485 875 1548 cultu
887 1483 990 1548 divino
1003 1502 1014 1562 ;

244 1577 276 1634 5⁰
299 1575 324 1633 A
353 1573 514 1650 Superiora
538 1573 583 1634 vel
607 1573 808 1656 Superiorisst
831 1572 1081 1654 congregationis
1107 1572 1177 1635 reli·

204 1661 294 1742 giusae
307 1661 419 1724 sidona
430 1661 503 1724 fiant
516 1663 547 1723 in
562 1661 688 1743 gratiam
701 1661 836 1742 ejusdem
851 1661 1124 1742 Congregotionis:
1140 1662 1179 1722 ita

204 1757 258 1812 art.
275 1755 293 1812 2
315 1751 462 1813 Decretit
482 1769 546 1832 apr.
574 1755 649 1814 1817
668 1751 748 1833 quod
764 1751 821 1832 legi
844 1756 944 1832 potest
956 1749 1041 1831 apud
1053 1750 1178 1812 Dieulin

204 1839 309 1919 (Gur'de
323 1840 371 1902 das
394 1841 501 1918 Cures,
525 1860 555 1922 p.
579 1841 666 1920 116);
688 1839 754 1902 vide
773 1839 839 1919 (in,
862 1859 893 1922 p.
918 1841 989 1910 lli)
1013 1839 1179 1902 Decretum

204 1935 221 1989 7
237 1931 305 1991 annii
324 1933 400 1991 1818
411 1948 466 2010 pro
476 1947 547 2000 casu
557 1947 618 2010 quo
631 1928 758 1991 donator
767 1933 812 1990 est
824 1928 952 2011 ipsamet
965 1945 1100 2009 persona
1112 1947 1182 2010 qum

203 2016 379 2079 donationes
393 2025 423 2079 ot
436 2017 533 2097 legata
546 2017 688 2078 Institutis
700 2016 778 2080 facta
790 2015 880 2080 debet
891 2021 1063 2097 acceptare.

243 2109 331 2169 5282.
355 2106 486 2168 Praelatis
508 2105 738 2168 formalitatibus
766 2105 921 2186 subjacere
945 2122 1008 2166 non
1036 2105 1181 2168 videatur

202 2194 379 2256 donationes
394 2193 568 2271 annuales,
584 2193 697 2275 quippe
710 2213 748 2256 ex
766 2199 822 2256 art.
838 2197 915 2256 2279
929 2193 1052 2256 Codicis
1065 2195 1175 2268 ciuilia,

203 2283 351 2364 possessio
364 2301 467 2346 rerum
481 2282 638 2344 mobilium
649 2288 694 2344 est
705 2282 809 2344 titulus
817 2279 969 2344 sufficiens
979 2281 1019 2343 ad
1028 2282 1093 2345 illas
1103 2282 1173 2360 tegi·

202 2371 276 2434 time
293 2370 480 2448 retinendas3
496 2378 526 2434 et
537 2389 571 2433 ax
585 2377 640 2434 art.
657 2373 696 2433 38
710 2373 827 2433 Deerat.
843 2373 920 2433 1809
934 2371 1074 2434 Fabrieas
1082 2385 1170 2449 spec—

204 2463 312 2540 tantis,
338 2461 503 2523 oblationes
530 2460 595 2521 lieri
619 2463 748 2541 possunt
772 2459 804 2520 in
830 2457 957 2539 gratiam
980 2459 1182 2522 labnearum.

204 2553 345 2614 Attamen
354 2567 391 2613 er
405 2553 527 2612 Arresto
537 2549 634 2612 Curiae
643 2546 808 2629 Impar-iulis
819 2545 1025 2609 Parisiensis't
1035 2547 1189 2611 deoemb.

201 2645 297 2719 lasa,
308 2640 398 2703 etiam
411 2638 527 2702 donum
540 2633 699 2714 manuale,
712 2651 746 2699 ua
758 2639 796 2698 sit
808 2632 941 2698 ualidum
954 2635 1084 2716 quando
1096 2636 1138 2700 tit
1152 2637 1195 2702 in

204 2730 329 2812 gratiam
352 2725 480 2790 lnstituti
493 2725 635 2806 religiosi,
650 2723 765 2805 indiget
776 2722 921 2788 Gubernii
934 2723 1174 2806 approbatione
1186 2779 1197 2799 ,

203 2838 272 2901 quaa
285 2818 349 2880 dari
369 2825 470 2880 tamen
490 2819 586 2896 potest
599 2820 666 2896 post
683 2819 812 2875 mortem
822 2809 988 2874 donatoris.
1008 2812 1086 2876 Vide
1104 2815 1199 2878 Uari·

204 2927 267 2970 uers
280 2910 318 2970 23
331 2908 394 2987 J'an.
412 2907 500 2967 1853.
518 2901 644 2976 Quando
656 2901 727 2964 rard
737 2899 859 2962 donatio
877 2905 922 2962 est
933 2898 1021 2962 ualde
1035 2903 1201 2969 notabilis

204 2995 319 3056 ratione
333 2995 435 3056 habita
447 2992 574 3055 fortuna
587 3007 622 3052 ae
644 2988 815 3051 reddituum
828 2987 1000 3062 donatoris,
1015 2995 1050 3051 et
1062 2991 1204 3060 videam

206 3083 280 3144 iacta
293 3083 325 3143 in
339 3082 476 3145 fraudem
489 3081 574 3162 legia,
585 3085 615 3141 et
625 3085 659 3142 ut
667 3077 898 3158 subterfugiatur
911 3076 1112 3144 interventus
1122 3103 1208 3150 aue-

204 3171 329 3234 toritatis
341 3169 485 3252 publieae,
501 3167 621 3250 Gaudry
631 3167 734 3230 asserit
747 3165 936 3228 Gubernium
949 3165 1008 3227 sibi
1022 3185 1211 3243 reservare

205 3259 373 3320 facultatem
396 3275 464 3319 eam
486 3255 657 3320 nioderandi
676 3263 728 3318 aut
750 3253 840 3318 etiam
858 3252 1064 3318 rescindendi.
1096 3265 1213 3344 (Vide

208 3344 343 3405 Praelect.
358 3345 394 3406 S.
410 3343 556 3427 Salpini,
572 3356 605 3406 n⁹
619 3346 701 3422 543.)
952 3343 956 3350 '
