<?xml version="1.0" encoding="UTF-8"?>
<!DOCTYPE html PUBLIC "-//W3C//DTD XHTML 1.0 Transitional//EN"
    "http://www.w3.org/TR/xhtml1/DTD/xhtml1-transitional.dtd">
<html xmlns="http://www.w3.org/1999/xhtml" xml:lang="en" lang="en">
 <head>
  <title>
</title>
<meta http-equiv="Content-Type" content="text/html;charset=utf-8" />
  <meta name='ocr-system' content='tesseract 3.04.00' />
  <meta name='ocr-capabilities' content='ocr_page ocr_carea ocr_par ocr_line ocrx_word'/>
</head>
<body>
  <div class='ocr_page' id='page_1' title='image "./manualetotiusju00craigoog_0246.png"; bbox 0 0 2434 3940; ppageno 0'>
   <div class='ocr_carea' id='block_1_1' title="bbox 349 179 970 248">
    <p class='ocr_par' dir='ltr' id='par_1_1' title="bbox 349 179 970 248">
     <span class='ocr_line' id='line_1_1' title="bbox 349 179 970 248; baseline -0.01 0"><span class='ocrx_word' id='word_1_1' title='bbox 349 201 434 248; x_wconf 79' lang='lat' dir='ltr'>arara</span> <span class='ocrx_word' id='word_1_2' title='bbox 456 200 614 248; x_wconf 82' lang='lat' dir='ltr'>sacuuous.</span> <span class='ocrx_word' id='word_1_3' title='bbox 912 179 970 242; x_wconf 74' lang='lat'>239</span> 
     </span>
    </p>
   </div>
   <div class='ocr_carea' id='block_1_2' title="bbox 20 294 973 649">
    <p class='ocr_par' dir='ltr' id='par_1_2' title="bbox 20 294 973 649">
     <span class='ocr_line' id='line_1_2' title="bbox 41 294 969 376; baseline 0.003 -24"><span class='ocrx_word' id='word_1_4' title='bbox 41 294 142 360; x_wconf 76' lang='lat' dir='ltr'>delectas</span> <span class='ocrx_word' id='word_1_5' title='bbox 154 301 314 362; x_wconf 73' lang='lat' dir='ltr'>consensus</span> <span class='ocrx_word' id='word_1_6' title='bbox 328 299 358 361; x_wconf 93' lang='lat' dir='ltr'>in</span> <span class='ocrx_word' id='word_1_7' title='bbox 372 299 565 362; x_wconf 86' lang='lat' dir='ltr'>Matrimonio</span> <span class='ocrx_word' id='word_1_8' title='bbox 582 297 744 376; x_wconf 79' lang='lat' dir='ltr'>(Carridre,</span> <span class='ocrx_word' id='word_1_9' title='bbox 760 297 804 359; x_wconf 86' lang='lat' dir='ltr'>De</span> <span class='ocrx_word' id='word_1_10' title='bbox 819 295 969 370; x_wconf 69' lang='lat' dir='ltr'>Moerim„</span> 
     </span>
     <span class='ocr_line' id='line_1_3' title="bbox 20 377 973 470; baseline 0 -24"><span class='ocrx_word' id='word_1_11' title='bbox 20 439 21 442; x_wconf 69' lang='grc'>,</span> <span class='ocrx_word' id='word_1_12' title='bbox 43 377 145 462; x_wconf 59' lang='lat' dir='ltr'>settin</span> <span class='ocrx_word' id='word_1_13' title='bbox 158 387 200 448; x_wconf 82' lang='lat' dir='ltr'>rel</span> <span class='ocrx_word' id='word_1_14' title='bbox 214 388 244 448; x_wconf 81' lang='lat' dir='ltr'>in</span> <span class='ocrx_word' id='word_1_15' title='bbox 256 388 352 470; x_wconf 74' lang='lat' dir='ltr'>sacto,</span> <span class='ocrx_word' id='word_1_16' title='bbox 368 408 421 452; x_wconf 84' lang='lat' dir='ltr'>seu</span> <span class='ocrx_word' id='word_1_17' title='bbox 435 395 526 470; x_wconf 84' lang='lat' dir='ltr'>prout</span> <span class='ocrx_word' id='word_1_18' title='bbox 538 395 584 449; x_wconf 88' lang='lat' dir='ltr'>est</span> <span class='ocrx_word' id='word_1_19' title='bbox 597 387 715 448; x_wconf 75' lang='lat' dir='ltr'>nalitus</span> <span class='ocrx_word' id='word_1_20' title='bbox 736 405 925 468; x_wconf 76' lang='lat' dir='ltr'>permoneas,</span> <span class='ocrx_word' id='word_1_21' title='bbox 943 389 973 448; x_wconf 88' lang='lat' dir='ltr'>et</span> 
     </span>
     <span class='ocr_line' id='line_1_4' title="bbox 20 472 973 542; baseline 0.008 -14"><span class='ocrx_word' id='word_1_22' title='bbox 20 517 21 524; x_wconf 25' lang='lat' dir='ltr'>l</span> <span class='ocrx_word' id='word_1_23' title='bbox 43 472 69 532; x_wconf 76' lang='lat' dir='ltr'>aio</span> <span class='ocrx_word' id='word_1_24' title='bbox 78 475 261 542; x_wconf 81' lang='lat' dir='ltr'>consideratus</span> <span class='ocrx_word' id='word_1_25' title='bbox 274 477 481 540; x_wconf 85' lang='lat' dir='ltr'>estvinculum</span> <span class='ocrx_word' id='word_1_26' title='bbox 495 476 643 538; x_wconf 81' lang='lat' dir='ltr'><strong>resultans</strong></span> <span class='ocrx_word' id='word_1_27' title='bbox 658 493 695 536; x_wconf 84' lang='lat' dir='ltr'>ex</span> <span class='ocrx_word' id='word_1_28' title='bbox 709 473 800 536; x_wconf 87' lang='lat' dir='ltr'>modd</span> <span class='ocrx_word' id='word_1_29' title='bbox 813 473 894 538; x_wconf 90' lang='lat' dir='ltr'>dicto</span> <span class='ocrx_word' id='word_1_30' title='bbox 903 491 973 536; x_wconf 86' lang='lat' dir='ltr'>eon·</span> 
     </span>
     <span class='ocr_line' id='line_1_5' title="bbox 42 565 651 649; baseline 0.01 -30"><span class='ocrx_word' id='word_1_31' title='bbox 42 577 118 638; x_wconf 81' lang='lat' dir='ltr'>arrisu,</span> <span class='ocrx_word' id='word_1_32' title='bbox 130 570 232 628; x_wconf 85' lang='lat' dir='ltr'>statum</span> <span class='ocrx_word' id='word_1_33' title='bbox 248 565 440 649; x_wconf 82' lang='lat' dir='ltr'>conjugalem</span> <span class='ocrx_word' id='word_1_34' title='bbox 453 567 651 629; x_wconf 84' lang='lat' dir='ltr'>constituens.</span> 
     </span>
    </p>
   </div>
   <div class='ocr_carea' id='block_1_3' title="bbox 43 675 976 1206">
    <p class='ocr_par' dir='ltr' id='par_1_3' title="bbox 43 675 976 1206">
     <span class='ocr_line' id='line_1_6' title="bbox 68 675 973 760; baseline 0.004 -24"><span class='ocrx_word' id='word_1_35' title='bbox 68 676 136 737; x_wconf 73' lang='lat' dir='ltr'>Mill.</span> <span class='ocrx_word' id='word_1_36' title='bbox 157 711 193 723; x_wconf 93' lang='lat'><em>-</em></span> <span class='ocrx_word' id='word_1_37' title='bbox 212 681 244 738; x_wconf 73' lang='grc' dir='ltr'>2ο</span> <span class='ocrx_word' id='word_1_38' title='bbox 264 677 383 760; x_wconf 80' lang='lat' dir='ltr'>Triplex</span> <span class='ocrx_word' id='word_1_39' title='bbox 407 677 587 758; x_wconf 79' lang='lat' dir='ltr'>dtheologis</span> <span class='ocrx_word' id='word_1_40' title='bbox 610 683 639 740; x_wconf 86' lang='lat' dir='ltr'>et</span> <span class='ocrx_word' id='word_1_41' title='bbox 653 676 816 738; x_wconf 86' lang='lat' dir='ltr'>canonistis</span> <span class='ocrx_word' id='word_1_42' title='bbox 829 675 973 758; x_wconf 72' lang='lat' dir='ltr'>distingui</span> 
     </span>
     <span class='ocr_line' id='line_1_7' title="bbox 43 759 974 848; baseline 0.009 -28"><span class='ocrx_word' id='word_1_43' title='bbox 43 759 93 823; x_wconf 86' lang='lat' dir='ltr'>solet</span> <span class='ocrx_word' id='word_1_44' title='bbox 102 763 326 844; x_wconf 82' lang='lat' dir='ltr'>Matrimonium,</span> <span class='ocrx_word' id='word_1_45' title='bbox 341 766 479 829; x_wconf 86' lang='lat' dir='ltr'>videlieet</span> <span class='ocrx_word' id='word_1_46' title='bbox 494 786 502 827; x_wconf 75' lang='grc' dir='ltr'><strong><em>ε</em></strong></span> <span class='ocrx_word' id='word_1_47' title='bbox 516 765 694 848; x_wconf 68' lang='lat' dir='ltr'>leonianam,</span> <span class='ocrx_word' id='word_1_48' title='bbox 710 763 792 846; x_wconf 89' lang='lat' dir='ltr'>quod</span> <span class='ocrx_word' id='word_1_49' title='bbox 806 765 974 828; x_wconf 81' lang='lat' dir='ltr'>secundum</span> 
     </span>
     <span class='ocr_line' id='line_1_8' title="bbox 43 847 975 938; baseline 0.003 -26"><span class='ocrx_word' id='word_1_50' title='bbox 43 847 131 928; x_wconf 64' lang='lat' dir='ltr'>innuet</span> <span class='ocrx_word' id='word_1_51' title='bbox 140 855 187 933; x_wconf 87' lang='lat' dir='ltr'>jus</span> <span class='ocrx_word' id='word_1_52' title='bbox 207 857 344 938; x_wconf 83' lang='lat' dir='ltr'>gentium</span> <span class='ocrx_word' id='word_1_53' title='bbox 358 855 543 918; x_wconf 80' lang='lat' dir='ltr'>celebratum</span> <span class='ocrx_word' id='word_1_54' title='bbox 561 861 623 933; x_wconf 86' lang='lat' dir='ltr'>ast,</span> <span class='ocrx_word' id='word_1_55' title='bbox 639 859 669 916; x_wconf 93' lang='lat' dir='ltr'>et</span> <span class='ocrx_word' id='word_1_56' title='bbox 688 853 747 916; x_wconf 85' lang='lat' dir='ltr'>tale</span> <span class='ocrx_word' id='word_1_57' title='bbox 767 854 865 916; x_wconf 86' lang='lat' dir='ltr'>vocari</span> <span class='ocrx_word' id='word_1_58' title='bbox 881 860 975 934; x_wconf 87' lang='lat' dir='ltr'>potest</span> 
     </span>
     <span class='ocr_line' id='line_1_9' title="bbox 43 939 976 1022; baseline 0.009 -26"><span class='ocrx_word' id='word_1_59' title='bbox 43 939 104 1001; x_wconf 79' lang='lat' dir='ltr'>etiarn</span> <span class='ocrx_word' id='word_1_60' title='bbox 129 943 200 1006; x_wconf 89' lang='lat' dir='ltr'>inter</span> <span class='ocrx_word' id='word_1_61' title='bbox 220 944 358 1007; x_wconf 84' lang='lat' dir='ltr'>infideles</span> <span class='ocrx_word' id='word_1_62' title='bbox 380 951 586 1020; x_wconf 66' lang='lat' dir='ltr'>contractum</span> <span class='ocrx_word' id='word_1_63' title='bbox 617 952 733 1021; x_wconf 84' lang='lat' dir='ltr'>rotam,</span> <span class='ocrx_word' id='word_1_64' title='bbox 767 941 850 1022; x_wconf 90' lang='lat' dir='ltr'>quod</span> <span class='ocrx_word' id='word_1_65' title='bbox 881 959 976 1004; x_wconf 84' lang='lat' dir='ltr'>saara-</span> 
     </span>
     <span class='ocr_line' id='line_1_10' title="bbox 43 1029 975 1109; baseline 0.008 -24"><span class='ocrx_word' id='word_1_66' title='bbox 43 1037 114 1092; x_wconf 81' lang='lat' dir='ltr'>nenlo</span> <span class='ocrx_word' id='word_1_67' title='bbox 126 1029 187 1095; x_wconf 88' lang='lat' dir='ltr'>lidei</span> <span class='ocrx_word' id='word_1_68' title='bbox 208 1033 288 1096; x_wconf 87' lang='lat' dir='ltr'>inter</span> <span class='ocrx_word' id='word_1_69' title='bbox 303 1033 407 1096; x_wconf 82' lang='lat' dir='ltr'>fideles</span> <span class='ocrx_word' id='word_1_70' title='bbox 428 1032 641 1096; x_wconf 80' lang='lat' dir='ltr'>confirmatum</span> <span class='ocrx_word' id='word_1_71' title='bbox 662 1037 725 1109; x_wconf 80' lang='lat' dir='ltr'>esl3</span> <span class='ocrx_word' id='word_1_72' title='bbox 749 1039 975 1092; x_wconf 82' lang='lat' dir='ltr'>consummatum</span> 
     </span>
     <span class='ocr_line' id='line_1_11' title="bbox 43 1117 723 1206; baseline 0.015 -32"><span class='ocrx_word' id='word_1_73' title='bbox 43 1117 129 1180; x_wconf 88' lang='lat' dir='ltr'>landem</span> <span class='ocrx_word' id='word_1_74' title='bbox 142 1122 220 1204; x_wconf 88' lang='lat' dir='ltr'>quod</span> <span class='ocrx_word' id='word_1_75' title='bbox 234 1123 348 1186; x_wconf 84' lang='lat' dir='ltr'>carnali</span> <span class='ocrx_word' id='word_1_76' title='bbox 364 1123 472 1206; x_wconf 77' lang='lat' dir='ltr'>copula</span> <span class='ocrx_word' id='word_1_77' title='bbox 487 1129 532 1184; x_wconf 92' lang='lat' dir='ltr'>est</span> <span class='ocrx_word' id='word_1_78' title='bbox 545 1121 723 1204; x_wconf 81' lang='lat' dir='ltr'>perfeetum.</span> 
     </span>
    </p>
   </div>
   <div class='ocr_carea' id='block_1_4' title="bbox 20 1219 978 2015">
    <p class='ocr_par' dir='ltr' id='par_1_4' title="bbox 42 1219 977 1396">
     <span class='ocr_line' id='line_1_12' title="bbox 66 1219 977 1307; baseline 0.008 -26"><span class='ocrx_word' id='word_1_79' title='bbox 66 1219 98 1282; x_wconf 90' lang='lat' dir='ltr'>lle</span> <span class='ocrx_word' id='word_1_80' title='bbox 112 1221 162 1287; x_wconf 77' lang='lat' dir='ltr'>hae</span> <span class='ocrx_word' id='word_1_81' title='bbox 179 1223 374 1298; x_wconf 83' lang='lat' dir='ltr'>distinctione</span> <span class='ocrx_word' id='word_1_82' title='bbox 387 1226 512 1287; x_wconf 82' lang='lat' dir='ltr'>uerbum</span> <span class='ocrx_word' id='word_1_83' title='bbox 536 1225 621 1302; x_wconf 85' lang='lat' dir='ltr'>lacit,</span> <span class='ocrx_word' id='word_1_84' title='bbox 636 1233 771 1307; x_wconf 81' lang='lat' dir='ltr'>exparte</span> <span class='ocrx_word' id='word_1_85' title='bbox 790 1225 915 1304; x_wconf 78' lang='lat' dir='ltr'>saitem,</span> <span class='ocrx_word' id='word_1_86' title='bbox 931 1229 977 1288; x_wconf 92' lang='lat' dir='ltr'>ln·</span> 
     </span>
     <span class='ocr_line' id='line_1_13' title="bbox 42 1313 975 1396; baseline 0.01 -27"><span class='ocrx_word' id='word_1_87' title='bbox 42 1319 128 1374; x_wconf 82' lang='lat' dir='ltr'>nocent.</span> <span class='ocrx_word' id='word_1_88' title='bbox 150 1316 206 1390; x_wconf 85' lang='grc' dir='ltr'>ΙΙΙ,</span> <span class='ocrx_word' id='word_1_89' title='bbox 221 1333 290 1396; x_wconf 84' lang='lat' dir='ltr'>oap.</span> <span class='ocrx_word' id='word_1_90' title='bbox 319 1315 451 1391; x_wconf 81' lang='lat' dir='ltr'>anntd,</span> <span class='ocrx_word' id='word_1_91' title='bbox 468 1313 502 1376; x_wconf 84' lang='lat' dir='ltr'>de</span> <span class='ocrx_word' id='word_1_92' title='bbox 518 1314 681 1390; x_wconf 65' lang='lat' dir='ltr'>Diuorum,</span> <span class='ocrx_word' id='word_1_93' title='bbox 697 1314 749 1377; x_wconf 89' lang='lat' dir='ltr'>ubi</span> <span class='ocrx_word' id='word_1_94' title='bbox 769 1315 865 1378; x_wconf 90' lang='lat' dir='ltr'>dicit:</span> <span class='ocrx_word' id='word_1_95' title='bbox 885 1339 900 1375; x_wconf 83' lang='lat' dir='ltr'>u</span> <span class='ocrx_word' id='word_1_96' title='bbox 914 1316 975 1378; x_wconf 83' lang='lat' dir='ltr'>Etsi</span> 
     </span>
    </p>

    <p class='ocr_par' dir='ltr' id='par_1_5' title="bbox 20 1401 978 1928">
     <span class='ocr_line' id='line_1_14' title="bbox 20 1401 976 1478; baseline 0.008 -20"><span class='ocrx_word' id='word_1_97' title='bbox 20 1421 21 1424; x_wconf 41' lang='lat'>¹</span> <span class='ocrx_word' id='word_1_98' title='bbox 41 1419 50 1450; x_wconf 78' lang='lat' dir='ltr'>r</span> <span class='ocrx_word' id='word_1_99' title='bbox 67 1401 269 1466; x_wconf 81' lang='lat' dir='ltr'>matrimonium</span> <span class='ocrx_word' id='word_1_100' title='bbox 289 1421 395 1466; x_wconf 86' lang='lat' dir='ltr'>verum</span> <span class='ocrx_word' id='word_1_101' title='bbox 409 1404 487 1466; x_wconf 80' lang='lat' dir='ltr'>inter</span> <span class='ocrx_word' id='word_1_102' title='bbox 501 1402 636 1464; x_wconf 83' lang='lat' dir='ltr'>infideles</span> <span class='ocrx_word' id='word_1_103' title='bbox 657 1404 778 1478; x_wconf 81' lang='lat' dir='ltr'>existat,</span> <span class='ocrx_word' id='word_1_104' title='bbox 796 1411 976 1467; x_wconf 86' lang='lat' dir='ltr'>nontamen</span> 
     </span>
     <span class='ocr_line' id='line_1_15' title="bbox 20 1491 974 1576; baseline 0.008 -29"><span class='ocrx_word' id='word_1_105' title='bbox 20 1565 22 1576; x_wconf 28' lang='grc' dir='ltr'>Ι</span> <span class='ocrx_word' id='word_1_106' title='bbox 41 1510 49 1538; x_wconf 69' lang='grc' dir='ltr'>ν</span> <span class='ocrx_word' id='word_1_107' title='bbox 65 1495 98 1548; x_wconf 82' lang='lat' dir='ltr'>at</span> <span class='ocrx_word' id='word_1_108' title='bbox 108 1501 198 1554; x_wconf 85' lang='lat' dir='ltr'>rotam</span> <span class='ocrx_word' id='word_1_109' title='bbox 212 1513 223 1554; x_wconf 90' lang='grc'>.·</span> <span class='ocrx_word' id='word_1_110' title='bbox 237 1494 318 1554; x_wconf 85' lang='lat' dir='ltr'>inter</span> <span class='ocrx_word' id='word_1_111' title='bbox 331 1491 435 1554; x_wconf 87' lang='lat' dir='ltr'>fideles</span> <span class='ocrx_word' id='word_1_112' title='bbox 461 1499 561 1554; x_wconf 91' lang='lat' dir='ltr'>aulem</span> <span class='ocrx_word' id='word_1_113' title='bbox 576 1511 674 1552; x_wconf 85' lang='lat' dir='ltr'>nerum</span> <span class='ocrx_word' id='word_1_114' title='bbox 688 1501 717 1554; x_wconf 85' lang='lat' dir='ltr'>et</span> <span class='ocrx_word' id='word_1_115' title='bbox 737 1502 835 1554; x_wconf 85' lang='lat' dir='ltr'>ratum</span> <span class='ocrx_word' id='word_1_116' title='bbox 862 1495 974 1572; x_wconf 86' lang='lat' dir='ltr'>existit,</span> 
     </span>
     <span class='ocr_line' id='line_1_16' title="bbox 20 1579 978 1662; baseline 0.007 -25"><span class='ocrx_word' id='word_1_117' title='bbox 20 1603 21 1606; x_wconf 39' lang='lat'>¹</span> <span class='ocrx_word' id='word_1_118' title='bbox 40 1595 49 1628; x_wconf 84' lang='lat' dir='ltr'>r</span> <span class='ocrx_word' id='word_1_119' title='bbox 65 1579 119 1656; x_wconf 79' lang='lat' dir='ltr'>quia</span> <span class='ocrx_word' id='word_1_120' title='bbox 130 1589 350 1644; x_wconf 78' lang='lat' dir='ltr'>sacramentum</span> <span class='ocrx_word' id='word_1_121' title='bbox 362 1580 429 1643; x_wconf 87' lang='lat' dir='ltr'>lidei</span> <span class='ocrx_word' id='word_1_122' title='bbox 445 1580 526 1662; x_wconf 83' lang='lat' dir='ltr'>quod</span> <span class='ocrx_word' id='word_1_123' title='bbox 542 1581 634 1642; x_wconf 90' lang='lat' dir='ltr'>semel</span> <span class='ocrx_word' id='word_1_124' title='bbox 650 1587 694 1642; x_wconf 87' lang='lat' dir='ltr'>est</span> <span class='ocrx_word' id='word_1_125' title='bbox 707 1581 889 1658; x_wconf 73' lang='lat' dir='ltr'>admissum,</span> <span class='ocrx_word' id='word_1_126' title='bbox 903 1601 978 1644; x_wconf 88' lang='lat' dir='ltr'>nuu-</span> 
     </span>
     <span class='ocr_line' id='line_1_17' title="bbox 40 1669 974 1748; baseline 0.004 -22"><span class='ocrx_word' id='word_1_127' title='bbox 40 1683 48 1716; x_wconf 69' lang='grc' dir='ltr'>ν</span> <span class='ocrx_word' id='word_1_128' title='bbox 63 1671 299 1746; x_wconf 75' lang='lat' dir='ltr'>quamamittilur‚</span> <span class='ocrx_word' id='word_1_129' title='bbox 310 1669 363 1732; x_wconf 88' lang='lat' dir='ltr'>sed</span> <span class='ocrx_word' id='word_1_130' title='bbox 372 1679 469 1732; x_wconf 88' lang='lat' dir='ltr'>ratum</span> <span class='ocrx_word' id='word_1_131' title='bbox 479 1669 568 1732; x_wconf 86' lang='lat' dir='ltr'>efficit</span> <span class='ocrx_word' id='word_1_132' title='bbox 576 1669 974 1748; x_wconf 77' lang='lat' dir='ltr'>conjugiisanramentum.»</span> 
     </span>
     <span class='ocr_line' id='line_1_18' title="bbox 40 1751 978 1829; baseline 0.006 -17"><span class='ocrx_word' id='word_1_133' title='bbox 40 1751 89 1814; x_wconf 83' lang='lat' dir='ltr'>lida</span> <span class='ocrx_word' id='word_1_134' title='bbox 105 1758 187 1820; x_wconf 89' lang='lat' dir='ltr'>etiam</span> <span class='ocrx_word' id='word_1_135' title='bbox 210 1779 282 1822; x_wconf 84' lang='lat' dir='ltr'>ean.</span> <span class='ocrx_word' id='word_1_136' title='bbox 303 1763 342 1829; x_wconf 88' lang='grc'>6,</span> <span class='ocrx_word' id='word_1_137' title='bbox 359 1777 429 1820; x_wconf 90' lang='lat' dir='ltr'>sess.</span> <span class='ocrx_word' id='word_1_138' title='bbox 449 1763 487 1820; x_wconf 75' lang='lat' dir='ltr'>at</span> <span class='ocrx_word' id='word_1_139' title='bbox 511 1760 602 1819; x_wconf 88' lang='lat' dir='ltr'>Cone.</span> <span class='ocrx_word' id='word_1_140' title='bbox 626 1757 760 1819; x_wconf 84' lang='lat' dir='ltr'>Trident.</span> <span class='ocrx_word' id='word_1_141' title='bbox 787 1761 852 1818; x_wconf 87' lang='lat' dir='ltr'>Mon</span> <span class='ocrx_word' id='word_1_142' title='bbox 876 1767 978 1819; x_wconf 88' lang='lat' dir='ltr'>tamen</span> 
     </span>
     <span class='ocr_line' id='line_1_19' title="bbox 38 1845 978 1928; baseline 0.009 -28"><span class='ocrx_word' id='word_1_143' title='bbox 38 1846 186 1909; x_wconf 78' lang='lat' dir='ltr'>concordant</span> <span class='ocrx_word' id='word_1_144' title='bbox 197 1850 264 1909; x_wconf 83' lang='lat' dir='ltr'><strong>DI).</strong></span> <span class='ocrx_word' id='word_1_145' title='bbox 280 1848 359 1910; x_wconf 86' lang='lat' dir='ltr'>cirea</span> <span class='ocrx_word' id='word_1_146' title='bbox 373 1865 496 1909; x_wconf 85' lang='lat' dir='ltr'>sensum</span> <span class='ocrx_word' id='word_1_147' title='bbox 510 1847 591 1908; x_wconf 89' lang='lat' dir='ltr'>vocis</span> <span class='ocrx_word' id='word_1_148' title='bbox 601 1854 720 1906; x_wconf 81' lang='lat' dir='ltr'>ratum.-</span> <span class='ocrx_word' id='word_1_149' title='bbox 731 1845 769 1908; x_wconf 86' lang='lat' dir='ltr'>da</span> <span class='ocrx_word' id='word_1_150' title='bbox 783 1864 844 1928; x_wconf 90' lang='lat' dir='ltr'>quo</span> <span class='ocrx_word' id='word_1_151' title='bbox 862 1847 978 1909; x_wconf 88' lang='lat' dir='ltr'>consuli</span> 
     </span>
    </p>

    <p class='ocr_par' dir='ltr' id='par_1_6' title="bbox 36 1937 591 2015">
     <span class='ocr_line' id='line_1_20' title="bbox 36 1937 591 2015; baseline 0.011 -23"><span class='ocrx_word' id='word_1_152' title='bbox 36 1941 107 2008; x_wconf 80' lang='lat' dir='ltr'>polest</span> <span class='ocrx_word' id='word_1_153' title='bbox 118 1937 271 2015; x_wconf 74' lang='lat' dir='ltr'>Carridre,</span> <span class='ocrx_word' id='word_1_154' title='bbox 289 1937 330 1999; x_wconf 88' lang='lat' dir='ltr'>De</span> <span class='ocrx_word' id='word_1_155' title='bbox 344 1937 494 2014; x_wconf 70' lang='lat' dir='ltr'>linurin,</span> <span class='ocrx_word' id='word_1_156' title='bbox 511 1949 546 1997; x_wconf 82' lang='lat' dir='ltr'>n⁰</span> <span class='ocrx_word' id='word_1_157' title='bbox 560 1940 591 1998; x_wconf 78' lang='lat' dir='ltr'>ll.</span> 
     </span>
    </p>
   </div>
   <div class='ocr_carea' id='block_1_5' title="bbox 32 2041 978 2640">
    <p class='ocr_par' dir='ltr' id='par_1_7' title="bbox 32 2041 978 2640">
     <span class='ocr_line' id='line_1_21' title="bbox 62 2041 978 2124; baseline 0.009 -26"><span class='ocrx_word' id='word_1_158' title='bbox 62 2041 135 2104; x_wconf 75' lang='lat' dir='ltr'>tter.</span> <span class='ocrx_word' id='word_1_159' title='bbox 155 2077 195 2090; x_wconf 92' lang='grc'><strong>-</strong></span> <span class='ocrx_word' id='word_1_160' title='bbox 215 2047 251 2107; x_wconf 81' lang='lat'>3⁰</span> <span class='ocrx_word' id='word_1_161' title='bbox 273 2043 418 2105; x_wconf 76' lang='lat' dir='ltr'>lirrdrunt</span> <span class='ocrx_word' id='word_1_162' title='bbox 447 2043 586 2106; x_wconf 77' lang='lat' dir='ltr'>Julianus</span> <span class='ocrx_word' id='word_1_163' title='bbox 613 2041 723 2122; x_wconf 83' lang='lat' dir='ltr'>Pelagii</span> <span class='ocrx_word' id='word_1_164' title='bbox 756 2041 921 2124; x_wconf 86' lang='lat' dir='ltr'>discipulus</span> <span class='ocrx_word' id='word_1_165' title='bbox 948 2050 978 2106; x_wconf 84' lang='lat' dir='ltr'>et</span> 
     </span>
     <span class='ocr_line' id='line_1_22' title="bbox 36 2124 974 2208; baseline 0.014 -25"><span class='ocrx_word' id='word_1_166' title='bbox 36 2124 161 2208; x_wconf 75' lang='lat' dir='ltr'>wiclefus,</span> <span class='ocrx_word' id='word_1_167' title='bbox 171 2132 303 2196; x_wconf 86' lang='lat' dir='ltr'>dicendo</span> <span class='ocrx_word' id='word_1_168' title='bbox 313 2132 404 2194; x_wconf 85' lang='lat' dir='ltr'>etiam</span> <span class='ocrx_word' id='word_1_169' title='bbox 418 2151 507 2195; x_wconf 90' lang='lat' dir='ltr'>usum</span> <span class='ocrx_word' id='word_1_170' title='bbox 519 2150 584 2193; x_wconf 87' lang='lat' dir='ltr'>esse</span> <span class='ocrx_word' id='word_1_171' title='bbox 593 2131 631 2194; x_wconf 87' lang='lat' dir='ltr'>de</span> <span class='ocrx_word' id='word_1_172' title='bbox 641 2131 768 2194; x_wconf 77' lang='lat' dir='ltr'>essentie</span> <span class='ocrx_word' id='word_1_173' title='bbox 777 2133 974 2196; x_wconf 82' lang='lat' dir='ltr'>Matrimonii:</span> 
     </span>
     <span class='ocr_line' id='line_1_23' title="bbox 36 2211 977 2304; baseline 0.005 -24"><span class='ocrx_word' id='word_1_174' title='bbox 36 2211 57 2272; x_wconf 80' lang='lat' dir='ltr'>id</span> <span class='ocrx_word' id='word_1_175' title='bbox 68 2228 165 2284; x_wconf 76' lang='lat' dir='ltr'>consul</span> <span class='ocrx_word' id='word_1_176' title='bbox 179 2241 217 2284; x_wconf 83' lang='lat' dir='ltr'>ex</span> <span class='ocrx_word' id='word_1_177' title='bbox 233 2223 266 2284; x_wconf 88' lang='lat' dir='ltr'>S.</span> <span class='ocrx_word' id='word_1_178' title='bbox 283 2222 460 2298; x_wconf 84' lang='lat' dir='ltr'>Ambrosio,</span> <span class='ocrx_word' id='word_1_179' title='bbox 476 2221 520 2283; x_wconf 86' lang='lat' dir='ltr'>De</span> <span class='ocrx_word' id='word_1_180' title='bbox 534 2221 635 2283; x_wconf 84' lang='lat' dir='ltr'>Instit.</span> <span class='ocrx_word' id='word_1_181' title='bbox 660 2219 868 2303; x_wconf 71' lang='lat' dir='ltr'>Vr&#39;rqinitatis.</span> <span class='ocrx_word' id='word_1_182' title='bbox 881 2224 977 2304; x_wconf 86' lang='lat' dir='ltr'>capite</span> 
     </span>
     <span class='ocr_line' id='line_1_24' title="bbox 36 2303 976 2392; baseline 0.01 -26"><span class='ocrx_word' id='word_1_183' title='bbox 36 2303 59 2378; x_wconf 83' lang='lat' dir='ltr'>t,</span> <span class='ocrx_word' id='word_1_184' title='bbox 77 2306 117 2369; x_wconf 88' lang='lat' dir='ltr'>ubi</span> <span class='ocrx_word' id='word_1_185' title='bbox 139 2310 212 2373; x_wconf 85' lang='lat' dir='ltr'>dicit</span> <span class='ocrx_word' id='word_1_186' title='bbox 235 2329 244 2371; x_wconf 77' lang='lat' dir='ltr'>a</span> <span class='ocrx_word' id='word_1_187' title='bbox 276 2331 293 2369; x_wconf 84' lang='lat' dir='ltr'>a</span> <span class='ocrx_word' id='word_1_188' title='bbox 317 2312 384 2372; x_wconf 89' lang='lat' dir='ltr'>Mon</span> <span class='ocrx_word' id='word_1_189' title='bbox 407 2309 562 2372; x_wconf 88' lang='lat' dir='ltr'>delloratio</span> <span class='ocrx_word' id='word_1_190' title='bbox 580 2309 756 2391; x_wconf 82' lang='lat' dir='ltr'>virginitatis</span> <span class='ocrx_word' id='word_1_191' title='bbox 783 2310 852 2373; x_wconf 89' lang='lat' dir='ltr'>iaoil</span> <span class='ocrx_word' id='word_1_192' title='bbox 873 2315 976 2392; x_wconf 84' lang='lat' dir='ltr'>eonju-</span> 
     </span>
     <span class='ocr_line' id='line_1_25' title="bbox 34 2396 974 2481; baseline 0.006 -27"><span class='ocrx_word' id='word_1_193' title='bbox 34 2411 44 2444; x_wconf 74' lang='lat' dir='ltr'>n</span> <span class='ocrx_word' id='word_1_194' title='bbox 62 2396 141 2475; x_wconf 80' lang='lat' dir='ltr'>giam,</span> <span class='ocrx_word' id='word_1_195' title='bbox 155 2399 209 2462; x_wconf 83' lang='lat' dir='ltr'>sod</span> <span class='ocrx_word' id='word_1_196' title='bbox 224 2400 323 2481; x_wconf 87' lang='lat' dir='ltr'>pactio</span> <span class='ocrx_word' id='word_1_197' title='bbox 337 2399 504 2480; x_wconf 77' lang='lat' dir='ltr'>coniugalis</span> <span class='ocrx_word' id='word_1_198' title='bbox 517 2419 546 2475; x_wconf 83' lang='grc'>»;</span> <span class='ocrx_word' id='word_1_199' title='bbox 558 2407 586 2462; x_wconf 92' lang='lat' dir='ltr'>et</span> <span class='ocrx_word' id='word_1_200' title='bbox 596 2400 673 2461; x_wconf 82' lang='lat' dir='ltr'>exS.</span> <span class='ocrx_word' id='word_1_201' title='bbox 686 2401 796 2462; x_wconf 87' lang='lat' dir='ltr'>loann.</span> <span class='ocrx_word' id='word_1_202' title='bbox 808 2399 974 2480; x_wconf 74' lang='lat' dir='ltr'>chrysost,</span> 
     </span>
     <span class='ocr_line' id='line_1_26' title="bbox 34 2477 975 2569; baseline 0.012 -30"><span class='ocrx_word' id='word_1_203' title='bbox 34 2477 109 2547; x_wconf 81' lang='lat' dir='ltr'>lonii.</span> <span class='ocrx_word' id='word_1_204' title='bbox 123 2491 179 2566; x_wconf 76' lang='lat'>32,</span> <span class='ocrx_word' id='word_1_205' title='bbox 198 2489 230 2548; x_wconf 85' lang='lat' dir='ltr'>in</span> <span class='ocrx_word' id='word_1_206' title='bbox 246 2487 370 2564; x_wconf 67' lang='lat' dir='ltr'>Mollia,</span> <span class='ocrx_word' id='word_1_207' title='bbox 389 2488 421 2550; x_wconf 92' lang='lat' dir='ltr'>in</span> <span class='ocrx_word' id='word_1_208' title='bbox 435 2507 497 2569; x_wconf 91' lang='lat' dir='ltr'>quo</span> <span class='ocrx_word' id='word_1_209' title='bbox 510 2487 600 2552; x_wconf 85' lang='lat' dir='ltr'>habet</span> <span class='ocrx_word' id='word_1_210' title='bbox 615 2506 623 2550; x_wconf 73' lang='grc' dir='ltr'><strong>ε</strong></span> <span class='ocrx_word' id='word_1_211' title='bbox 644 2488 900 2551; x_wconf 70' lang='lat' dir='ltr'>«Matrimonium</span> <span class='ocrx_word' id='word_1_212' title='bbox 914 2507 975 2550; x_wconf 91' lang='lat' dir='ltr'>non</span> 
     </span>
     <span class='ocr_line' id='line_1_27' title="bbox 32 2569 484 2640; baseline 0.011 -9"><span class='ocrx_word' id='word_1_213' title='bbox 32 2587 42 2624; x_wconf 73' lang='lat' dir='ltr'>r</span> <span class='ocrx_word' id='word_1_214' title='bbox 61 2569 117 2636; x_wconf 84' lang='lat' dir='ltr'>iacit</span> <span class='ocrx_word' id='word_1_215' title='bbox 128 2578 225 2639; x_wconf 84' lang='lat' dir='ltr'>coitus</span> <span class='ocrx_word' id='word_1_216' title='bbox 239 2577 292 2638; x_wconf 91' lang='lat' dir='ltr'>sed</span> <span class='ocrx_word' id='word_1_217' title='bbox 306 2577 453 2640; x_wconf 85' lang='lat' dir='ltr'>voluntas.</span> <span class='ocrx_word' id='word_1_218' title='bbox 468 2599 484 2636; x_wconf 77' lang='lat' dir='ltr'>a</span> 
     </span>
    </p>
   </div>
   <div class='ocr_carea' id='block_1_6' title="bbox 59 2681 976 2760">
    <p class='ocr_par' dir='ltr' id='par_1_8' title="bbox 59 2681 976 2760">
     <span class='ocr_line' id='line_1_28' title="bbox 59 2681 976 2760; baseline 0.002 -20"><span class='ocrx_word' id='word_1_219' title='bbox 59 2681 134 2743; x_wconf 70' lang='lat'>4082.</span> <span class='ocrx_word' id='word_1_220' title='bbox 156 2685 213 2747; x_wconf 83' lang='lat' dir='ltr'>lus</span> <span class='ocrx_word' id='word_1_221' title='bbox 235 2693 337 2746; x_wconf 88' lang='lat' dir='ltr'>autem</span> <span class='ocrx_word' id='word_1_222' title='bbox 364 2683 402 2746; x_wconf 86' lang='lat' dir='ltr'>ad</span> <span class='ocrx_word' id='word_1_223' title='bbox 426 2701 517 2746; x_wconf 91' lang='lat' dir='ltr'>usum</span> <span class='ocrx_word' id='word_1_224' title='bbox 539 2701 606 2746; x_wconf 82' lang='lat' dir='ltr'>esse</span> <span class='ocrx_word' id='word_1_225' title='bbox 632 2683 670 2746; x_wconf 90' lang='lat' dir='ltr'>da</span> <span class='ocrx_word' id='word_1_226' title='bbox 693 2681 823 2744; x_wconf 73' lang='lat' dir='ltr'>essentia</span> <span class='ocrx_word' id='word_1_227' title='bbox 844 2683 976 2760; x_wconf 77' lang='lat' dir='ltr'>conjugii</span> 
     </span>
    </p>
   </div>
   <div class='ocr_carea' id='block_1_7' title="bbox 30 2765 977 2924">
    <p class='ocr_par' dir='ltr' id='par_1_9' title="bbox 30 2765 977 2924">
     <span class='ocr_line' id='line_1_29' title="bbox 30 2765 977 2908; baseline 0.001 -79"><span class='ocrx_word' id='word_1_228' title='bbox 30 2765 93 2908; x_wconf 53' lang='grc' dir='ltr'>ξυεῐ</span> <span class='ocrx_word' id='word_1_229' title='bbox 111 2773 282 2836; x_wconf 84' lang='lat' dir='ltr'>eommunis</span> <span class='ocrx_word' id='word_1_230' title='bbox 295 2771 504 2853; x_wconf 84' lang='lat' dir='ltr'>theologorum</span> <span class='ocrx_word' id='word_1_231' title='bbox 527 2770 693 2850; x_wconf 86' lang='lat' dir='ltr'>sententia,</span> <span class='ocrx_word' id='word_1_232' title='bbox 706 2777 812 2834; x_wconf 88' lang='lat' dir='ltr'>contra</span> <span class='ocrx_word' id='word_1_233' title='bbox 833 2768 977 2832; x_wconf 85' lang='lat' dir='ltr'>Basiliam</span> 
     </span>
     <span class='ocr_line' id='line_1_30' title="bbox 47 2857 158 2924; baseline 0.099 -11"><span class='ocrx_word' id='word_1_234' title='bbox 47 2857 158 2924; x_wconf 85' lang='lat' dir='ltr'>antium.</span> 
     </span>
    </p>
   </div>
   <div class='ocr_carea' id='block_1_8' title="bbox 28 2961 976 3656">
    <p class='ocr_par' dir='ltr' id='par_1_10' title="bbox 28 2961 976 3656">
     <span class='ocr_line' id='line_1_31' title="bbox 52 2961 976 3046; baseline -0.002 -14"><span class='ocrx_word' id='word_1_235' title='bbox 52 2961 287 3039; x_wconf 78' lang='lat' dir='ltr'>Quomodorero,</span> <span class='ocrx_word' id='word_1_236' title='bbox 299 2965 331 3028; x_wconf 95' lang='lat' dir='ltr'>in</span> <span class='ocrx_word' id='word_1_237' title='bbox 341 2965 721 3039; x_wconf 76' lang='lat' dir='ltr'>illaoommunisententid,</span> <span class='ocrx_word' id='word_1_238' title='bbox 732 2965 976 3046; x_wconf 85' lang='lat' dir='ltr'>potueritverum</span> 
     </span>
     <span class='ocr_line' id='line_1_32' title="bbox 31 3050 973 3137; baseline 0.015 -33"><span class='ocrx_word' id='word_1_239' title='bbox 31 3050 133 3117; x_wconf 74' lang='lat' dir='ltr'>existere</span> <span class='ocrx_word' id='word_1_240' title='bbox 152 3055 378 3119; x_wconf 82' lang='lat' dir='ltr'>Matrimonium</span> <span class='ocrx_word' id='word_1_241' title='bbox 399 3057 476 3116; x_wconf 86' lang='lat' dir='ltr'>inter</span> <span class='ocrx_word' id='word_1_242' title='bbox 495 3057 528 3116; x_wconf 89' lang='lat' dir='ltr'>B.</span> <span class='ocrx_word' id='word_1_243' title='bbox 546 3056 669 3117; x_wconf 88' lang='lat' dir='ltr'>Mariam</span> <span class='ocrx_word' id='word_1_244' title='bbox 683 3061 713 3118; x_wconf 87' lang='lat' dir='ltr'>et</span> <span class='ocrx_word' id='word_1_245' title='bbox 733 3055 763 3116; x_wconf 89' lang='lat' dir='ltr'>S.</span> <span class='ocrx_word' id='word_1_246' title='bbox 788 3055 973 3137; x_wconf 84' lang='lat' dir='ltr'>losephum,</span> 
     </span>
     <span class='ocr_line' id='line_1_33' title="bbox 31 3136 975 3228; baseline 0.019 -36"><span class='ocrx_word' id='word_1_247' title='bbox 31 3136 79 3201; x_wconf 75' lang='lat' dir='ltr'>lile</span> <span class='ocrx_word' id='word_1_248' title='bbox 98 3161 263 3227; x_wconf 82' lang='lat' dir='ltr'>expensum</span> <span class='ocrx_word' id='word_1_249' title='bbox 285 3146 364 3228; x_wconf 87' lang='lat' dir='ltr'>apud</span> <span class='ocrx_word' id='word_1_250' title='bbox 378 3144 558 3224; x_wconf 82' lang='lat' dir='ltr'>Theologos‚</span> <span class='ocrx_word' id='word_1_251' title='bbox 575 3145 626 3225; x_wconf 90' lang='lat' dir='ltr'>qui</span> <span class='ocrx_word' id='word_1_252' title='bbox 648 3143 849 3207; x_wconf 82' lang='lat' dir='ltr'>communiter</span> <span class='ocrx_word' id='word_1_253' title='bbox 871 3145 975 3210; x_wconf 83' lang='lat' dir='ltr'>dieunt</span> 
     </span>
     <span class='ocr_line' id='line_1_34' title="bbox 30 3233 974 3314; baseline 0.012 -25"><span class='ocrx_word' id='word_1_254' title='bbox 30 3233 140 3301; x_wconf 73' lang='lat' dir='ltr'>noluisse</span> <span class='ocrx_word' id='word_1_255' title='bbox 157 3237 188 3296; x_wconf 86' lang='lat' dir='ltr'>B.</span> <span class='ocrx_word' id='word_1_256' title='bbox 206 3235 339 3304; x_wconf 82' lang='lat' dir='ltr'>Mariam,</span> <span class='ocrx_word' id='word_1_257' title='bbox 357 3234 446 3296; x_wconf 87' lang='lat' dir='ltr'>etiam</span> <span class='ocrx_word' id='word_1_258' title='bbox 462 3240 528 3314; x_wconf 85' lang='lat' dir='ltr'>post</span> <span class='ocrx_word' id='word_1_259' title='bbox 540 3233 715 3314; x_wconf 79' lang='lat' dir='ltr'>virginitatis</span> <span class='ocrx_word' id='word_1_260' title='bbox 729 3241 843 3308; x_wconf 83' lang='lat' dir='ltr'>votum,</span> <span class='ocrx_word' id='word_1_261' title='bbox 857 3233 974 3300; x_wconf 86' lang='lat' dir='ltr'>tradere</span> 
     </span>
     <span class='ocr_line' id='line_1_35' title="bbox 29 3322 973 3406; baseline 0.017 -32"><span class='ocrx_word' id='word_1_262' title='bbox 29 3331 71 3378; x_wconf 87' lang='lat' dir='ltr'>suo</span> <span class='ocrx_word' id='word_1_263' title='bbox 86 3325 202 3406; x_wconf 74' lang='lat' dir='ltr'>conjugi</span> <span class='ocrx_word' id='word_1_264' title='bbox 222 3325 272 3403; x_wconf 86' lang='lat' dir='ltr'>jus</span> <span class='ocrx_word' id='word_1_265' title='bbox 292 3322 484 3402; x_wconf 87' lang='lat' dir='ltr'>hujusmodi,</span> <span class='ocrx_word' id='word_1_266' title='bbox 506 3322 530 3383; x_wconf 89' lang='lat' dir='ltr'>si</span> <span class='ocrx_word' id='word_1_267' title='bbox 559 3324 641 3384; x_wconf 86' lang='lat' dir='ltr'>oertd</span> <span class='ocrx_word' id='word_1_268' title='bbox 658 3325 832 3403; x_wconf 78' lang='lat' dir='ltr'>cognoverit</span> <span class='ocrx_word' id='word_1_269' title='bbox 850 3341 886 3386; x_wconf 90' lang='lat' dir='ltr'>eo</span> <span class='ocrx_word' id='word_1_270' title='bbox 907 3325 973 3403; x_wconf 86' lang='lat' dir='ltr'>jure</span> 
     </span>
     <span class='ocr_line' id='line_1_36' title="bbox 28 3404 973 3493; baseline 0.006 -23"><span class='ocrx_word' id='word_1_271' title='bbox 28 3404 50 3466; x_wconf 87' lang='lat' dir='ltr'>S.</span> <span class='ocrx_word' id='word_1_272' title='bbox 59 3409 215 3493; x_wconf 77' lang='lat' dir='ltr'>losephum</span> <span class='ocrx_word' id='word_1_273' title='bbox 234 3431 293 3476; x_wconf 91' lang='lat' dir='ltr'>non</span> <span class='ocrx_word' id='word_1_274' title='bbox 309 3431 373 3475; x_wconf 85' lang='lat' dir='ltr'>esse</span> <span class='ocrx_word' id='word_1_275' title='bbox 386 3413 568 3475; x_wconf 78' lang='lat' dir='ltr'>usurumv.</span> <span class='ocrx_word' id='word_1_276' title='bbox 579 3411 743 3492; x_wconf 88' lang='lat' dir='ltr'>praesertim</span> <span class='ocrx_word' id='word_1_277' title='bbox 756 3412 830 3474; x_wconf 85' lang='lat' dir='ltr'>Ben.</span> <span class='ocrx_word' id='word_1_278' title='bbox 844 3414 907 3474; x_wconf 87' lang='lat' dir='ltr'>xlv</span> <span class='ocrx_word' id='word_1_279' title='bbox 918 3415 973 3491; x_wconf 83' lang='lat' dir='ltr'>(Da</span> 
     </span>
     <span class='ocr_line' id='line_1_37' title="bbox 29 3493 973 3582; baseline 0.003 -26"><span class='ocrx_word' id='word_1_280' title='bbox 29 3493 158 3576; x_wconf 70' lang='lat' dir='ltr'>Synlih.</span> <span class='ocrx_word' id='word_1_281' title='bbox 174 3507 221 3566; x_wconf 87' lang='grc' dir='ltr'>Ι3.</span> <span class='ocrx_word' id='word_1_282' title='bbox 237 3521 304 3582; x_wconf 82' lang='lat' dir='ltr'>cap.</span> <span class='ocrx_word' id='word_1_283' title='bbox 322 3505 360 3564; x_wconf 66' lang='grc' dir='ltr'>ΙΙ</span> <span class='ocrx_word' id='word_1_284' title='bbox 371 3547 379 3576; x_wconf 90' lang='grc'><em>,</em></span> <span class='ocrx_word' id='word_1_285' title='bbox 390 3509 424 3562; x_wconf 85' lang='lat' dir='ltr'>n⁰</span> <span class='ocrx_word' id='word_1_286' title='bbox 440 3503 594 3579; x_wconf 75' lang='lat' dir='ltr'>13).-An</span> <span class='ocrx_word' id='word_1_287' title='bbox 608 3507 708 3563; x_wconf 87' lang='lat' dir='ltr'>autem</span> <span class='ocrx_word' id='word_1_288' title='bbox 722 3500 865 3562; x_wconf 82' lang='lat' dir='ltr'>celebrari</span> <span class='ocrx_word' id='word_1_289' title='bbox 881 3501 973 3580; x_wconf 87' lang='lat' dir='ltr'>possit</span> 
     </span>
     <span class='ocr_line' id='line_1_38' title="bbox 29 3583 970 3656; baseline -0.007 -9"><span class='ocrx_word' id='word_1_290' title='bbox 29 3587 232 3656; x_wconf 83' lang='lat' dir='ltr'>nutrimonium</span> <span class='ocrx_word' id='word_1_291' title='bbox 237 3587 294 3654; x_wconf 87' lang='lat' dir='ltr'>sub</span> <span class='ocrx_word' id='word_1_292' title='bbox 300 3587 473 3653; x_wconf 82' lang='lat' dir='ltr'>conditione</span> <span class='ocrx_word' id='word_1_293' title='bbox 479 3583 970 3655; x_wconf 79' lang='lat' dir='ltr'>servandaecontinentiae‘louaeetia</span> 
     </span>
    </p>
   </div>
   <div class='ocr_carea' id='block_1_9' title="bbox 0 0 1222 3940">
    <p class='ocr_par' dir='ltr' id='par_1_11' title="bbox 0 0 1222 3940">
     <span class='ocr_line' id='line_1_39' title="bbox 0 0 1222 3940; baseline 0 0"><span class='ocrx_word' id='word_1_294' title='bbox 0 0 1222 3940; x_wconf 95' lang='lat' dir='ltr'> </span> 
     </span>
    </p>
   </div>
  </div>
 </body>
</html>
