2416 3954
373 217 458 280 Ι44444
479 221 635 268 44444444.
935 208 990 267 stt

51 319 172 397 lemnam,
186 337 253 400 quse
265 317 452 383 fieritantbm
466 319 554 382 debet
569 320 600 382 in
615 319 766 396 sacristid3
783 317 858 382 dum
873 317 994 381 Rimata

50 405 161 488 loquitur
172 407 207 470 de
221 413 410 490 quacumque
431 427 518 490 aquae
534 407 741 471 benedictione
755 427 823 490 quae
848 406 933 470 lieret
948 407 996 470 uel

49 496 74 555 in
83 498 231 560 Dominicis
244 498 288 558 vel
297 497 361 560 aliis
373 497 490 569 diebus,
503 517 633 579 quaequc
643 496 707 560 lieri
718 506 813 579 potest
824 517 861 560 44
874 497 992 560 [4444444

50 603 74 644 44
85 586 195 648 ecclesis
211 586 257 648 vel
270 586 301 648 in
316 587 449 650 sacristia
464 607 472 648 :
489 587 550 649 imb
563 605 599 650 es
615 585 781 650 rationabili
796 587 886 651 44444
901 589 992 650 etiam

49 676 288 738 extraecclesiam.
982 755 985 760 Ι

79 767 156 826 4485.
172 799 208 810 -
222 769 254 826 2⁰
275 766 309 828 ln
329 764 537 828 benedictione
556 783 642 848 aquae
662 764 797 828 adhiberi
823 772 920 848 potest
950 768 992 830 sal

49 853 224 915 exorcizatum
239 871 294 936 pro
316 853 523 916 benedictione
538 855 697 932 anteriori,
717 860 746 916 et
764 855 795 914 in
809 853 890 916 hunc
904 873 992 918 usum

48 948 185 1004 seruatam.
201 943 231 1004 S.
246 942 306 1004 ltit.
323 941 448 1024 Congr,
464 947 560 1026 Sapr.
579 946 671 1023 4448,
696 951 729 1004 4·
748 945 842 1020 3484,
857 943 938 1024 apud
952 947 994 1007 lle

47 1027 123 1090 llordt
136 1031 243 1113 (44444).
263 1081 266 1088 .

79 1123 156 1182 4486.
170 1156 205 1166 -
215 1125 246 1183 3·
263 1121 402 1202 44444444
418 1120 480 1184 beri
495 1112 584 1185 debet
593 1123 734 1186 omnibus
747 1121 913 1184 Dominicis
927 1129 995 1184 ante

46 1205 149 1270 missam
168 1211 383 1292 principalem,
400 1212 462 1272 siue
482 1211 546 1276 haec
560 1213 651 1274 missa
669 1213 843 1274 solemniter
860 1218 997 1272 cantetur

46 1295 96 1358 sire
110 1317 184 1374 non,
198 1301 315 1362 etiamsi
330 1300 500 1380 expositum
514 1310 592 1364 esset
606 1303 659 1365 SS.
676 1303 921 1374 Sacramentum,
939 1301 995 1362 nisi
1023 1383 1024 1386 Ἴ

45 1389 131 1448 tannen
144 1391 204 1469 ipse
219 1389 385 1471 Episcopus
398 1389 536 1460 celebret,
552 1392 622 1472 quia
632 1399 705 1453 tunc
714 1390 846 1470 aspersio
855 1397 900 1451 est
911 1392 997 1452 omit-

46 1475 131 1553 44444,
142 1479 222 1558 iuxta
235 1475 443 1543 Coeremoniolc
457 1479 488 1540 Ε
487 1480 674 1563 piscop.Vide
690 1482 732 1542 De
750 1479 842 1540 Herdl
855 1478 920 1555 (444,
934 1481 993 1560 tv).

78 1567 208 1647 Aspersio
222 1569 286 1629 lieri
301 1566 392 1628 debet
405 1587 458 1649 per
472 1569 692 1645 celebrantem,
709 1587 770 1630 non
784 1566 952 1649 penatium,
967 1575 998 1630 44

46 1655 247 1720 multominus
272 1674 325 1737 per
348 1655 528 1734 diaconum,
545 1677 607 1719 non
630 1657 767 1719 obstante
780 1657 997 1719 consuetudine

46 1745 265 1828 444444444444
275 1745 999 1827 potibscorruptelaestdicenda,cumsitoontra
1091 1815 1094 1820 ,

46 1831 162 1896 rubricas
175 1833 306 1897 dlissalis
319 1841 350 1896 44
364 1833 522 1896 Coeremoa.
535 1837 576 1896 lta
587 1837 618 1897 S.
631 1839 666 1896 44.
678 1835 802 1915 (longa,
814 1839 831 1896 5
838 1835 895 1914 jul.
909 1838 997 1913 4634,

47 1927 133 1985 44446
146 1928 178 2001 4;
193 1929 230 1986 47
249 1941 317 1985 444.
332 1927 421 2000 4634,
432 1927 467 1984 40
478 1928 533 1987 844
549 1945 556 2000 ;
574 1928 612 1986 44
624 1943 692 1986 nov.
703 1927 790 1997 4834,
808 1933 840 1984 4·
855 1928 931 1987 tosa
947 1929 995 1988 44.

46 2009 146 2074 44444444
166 2014 288 2096 quidem
308 2015 340 2074 in
367 2012 485 2074 Missali
505 2013 587 2095 quod
610 2013 686 2076 alius
710 2013 804 2095 possit
823 2011 999 2078 benedicere

46 2115 152 2180 aquam,
168 2121 228 2166 non
242 2101 324 2184 qudd
339 2101 415 2162 alius
430 2101 522 2182 possit
539 2121 707 2184 aspergere,
729 2109 760 2165 at
782 2101 860 2185 qaod
870 2103 999 2166 sacerdos

45 2189 226 2255 celebraturus
240 2190 358 2254 accedat
370 2189 411 2251 ad
428 2190 524 2253 attare
537 2191 575 2254 44
597 2193 802 2275 aspersionem
817 2191 997 2257 taciendam.

48 2277 110 2340 lide
125 2283 164 2344 lle
178 2282 284 2344 Herdt.

78 2373 160 2434 4484.
176 2371 322 2436 Sacerdos
335 2369 448 2434 iaciens
461 2371 682 2452 aspersionem,
698 2371 821 2432 indutus
834 2389 899 2432 4444
912 2368 1000 2433 debet

47 2459 161 2538 amictu,
176 2462 263 2536 alba,
278 2460 416 2542 cingulo,
431 2461 506 2522 stolt
519 2465 617 2542 aptata
629 2466 699 2522 4444
713 2467 817 2538 pectus
830 2458 861 2518 in
876 2459 1001 2520 modum

47 2550 146 2624 444444,
167 2557 199 2614 44
217 2549 338 2634 pluviali
362 2547 470 2611 coloris
491 2550 608 2627 missae,
625 2549 649 2610 si
673 2547 834 2620 habeatur;
857 2552 887 2607 44
900 2547 923 2606 44
939 2565 1001 2611 444

48 2632 194 2716 habeatur,
209 2658 280 2704 cum
295 2638 410 2702 ceteris
420 2638 484 2719 jam
497 2638 584 2700 dictis
597 2637 662 2699 4444
677 2633 832 2718 manipulo
845 2639 876 2696 44
889 2635 1001 2705 casula,

49 2724 93 2800 (lle
106 2729 214 2807 444444,
229 2728 317 2809 idid.)

80 2818 111 2878 ln
125 2819 292 2881 minoribus
305 2817 440 2882 ecclesiis
452 2817 505 2880 ubi
525 2815 616 2878 missa
629 2831 691 2876 non
706 2811 782 2874 solet
794 2809 924 2890 cantari,
939 2809 1003 2873 fleri

50 2904 232 2971 nihilominus
244 2907 333 2970 debet
346 2908 478 2990 aspersio
491 2923 594 2988 aque,
613 2902 740 2985 legendo
758 2899 862 2963 saltem
880 2917 916 2963 ea
936 2919 1005 2983 quae

49 2993 75 3055 in
86 2997 148 3060 aliis
160 2998 293 3061 ecclesiis
306 3005 476 3060 cantantur.
493 2999 546 3075 (lte
558 2993 668 3072 llerdt,
683 2991 770 3072 idid.)

81 3085 181 3148 Danda
193 3094 240 3150 est
251 3105 328 3170 aqua
339 3087 493 3149 benedicta
504 3103 557 3166 per
571 3083 786 3165 aspersionem,
798 3100 859 3145 non
872 3083 942 3144 verb
953 3101 1006 3164 per

48 3181 210 3239 contactum
225 3177 381 3258 aspersorii
395 3223 404 3254 ,
420 3176 476 3236 nisi
494 3181 599 3255 agatur
618 3172 655 3234 44
671 3172 828 3252 Episcopo
853 3174 883 3234 S.
908 3174 942 3232 44.
959 3174 1006 3248 tt,

48 3265 149 3346 tang.
175 3269 278 3344 4698,
301 3274 331 3328 44
358 3265 471 3350 pluries
491 3272 604 3348 postea.
628 3260 703 3324 Vide
729 3260 810 3342 apud
841 3263 884 3324 De
916 3261 1008 3323 444444

49 3351 173 3433 (ibidem,
189 3355 236 3430 V).

84 3447 170 3508 4488.
193 3445 282 3508 Juxta
294 3443 417 3520 llerali,
436 3445 580 3524 Princeps
594 3444 760 3524 Supremas
775 3445 802 3501 et
817 3439 1007 3520 principissa,

50 3529 77 3592 in
86 3531 148 3597 loco
160 3552 222 3600 444
230 3535 456 3614 jurisdictionis,
464 3541 646 3596 antoomnas
654 3531 728 3592 alios
737 3527 1008 3608 suntasperpemli;

51 3637 173 3710 magnus
192 3626 262 3691 4444
291 3625 435 3712 Princeps
459 3621 664 3708 aspergendus
691 3625 737 3682 444
762 3623 830 3704 post
861 3613 1012 3676 ministros
