2474 3946
421 257 742 332 menstruanus·
994 245 1052 306 100

89 337 285 435 12121),11101
302 357 556 460 impedimentum
575 374 639 419 non
654 373 719 420 essa
731 354 807 436 juris
820 353 911 419 divini
927 355 1054 434 (secluso

88 445 168 506 rotot.
190 445 387 518 Ouandonam
415 455 518 512 autem
539 445 695 528 incoeperit
712 461 778 508 esse
801 445 1053 548 impedimentum

88 529 233 614 dirimens,
249 555 311 599 non
324 538 414 620 pam
427 542 566 602 constat.
582 541 749 616 agnoscam
768 553 874 597 omnes
889 535 954 614 jam
967 537 1053 600 exsti·
1122 593 1125 598 .

88 618 148 683 iisse
163 627 298 728 tempore
317 625 442 690 tiorrcrlii
455 623 708 695 Lateranensisl
730 641 811 685 anno
832 627 925 686 1123·
916 643 1052 708 ,-apnos

88 713 292 814 compariter
280 716 380 816 Jamb
403 713 578 797 primordiis
601 709 743 774 Ecclesiae
773 711 936 793 prohibitas
960 711 1050 776 iuisse

88 799 241 878 nuptiasiis
255 802 307 904 qui
323 803 416 866 sacris
438 801 632 866 initiabantur
646 799 827 862 ordinibus.
844 799 896 861 sed
918 819 956 862 an
977 801 1052 864 ordo

87 901 161 948 sacer
169 891 264 952 esset
253 909 318 970 Jam
331 899 405 955 tunc
418 891 671 974 impedimentum
682 889 845 951 dirimens
839 897 985 952 incertum
995 897 1051 953 est.

87 972 153 1038 ibde
165 995 252 1060 supra
268 981 369 1061 (2121)
389 980 519 1044 etGard.
536 979 636 1061 Sogtia
651 977 770 1058 (1101·
748 997 818 1059 yur.
831 978 927 1060 prrsso,
943 979 1051 1058 §186)

118 1067 202 1128 1251.
224 1070 269 1130 Ex
290 1068 378 1132 dictis
400 1076 481 1153 patet
507 1087 596 1152 posse
617 1070 648 1131 8
677 1067 857 1131 Pontiticem
878 1065 1054 1149 dispensare

86 1155 337 1220 cumordinatis
328 1177 361 1220 rn
385 1159 498 1236 sacris;
514 1147 780 1220 asscrittamcnS.
797 1156 919 1237 Liguor.
936 1155 998 1236 (tib.
1015 1160 1053 1235 6,

87 1240 122 1301 n¹¹
133 1246 325 1326 8080110511)
344 1265 414 1310 eum
434 1265 496 1310 nou
511 1264 599 1328 posse
613 1245 787 1328 dispensare
801 1263 872 1308 cum
887 1244 1054 1308 sacerdotio

86 1330 212 1412 initiatis,
228 1335 300 1398 sed
293 1355 324 1398 rn
338 1336 396 1398 hoc
410 1353 472 1398 non
487 1334 603 1398 videtur
617 1353 683 1398 esse
696 1333 892 1418 sequendus·
884 1381 892 1396 .
908 1341 939 1397 et
950 1337 1053 1397 revera

85 1437 146 1482 cam
166 1423 305 1504 pluribus
332 1424 538 1488 sacerdotibus
565 1424 597 1487 in
616 1423 673 1486 boc
689 1423 896 1506 dispensatum
922 1423 998 1501 fuit,
1017 1420 1051 1480 in

86 1508 169 1573 Galba
183 1521 251 1594 post
267 1513 433 1577 luctuosam
445 1512 702 1596 perturbationem
713 1531 782 1595 quae
792 1559 800 1589 ,
811 1513 849 1574 ab
860 1529 942 1574 anno
954 1515 1051 1587 1189,

85 1601 172 1662 tantm
182 1601 264 1684 apud
283 1622 338 1665 nos
357 1603 541 1684 calamitates
563 1604 732 1682 congessit;
748 1601 791 1662 sic
805 1607 907 1662 tamen
922 1619 984 1664 non
999 1620 1053 1682 po-

86 1691 135 1748 test
156 1709 226 1753 cum
251 1691 394 1754 omnibus
412 1693 447 1758 ,in
469 1691 562 1754 sacris
582 1690 767 1772 dispensari,
794 1689 850 1750 nisi
875 1690 906 1749 in
936 1689 1054 1751 casibus

87 1780 257 1858 urgentibus
271 1782 405 1852 tantiam,
423 1787 546 1862 propter
567 1785 670 1842 votum
685 1779 716 1839 in
731 1795 793 1859 quo
807 1795 869 1838 non
879 1782 976 1858 potest
993 1776 1054 1837 dis-

86 1869 194 1946 pensari
215 1869 285 1932 sine
298 1870 378 1949 justa
391 1872 493 1932 causa.

119 1960 204 2020 1255.
227 1959 296 2020 Ηο0
308 1957 561 2040 impedimentum
573 1973 638 2018 non
653 1955 734 2037 viget
752 1955 783 2016 in
801 1954 935 2018 Ecclesia
948 1955 1053 2017 Orien·

86 2044 129 2107 tati
144 2065 152 2106 r
167 2045 264 2110 Graeci
279 2048 361 2109 enim
377 2047 408 2109 in
423 2047 594 2109 minoribus
612 2045 731 2128 nuptias
745 2043 921 2107 contrahere
934 2045 1053 2124 vatent,

85 2139 110 2194 et
127 2134 163 2196 ad
180 2135 305 2198 ordines
324 2137 513 2218 superiores,
533 2139 642 2218 praeter
660 2135 892 2217 Episcopatum,
912 2133 1052 2217 provebi,

85 2221 174 2286 licata
189 2225 257 2288 suis'
274 2225 419 2288 uxoribus
444 2243 506 2298 non
521 2231 713 2306 separentur;
737 2241 798 2286 non
812 2229 914 2288 tarum
929 2226 1054 2307 permit·

86 2317 183 2377 tantur
190 2314 372 2378 contrahere
381 2320 448 2398 post
457 2319 614 2396 susceptos
623 2331 723 2376 sacros
732 2313 864 2376 ordines.
874 2313 951 2378 Vide
964 2312 1053 2378 Card.

86 2401 286 2508 00000.

531 2482 590 2540 virt

341 2577 376 2621 nr
395 2575 581 2622 marrianam
598 2575 787 2621 occurrimus.

112 2677 210 2741 1256.
235 2672 368 2757 Copndti
382 2674 525 2739 dicuntur
547 2675 633 2758 quasi
656 2675 775 2737 connati
790 2675 933 2757 :Triplex
954 2681 1055 2739 autern

86 2759 274 2846 distinguitur
286 2764 425 2847 cognatio
436 2763 618 2837 tentaretis,
634 2763 803 2846 spiritualis
815 2769 846 2827 et
860 2765 974 2847 tepolis.

121 2854 143 2914 l.
169 2853 315 2934 cognatio
331 2852 497 2924 naturalis,
522 2871 593 2936 quaa
614 2852 723 2916 dicitur
741 2855 992 2935 consanguinitas,
1012 2861 1056 2920 est
1091 2913 1095 2922 .

86 2941 292 3025 propinquitas
305 2960 504 3044 personarum
517 2943 555 3005 ab
569 2940 781 3024 eademstipite
795 2941 1054 3010 descendentium.

121 3033 212 3094 1251.
221 3031 304 3118 'ima
322 3033 421 3094 sunt
413 3051 445 3094 rn
470 3032 732 3113 consanguinitate
754 3030 981 3137 distinguenda,
1001 3034 1054 3100 sci·

86 3109 1056 3206 11001ι110100,000001000001001011010000100310010,

85 3207 235 3288 119010
255 3208 306 3291 qui
328 3209 494 3273 inserviunt
518 3210 555 3273 ad
578 3211 796 3276 mensurandae
818 3212 929 3276 tineas
931 3231 1058 3280 consan-

87 3297 262 3375 guinitatis.
284 3316 475 3392 unaqueque
496 3307 597 3362 autem
625 3303 779 3379 generatio
804 3321 901 3365 unum
929 3305 1057 3384 gadum

81 3381 257 3464 constituit,
278 3406 313 3450 ac
335 3379 462 3469 proinde
488 3397 633 3471 tanquam
655 3391 755 3453 unitas
772 3390 909 3454 habenda
935 3401 979 3454 est
1002 3413 1058 3476 pro

44 3469 53 3482 ’
87 3475 297 3554 computandis
311 3475 457 3540 iturarum
472 3479 634 3560 gradibus,
654 3481 686 3540 3⁰
708 3479 786 3540 tenea
806 3499 859 3542 seu
881 3481 972 3543 series
993 3497 1058 3560 per·

87 3581 229 3638 sonarum
243 3565 402 3628 abeodem
417 3569 516 3646 stipite
529 3567 789 3630 descendentium.

125 3655 220 3716 1258.
232 3654 367 3735 Duplicia
379 3656 489 3733 speciei
502 3662 549 3718 est
560 3655 659 3717 tinea.
674 3665 756 3717 recta
769 3654 913 3717 nimirum
925 3656 956 3712 et
967 3647 1058 3738 oqlia·
