2420 3968
370 207 454 253 uara
475 207 632 254 sacunnus.
944 193 1001 252 aaa

56 299 226 383 exhibentea;
249 313 457 388 percursantes
481 308 589 370 urbem
610 305 647 368 ad
671 306 844 370 vendendas
866 323 998 381 mercas;

54 399 173 454 ornantes
182 395 289 477 tempta
298 395 392 458 scalas
406 393 667 459 circumferendo:
681 405 852 460 nontamen
869 395 1004 478 praedicti

54 477 201 545 laborantes
212 493 410 564 excusantur,
430 484 454 546 si
476 504 538 548 non
553 484 690 546 laborent
709 503 763 568 per
784 486 929 565 majorem
944 484 1004 548 diei

54 575 168 714 lpartera,
184 573 293 656 quippe
313 591 376 638 non
394 573 545 638 sufficeret
559 573 694 638 laborare
713 594 768 657 per
787 575 863 638 duas
884 575 1005 638 veltres

71 673 137 720 oras.

28 823 30 827 ,
85 749 498 816 aoro.1temexousanturttar
508 751 635 833 pedibus
649 751 791 815 facientes
801 771 1005 834 permagnam

53 831 102 896 diei
130 843 257 918 partem,
282 847 316 904 ut
337 841 510 920 muliones,
537 859 702 922 agasones,
731 841 829 904 mutas
857 849 886 904 et
906 843 1006 904 asinos

54 922 197 1005 durantes,
222 929 246 991 si
265 929 371 992 saitern
396 931 450 992 iter
475 931 518 993 sio
539 928 650 991 saciant
672 947 727 1011 per
751 935 771 990 tt
792 937 843 992 aut
868 930 1004 993 dtioras.

55 1011 224 1080 Siauternvia
237 1025 382 1082 essettam
393 1020 498 1096 ardua,
509 1018 554 1080 ret
568 1025 688 1100 ternpus
702 1025 763 1080 tani
781 1036 941 1099 asperum,
956 1025 1008 1081 aut

54 1099 179 1168 itinerans
200 1115 260 1170 tarn
279 1107 405 1186 debitis,
429 1107 475 1170 vel
498 1107 594 1170 itineri
615 1114 677 1168 tarn
697 1125 805 1189 parum
824 1114 961 1168 assuetus
975 1115 1007 1169 ut

56 1207 104 1252 non
118 1203 210 1274 posset
220 1199 358 1278 jeJunare
372 1197 438 1259 sine
453 1201 564 1277 magna
577 1195 770 1274 difficultate,
786 1201 860 1258 tunc
871 1196 1006 1258 excusari

55 1286 163 1358 possett
177 1286 309 1367 jejunia,
325 1286 378 1348 etsi
398 1287 454 1348 iter
468 1293 545 1348 esset
561 1287 679 1348 tanturn
693 1285 824 1348 duarum
842 1285 1006 1360 horarum,

56 1369 88 1428 ret
105 1373 187 1436 etiam
208 1377 321 1437 minus.
336 1377 412 1437 Iteur
427 1381 586 1438 excusatur
607 1373 738 1437 famulus
752 1375 892 1458 pedester
912 1373 1007 1436 conri-

53 1463 105 1520 trns
117 1459 270 1527 dominum
280 1482 371 1526 suum
385 1465 436 1546 qui
451 1483 505 1546 per
518 1470 612 1526 toturn
628 1463 713 1527 diem
727 1465 875 1546 equitaret
889 1481 942 1545 per
956 1480 1007 1525 ur-

53 1543 125 1626 bern,
141 1559 195 1614 etc.
212 1557 255 1632 (S.
269 1553 406 1635 Liguor.,
417 1553 468 1615 tib.
484 1557 525 1632 3,
542 1555 644 1632 tarr.)

83 1641 162 1703 5017.
187 1645 232 1704 Αιι
248 1649 350 1706 autern
361 1649 542 1705 excusentur
555 1642 610 1704 iter
624 1641 770 1706 iacientes
782 1641 871 1722 equis
883 1641 929 1703 rel
944 1639 1009 1704 rhe-

52 1723 105 1786 dis:
120 1728 257 1795 damnata
272 1731 328 1794 suit
341 1732 380 1793 ab
404 1730 575 1793 Alexandro
596 1733 648 1792 vlt
667 1730 832 1814 propositio
853 1744 1004 1812 sequens:

55 1817 265 1884 rtixcusantur
284 1821 420 1884 absolute
440 1822 623 1901 tpraecepto
643 1819 751 1900 jejunii
770 1837 878 1882 omnes
896 1819 938 1880 itti
958 1818 1010 1900 qui

51 1925 62 1960 o
83 1905 132 1968 iter
144 1917 236 1991 agunt
251 1909 437 1992 equitando,
457 1915 622 1989 utcumque
637 1908 691 1969 iter
704 1914 811 1990 agant,
823 1907 941 1971 etiarnsi
955 1908 1012 1970 iter

51 2015 62 2050 a
83 2000 277 2062 necessarium
288 1999 405 2074 nonsit,
415 1995 565 2060 etetiamsi
576 1997 631 2058 itar
641 1995 1007 2062 uniusdr'eicontioiant.»

51 2083 183 2150 ueterum
204 2091 270 2150 Di).
292 2088 496 2151 communiter
518 2093 662 2152 exctrsant
684 2085 728 2148 sic
757 2085 931 2149 itinerantes
958 2106 1012 2168 per

52 2173 138 2246 piures
150 2177 231 2257 dies,
247 2177 382 2239 nisisine
396 2194 508 2256 magno
521 2175 715 2240 incommodo
729 2183 851 2258 possent
862 2177 1010 2256 jeJunare‚

52 2266 119 2342 quod
132 2269 199 2330 rard
212 2265 338 2345 accidit,
349 2265 472 2348 quando
487 2265 542 2328 iter
556 2272 600 2328 est
614 2265 739 2348 longum
750 2313 757 2342 ,
768 2285 796 2328 v.
813 2286 843 2347 g.
860 2273 927 2330 octo
946 2266 1012 2328 die-

51 2367 118 2415 turn.
133 2357 260 2440 Insuper
270 2356 371 2437 plures
380 2355 489 2418 docent
500 2373 587 2436 posse
596 2373 740 2418 excusare
749 2355 803 2416 iter
817 2355 908 2417 unius
921 2355 1013 2416 etiarn

50 2439 118 2520 diei,
133 2446 156 2510 si
171 2445 325 2528 agendum
340 2451 497 2507 essetcunr
513 2447 623 2525 magna
637 2443 858 2525 defatigatione,
874 2449 907 2504 ut
916 2443 1014 2503 evenit

50 2533 229 2613 cursoribus,
242 2534 289 2597 rel
304 2535 328 2596 si
343 2535 480 2615 equitans
494 2533 530 2595 sit
543 2531 666 2606 debilis,
682 2537 734 2593 aut
747 2539 866 2613 ternpus
876 2530 912 2591 sit
926 2548 1013 2611 aspe-

50 2637 124 2700 rum,
145 2624 191 2688 vol
213 2625 270 2688 iter
297 2622 425 2686 arduum
449 2627 501 2684 aut
527 2619 816 2690 extraordinarium,
839 2618 928 2699 quale
952 2637 1014 2680 non

51 2719 118 2774 asset
128 2715 183 2776 iter
196 2721 266 2778 octo
279 2713 325 2775 vel
335 2710 440 2775 decern
452 2711 618 2774 leucarum.
630 2708 705 2770 Vide
717 2710 748 2770 S.
764 2707 886 2788 Lignor.
904 2706 971 2788 (tib.
983 2711 1013 2785 3,

52 2808 79 2858 ιιο
92 2805 187 2883 1047).
212 2803 244 2866 Si
264 2802 334 2885 quis
354 2819 461 2864 eorum
481 2799 632 2881 completo
655 2797 777 2876 itinere,
794 2803 824 2859 et
841 2796 899 2858 atitt
919 2795 1015 2858 resec-

52 2887 122 2954 tione
135 2912 199 2955 non
209 2893 330 2974 surnptt
345 2892 428 2973 prius
440 2937 448 2967 ‚
459 2889 561 2952 cibum
572 2893 719 2968 quantum
738 2886 809 2950 satis
820 2885 857 2947 sit
871 2885 1013 2968 accipiat,

52 2983 115 3044 tunc
126 2982 293 3046 secundani
313 2980 510 3043 refectionem
529 2994 650 3039 sumere
665 2975 788 3057 nequit,
806 2975 862 3038 nisi
878 2973 1015 3057 sequenti

51 3066 94 3131 die
112 3079 190 3135 osset
210 3077 435 3155 prosecuturus.
455 3064 634 3129 VideHomo
647 3064 931 3148 apostolirus(tract.
956 3069 1014 3147 tt,

53 3161 146 3242 ntttt).

86 3255 173 3317 tots.
198 3251 425 3314 Barbitonsores
457 3265 519 3310 non
549 3250 733 3309 excusantia
766 3245 823 3308 nisi
858 3245 1017 3326 nequirent

52 3347 138 3404 artern
148 3359 290 3404 exercere
303 3345 426 3423 propter
437 3335 587 3418 jejunium
599 3354 608 3398 ι
627 3355 657 3399 v.
674 3355 718 3418 g.,
733 3335 805 3417 quia
817 3335 911 3416 jejuni
925 3353 1019 3397 manu

53 3431 173 3494 tremule
182 3430 344 3494 tonderent
355 3447 363 3490 ι
374 3427 446 3490 item
460 3425 611 3489 ordinarie
621 3443 682 3487 non
697 3431 878 3488 excusantur
892 3431 1020 3485 sartores

54 3519 105 3580 nisi
119 3539 173 3602 per
193 3537 336 3602 magnam
352 3516 449 3579 noctis
472 3521 588 3596 partem
603 3514 737 3576 laborare
751 3519 930 3593 cogerentur
939 3532 947 3585 ;
965 3529 1020 3572 nec

54 3607 194 3689 pictores,
211 3609 334 3688 scribae,
350 3606 407 3668 nisi
422 3604 619 3685 ottjeJ'uniurn
634 3603 850 3685 impedirentur
860 3599 1019 3660 laborare:
