2498 3966
429 209 514 256 5555
535 208 693 256 55555555.
984 190 1036 253 tar

85 306 169 379 raris,
193 313 263 388 putu
285 307 309 370 si
338 303 579 371 subveniendum
605 303 644 367 sit
669 303 796 386 collegio
818 301 1044 374 educandorum

86 397 266 478 (5115555,
282 396 338 475 ih,
349 416 381 478 q.
397 399 439 475 3).

121 505 205 564 54411.
228 503 334 566 Verius
347 501 435 566 docet
443 503 476 566 S.
491 499 624 566 Thomas
634 499 786 582 superflua
801 516 889 582 posse
902 494 1047 562 reservari

87 587 257 653 infuturum
271 591 308 653 ad
323 591 388 673 pios
400 609 474 654 usus
493 593 534 669 (2,
550 592 581 667 2,
596 609 628 670 q.
646 592 716 668 185,
733 594 789 651 art.
805 593 836 666 1,
852 589 889 650 ad
903 590 932 668 l)
945 606 953 648 r
968 586 1048 648 hene

86 685 178 741 tamen
192 679 314 742 advertit
332 679 499 742 Holzmann
518 677 601 761 quod
619 679 651 742 in
671 696 708 740 eo
728 695 800 739 casu
822 677 918 740 caveri
941 675 1048 738 debeat

87 785 132 844 ne,
147 775 239 832 morte
253 769 447 847 adveniente,
460 768 535 831 tales
548 766 682 830 redditus
695 769 713 828 a
725 765 960 848 consanguineis
972 763 1049 826 diri·

87 855 209 936 piantur.
226 860 272 940 (S.
289 859 425 940 Lignor,
440 857 495 937 it,
511 877 542 940 q.
557 857 605 937 4.)

122 975 209 1034 5441.
226 971 375 1052 Quidquid
386 971 487 1034 dicant
495 969 632 1033 nonnulli
643 974 759 1032 eertum
769 974 813 1030 est
822 965 1049 1030 beneficiarium

88 1079 169 1141 posse
177 1079 209 1124 se
218 1068 384 1124 sustentare
399 1079 436 1122 ex
450 1059 615 1122 redditibus
626 1057 848 1134 ecelesiasticis,
861 1057 914 1120 etsi
927 1055 1050 1118 haberet

88 1149 163 1212 unde
176 1169 212 1213 ex
225 1151 289 1214 suis
307 1149 403 1212 vivere
421 1154 544 1230 posset:
568 1169 584 1208 5
604 1148 678 1220 Quis
700 1147 792 1225 (enim
812 1145 853 1208 ait
874 1144 1049 1226 Apostolus,

89 1241 238 1304 aldone.
250 1234 1051 1319 9‚v.7)militatsuisstipendiisunquamtrExeipien·

89 1327 140 1390 dus
152 1335 195 1391 est
207 1335 310 1390 tamen
324 1345 411 1390 casus
431 1345 493 1408 quo
511 1344 626 1408 pauper
639 1323 756 1387 adesset
774 1323 805 1385 in
823 1323 904 1406 gravi
919 1323 1052 1386 necessi-

89 1421 153 1479 tate.
168 1419 306 1480 Canones
324 1416 379 1478 Ea
398 1415 445 1477 his
462 1419 500 1475 11
521 1420 551 1476 51
570 1413 732 1496 Episcopus
754 1415 815 1490 13,
837 1430 927 1475 eausa
946 1415 1004 1490 51,
1019 1412 1053 1472 in

89 1507 266 1568 contrarium
281 1504 416 1586 allegati,
440 1503 485 1566 vel
508 1503 659 1566 mitiorem
677 1502 953 1583 interpretationem
973 1501 1052 1563 aoei-

89 1613 154 1673 pere
179 1595 309 1670 debent,
338 1594 384 1656 vel
401 1610 543 1656 successu
569 1591 713 1673 temporis
741 1589 865 1653 luerunt
890 1589 1051 1653 immutati.

91 1685 126 1760 (S.
143 1685 276 1767 Lignum,
292 1681 347 1762 tt,
362 1703 393 1764 q.
409 1681 453 1762 5.)

124 1792 210 1851 otta.
239 1784 474 1850 Controvertitur
496 1802 535 1846 an
563 1783 654 1845 etiam
681 1782 865 1864 pensionarii
895 1787 1054 1847 teneantur

90 1877 272 1959 superfluum
291 1891 416 1956 erogare
430 1873 461 1934 in
479 1891 553 1935 usus
574 1871 663 1952 pios:
679 1871 809 1933 affirmat
829 1870 963 1934 Sanohez
982 1891 1054 1936 cum

90 1965 149 2028 aliis
160 1966 280 2042 multis,
296 1964 328 2026 in
342 1961 499 2044 hypothesi
513 1959 988 2042 5555555515511555155155555,
1004 1969 1056 2025 aut

90 2054 170 2118 detur
192 2053 417 2130 ecclesiasticis,
441 2050 513 2132 quia
530 2049 621 2114 etiam
640 2049 840 2130 pensionariis
859 2049 938 2112 bona
958 2053 1055 2115 55515-

91 2143 199 2206 siastioa
213 2143 324 2205 dantur
337 2158 408 2203 oum
423 2157 516 2202 onere
530 2139 561 2200 in
576 2137 642 2220 pios
656 2155 730 2200 usus
741 2137 928 2220 superfluum
942 2158 1056 2224 expen-

91 2230 190 2310 dendi;
206 2231 278 2294 satis
299 2237 401 2292 tamen
424 2225 616 2310 probabiliter
639 2226 741 2308 plures
759 2226 808 2290 alii
831 2234 944 2310 negant
966 2230 1057 2312 (apud

92 2321 119 2380 S.
133 2321 269 2402 bignon,
285 2319 337 2380 lib.
354 2322 391 2396 3,
407 2320 441 2378 n⁰
453 2321 509 2380 491
524 2363 533 2395 ,
550 2335 581 2398 q.
597 2319 639 2395 6),
655 2316 726 2398 quia
740 2317 923 2382 extrahendo
937 2321 1058 2402 pensio.

91 2426 157 2470 nem
170 2429 207 2472 ex
227 2407 373 2470 fructibus
395 2404 549 2478 beneficii,
568 2407 632 2484 iam
651 2407 681 2466 S.
699 2405 834 2468 Pontifex
850 2407 989 2470 eamdem
1004 2427 1057 2490 ap-

92 2496 176 2577 plicat
189 2501 221 2560 in
240 2515 314 2558 usus
333 2496 418 2578 pios,
438 2513 494 2558 nee
508 2493 566 2555 illis
579 2493 708 2573 imponit
721 2493 934 2574 obligationem
949 2496 1058 2558 iterum

92 2583 169 2648 iilam
184 2588 214 2648 in
224 2583 398 2665 hujusmodi
409 2601 482 2646 usus
491 2581 673 2663 applicandi.
687 2583 744 2642 Pro
755 2581 812 2644 hta
821 2583 967 2645 sententia
976 2583 1059 2647 adest

92 2673 199 2738 decisio
211 2677 296 2738 Rotae
311 2675 454 2736 Romanae
468 2671 499 2732 in
513 2672 573 2751 qut
591 2669 700 2732 dieitur
716 2689 723 2730 :
743 2671 937 2734 «Pensiones
950 2672 1059 2736 decur-

92 2783 106 2820 5
130 2783 176 2826 sas
189 2770 221 2827 51
233 2781 296 2826 non
310 2761 423 2825 solutas
436 2778 499 2822 non
513 2759 680 2841 computari
695 2759 773 2822 inter
785 2760 895 2842 spolia,
910 2761 963 2824 sed
977 2767 1059 2824 tran·

92 2872 107 2912 r
130 2853 188 2914 sire
202 2851 239 2916 ad
254 2851 403 2928 haeredes,
416 2847 592 2931 puiapensio
604 2865 661 2908 555
674 2855 717 2910 551
732 2847 917 2932 benefier'um,
931 2850 982 2912 sed
993 2870 1060 2913 ron-

93 2961 108 2998 5
131 2941 211 3004 sistit
225 2942 258 3004 in
271 2941 351 3003 marti
366 2937 617 3020 temporalitater
631 2935 670 3016 (S.
683 2937 820 3020 Lignor„
835 2938 967 3018 111).4,51
979 2943 1061 3021 139.)

129 3053 219 3114 5443.
243 3049 336 3112 Seous
347 3045 511 3110 dicendum
525 3045 629 3108 asserit
645 3046 847 3110 Busembaum
864 3047 954 3130 (apud
968 3052 999 3112 S.
1011 3051 1060 3113 Li-

94 3159 192 3221 guor.,
207 3139 260 3201 lih.
276 3143 308 3216 4,
327 3139 360 3198 n⁰
375 3139 442 3214 184)
456 3135 494 3198 de
509 3153 546 3197 eo
559 3135 611 3216 qui
627 3134 811 3198 heneficium
828 3135 918 3200 habet
931 3139 962 3200 in
976 3158 1055 3203 oom-

94 3229 254 3306 mendam,
270 3227 342 3308 quia
355 3225 542 3287 substituitur
555 3223 765 3302 beneficiario,
781 3231 811 3286 et
823 3225 883 3290 hoo
895 3229 967 3290 sane
982 3231 1062 3292 mul·

95 3319 159 3378 thm
179 3315 334 3398 probabile
348 3321 487 3395 apparet3
507 3314 538 3376 S.
555 3311 676 3392 Lignor.
690 3319 792 3375 tamen
807 3315 870 3394 (lib.
891 3319 928 3394 3,
944 3329 978 3378 n⁰
991 3323 1061 3398 491)

95 3400 584 3484 55555511515555511555555511
601 3403 618 3461 1
634 3401 777 3482 Gregorio
796 3406 862 3466 Xlll
884 3423 1062 3470 concessum

96 3493 184 3556 luerit
191 3493 291 3557 testari
301 3491 452 3574 equitibus
461 3487 723 3554 commendatoriis
734 3491 765 3552 S.
777 3491 881 3554 Jacobi
890 3494 1060 3574 calatrava,

99 3581 261 3646 hloantarae
281 3588 310 3644 et
329 3583 360 3644 S.
383 3577 524 3660 Stephani
552 3578 728 3656 Florentiae,
749 3584 821 3657 515,
842 3579 1061 3662 5111555555-
