2416 3954
415 237 500 283 444444
520 237 677 284 secuuous.
975 231 1032 288 404

67 357 81 392 n
105 333 210 400 Crucis
221 338 402 412 erectionem,
412 336 648 419 nepotioi’relotl
661 338 701 400 od
708 339 784 402 oleos
797 339 967 420 facultates.
981 341 1034 402 uisi

67 447 81 482 s
103 423 1034 508 aliterdispositumsitinobtentisconcessionibus»tdietsfebr.

70 517 161 594 4846).
180 513 254 578 Vide
277 515 416 578 Chaleion
429 514 554 585 leloirl,
571 523 628 576 eto.
645 519 686 598 (p.
703 521 777 597 444,
793 523 867 596 445,
889 525 920 582 4·
939 518 1033 598 editi,

68 609 94 663 et
106 600 181 664 dicta
196 623 286 686 supra
302 609 383 684 (454,
398 608 479 681 779).

104 695 193 754 4566.
216 695 305 756 iuxta
317 703 416 755 tamen
427 694 655 775 responsionem
667 697 699 760 S.
716 696 826 778 Congo.
837 699 1037 780 lodulg.‚sub

69 778 113 841 die
126 783 160 844 34
177 799 246 864 4444Δ
265 786 362 859 4844,
379 781 418 845 ad
438 782 581 846 44444444
598 785 863 866 archiepiscopum
880 789 1032 850 Rotboma

70 887 188 949 gensem
202 871 362 947 directam,
378 872 543 954 recognitio
563 873 795 936 authenticitatis
808 893 845 936 ex
859 883 942 957 parte
956 875 1034 938 Ordi-

70 960 138 1021 narii
154 979 216 1022 non
231 967 275 1023 est
290 961 523 1024 necessariasub
539 966 626 1042 poena
641 963 801 1040 nullitatis,
817 964 907 1026 etiam
923 965 953 1025 in
968 983 1036 1030 casta

68 1047 263 1130 Indulgentiae
277 1049 398 1124 localis3
415 1050 458 1112 sio
479 1069 511 1113 se
525 1051 612 1113 4444444
631 1051 686 1114 ista
702 1053 860 1132 responsio
873 1053 953 1134 apud
967 1073 1036 1114 nuo·

69 1141 159 1199 torem
175 1139 243 1200 libri
258 1139 457 1220 pluriescitati
474 1141 535 1202 :Le
550 1139 690 1203 Chretien
703 1139 820 1210 4444444,
837 1147 894 1203 444.
911 1143 952 1221 (p.
971 1149 1038 1218 444,

70 1229 97 1285 4·
110 1227 194 1306 edit.)
206 1248 212 1288 :
232 1231 289 1290 nS.
303 1228 583 1310 Congreg..nuditis
592 1229 804 1293 consultorum
818 1231 904 1306 votis,
920 1249 1041 1312 respon-

14 1361 15 1366 ,
70 1315 1040 1400 sditaepotiuiquoadnuditatemindulgentiarumexpectanda

71 1425 83 1460 r
107 1410 205 1468 444444
217 1408 274 1467 4444
288 1407 449 1488 publicatio
461 1407 610 1469 Ordinarii
624 1454 631 1481 ,
644 1416 805 1488 postquam
820 1407 885 1469 illas
898 1427 1041 1489 recogno-

70 1515 83 1549 4
106 1495 193 1568 verit,
213 1504 245 1556 ut
258 1495 353 1557 seiont
374 1495 477 1557 fideles
497 1513 535 1556 an
550 1497 611 1556 sint
634 1495 828 1577 indulgentiae
843 1497 983 1577 plenariae
996 1499 1039 1560 vel

69 1603 84 1638 4
106 1583 261 1664 partiales,
272 1591 301 1646 et
315 1601 384 1666 quae
398 1583 457 1646 sint
470 1584 659 1646 conditiones
674 1587 832 1666 assignatae
846 1586 883 1646 ad
899 1585 963 1647 illas
976 1605 1042 1647 exe·

70 1693 84 1728 s
107 1673 263 1752 quendas:
283 1680 310 1734 et
336 1672 383 1734 bio
404 1681 449 1736 est
468 1691 574 1735 sensus
595 1675 799 1754 responsionis
822 1673 899 1735 datae
919 1675 976 1735 sub
993 1674 1042 1736 die

70 1781 84 1815 4
107 1763 276 1839 88444444.
298 1765 395 1834 laea,
420 1762 450 1822 44
471 1764 532 1824 unt
555 1761 664 1841 pariter
680 1760 912 1842 Rotbomagensi
932 1779 986 1842 pro
1001 1762 1044 1822 in-

71 1871 85 1905 4
107 1847 271 1930 dulgentiis
295 1849 454 1922 localibus,
471 1849 597 1910 minime
620 1850 691 1910 reeb
705 1849 897 1930 generalibus
910 1865 964 1912 seu
978 1868 1044 1932 per-

71 1959 85 1995 4
107 1939 272 2015 senatibus,
287 1946 320 2001 ut
334 1937 410 2000 inira
424 1936 552 2000 dicetur.
568 1959 583 1996 o
602 1937 666 2016 (Die
681 1941 715 2000 34
734 1940 925 2019 44344844.)

107 2031 195 2089 teat.
215 2027 320 2089 Eidem
336 2027 568 2108 archiepiscopo
579 2028 642 2105 jam
658 2025 753 2089 fuerat
768 2045 946 2108 responsum
961 2029 1043 2110 qudo

72 2115 197 2178 44444444
213 2125 244 2177 44
256 2119 274 2177 a
285 2115 423 2178 lidelibus
432 2115 547 2197 acquiri
564 2124 704 2196 possent,
720 2115 794 2196 quin
809 2125 897 2179 antea
911 2116 949 2178 ab
962 2116 1044 2180 Ordi-

75 2207 160 2268 nariis
186 2206 324 2267 iocorum
356 2204 467 2266 luerint
498 2207 719 2286 promulgatae,
750 2205 943 2287 indulgentiae
969 2227 1044 2288 quas

74 2294 103 2356 S.
122 2293 284 2357 Pontifices
297 2293 439 2356 omnibus
458 2293 548 2356 totius
566 2295 648 2357 orbis
662 2293 801 2356 fidelibus
819 2298 995 2357 concessere
1014 2297 1044 2356 in
1078 2325 1079 2330 1

77 2381 163 2446 bullis
176 2401 231 2446 seu
245 2383 406 2464 Rescriptis
417 2383 479 2462 jam
492 2383 649 2464 publicatis
662 2394 691 2445 et
705 2383 743 2446 ab
752 2384 926 2445 auctoribus
940 2384 1044 2464 proba-

16 2547 17 2550 ,
75 2471 191 2536 tissimis
205 2473 313 2534 citatis.
327 2471 400 2533 Vide
414 2471 493 2552 apud
505 2472 640 2533 Clerdtien
654 2471 762 2533 c'cloire'
776 2471 890 2548 (ibid).

110 2565 199 2624 4568.
226 2561 303 2623 Noto
325 2560 406 2642 quod
427 2561 451 2622 si
471 2561 501 2622 in
517 2561 668 2643 rescriptis
686 2578 740 2640 pro
764 2559 903 2620 facultate
926 2557 1047 2619 bencdi-

76 2651 156 2712 cendi
172 2650 364 2723 numismata,
380 2667 508 2712 coronas
521 2648 759 2731 deprecatorias,
775 2654 847 2714 444,
863 2646 1048 2725 exprimatur

77 2739 205 2802 clausula
214 2739 379 2822 priuatim,
397 2737 566 2800 benedictio
581 2733 755 2816 hujusmodi
772 2749 890 2806 444444,
905 2751 943 2794 co
955 2732 1048 2796 altori

77 2835 124 2890 out
135 2829 150 2890 i
162 2827 424 2912 supqestupublioe
438 2826 576 2890 fidelibus
590 2843 643 2887 eos
657 2841 750 2884 manu
765 2821 967 2904 portantibus,
984 2821 1046 2884 lieri

79 2933 135 2978 444
149 2917 245 2980 liceat.
266 2919 384 2978 Decret.
400 2921 418 2978 'l
433 2916 517 2993 janv.
535 2913 613 2977 4843
628 2911 782 2992 (Cirltien
795 2909 914 2986 e'eloire',
931 2929 961 2993 p.
979 2916 1047 2991 446,

78 3009 106 3068 4·
120 3007 215 3069 edit..

115 3010 203 3159 abbud
226 3095 349 3168 Quaerit.
379 3097 413 3157 3⁰
431 3095 578 3166 Quaenam
599 3091 660 3154 sint
678 3089 875 3174 indulgentia
897 3091 979 3155 lalsae
999 3102 1050 3157 aut

80 3184 283 3268 apocryphae?

117 3275 204 3355 besp.
233 3275 372 3356 Longum
390 3277 469 3334 esset
487 3269 553 3334 ilias
575 3289 683 3334 omues
701 3288 904 3334 enumerare:
925 3273 1051 3335 sufficiat

81 3359 126 3422 hio
139 3371 300 3426 arinotarc:
358 3361 444 3436 Oudd
463 3383 479 3421 4
494 3359 688 3443 indulgentiae
701 3378 809 3423 omnes
823 3377 974 3424 concessae
989 3363 1052 3442 qui-

83 3449 304 3534 ·buscumque
330 3451 516 3534 regularium
543 3449 725 3527 Ordinibus,
758 3449 1052 3512 conlmternitotibus

83 3561 97 3597 ι
118 3543 324 3618 sacularibus,
337 3540 497 3623 Capitulis,
512 3540 647 3621 collegiis
661 3548 712 3602 aut
723 3555 830 3600 eorum
842 3536 1052 3615 Superioribus

85 3648 100 3688 4
121 3635 189 3692 44444
208 3630 493 3693 constitutionem...
510 3627 670 3690 Clersientis
681 3627 746 3688 vul
763 3624 950 3698 Quicumque,
967 3623 984 3674 7
999 3617 1051 3675 444·

800 3757 802 3764 ,
902 3715 951 3776 444·
