2434 3940
375 177 461 226 [ΜΚ
481 181 635 234 SECUNDUS.
937 195 995 251 215

63 271 200 330 netrneum
208 288 332 338 murrum
346 281 499 344 excedenti
514 303 570 346 suo
580 287 770 358 detrimento.
786 298 830 376 (S.
846 300 925 384 lig,
939 305 993 385 id.)

25 383 26 396 κ
91 355 160 416 uua.
183 361 225 420 dn
240 373 336 427 autem
353 386 413 430 non
427 371 526 434 solirm
549 377 752 444 rescindibilia
769 385 829 448 sint
843 395 994 473 sponsalia

25 501 26 506 ,
61 449 139 505 cenna
151 446 320 516 voluntatem
334 467 492 537 parentum
507 472 678 544 eontracta,
695 488 766 535 casu
780 494 841 556 quo
855 481 912 544 tale
927 502 992 548 ma·

61 528 199 597 timonium
217 549 291 604 esset
317 544 473 626 illicitum,
494 551 547 612 sed
570 553 669 618 adhuc
682 558 742 622 sint
754 581 876 643 prorsus
891 573 989 654 nulla,

61 626 251 690 controvertitur
264 648 272 692 ε
284 653 300 690 a
313 634 405 698 Multa
416 637 509 714 enim,
521 640 620 722 inquit
629 647 785 714 innocent.
799 657 836 717 lll
847 661 923 743 (cap.
941 668 989 742 16,

61 724 70 763 t
87 707 248 796 leaeque),
263 721 477 806 prohibentur,
493 733 600 810 quaesi
618 732 693 798 lacta
710 737 840 822 luerint,
854 748 991 814 obtinent

58 796 274 869 atiniacum.»
293 811 439 877 Videntur
462 820 564 881 tamen
585 841 708 902 prorsus
729 831 825 909 nulla,
846 836 871 897 si
892 842 992 902 matri-

58 889 162 952 monium
176 893 204 954 in
217 895 348 963 dedecus
368 901 488 968 familia
500 919 652 992 vergeret,
663 917 734 978 clrm
751 938 840 984 nemo
853 928 945 1006 possit
959 948 990 993 sa

56 969 123 1054 ligare
133 979 165 1042 ad
179 981 347 1053 ledendum
360 995 551 1074 proximum,
573 1001 704 1067 maxime
724 1017 874 1089 parentes.
890 1017 987 1094 (Gard.

56 1062 137 1145 Seglia,
150 1071 246 1138 lostit.
254 1075 325 1158 jur.
334 1081 438 1163 pria,
453 1083 471 1164 5
486 1085 570 1167 tte.)

81 1159 151 1221 reue.
172 1163 291 1235 Ouaerit.
321 1171 355 1232 3⁰
382 1172 430 1234 dn
458 1175 596 1241 notabilis
622 1179 779 1265 disparitas
807 1193 988 1262 conditionis

53 1239 111 1306 inlu
123 1247 219 1316 efficiat
233 1258 405 1338 sponsalia?

78 1333 149 1420 desp.
164 1343 194 1402 l'
207 1344 330 1409 Certum
350 1354 394 1411 est
408 1349 490 1414 illam
503 1352 706 1436 disparitatem
730 1363 844 1434 irritare
864 1391 987 1456 sponsa·

52 1415 117 1502 lirsi,
135 1427 188 1492 illis
206 1437 385 1516 contractis,
401 1445 607 1523 superveniat,
627 1455 656 1510 et
675 1452 822 1532 ignoratio
835 1462 902 1526 talis
915 1484 985 1531 mu·

50 1510 137 1578 tationis
161 1535 249 1584 causa
272 1523 362 1587 luerit
390 1535 582 1610 corrtractbs3
611 1536 635 1598 si
662 1542 754 1622 vero,
783 1551 908 1627 praevisa
932 1565 985 1619 aut

48 1604 137 1678 cognita
163 1607 210 1672 illt
237 1613 361 1676 notabili
383 1615 573 1698 disparitate,
608 1625 805 1696 nihilominus
834 1647 983 1719 sponsalia

48 1683 141 1755 inissent
151 1707 319 1780 contracta,
334 1709 537 1771 communiter
550 1709 657 1775 dicunt
670 1719 733 1780 Dlt.
749 1739 875 1802 sponsos
889 1735 983 1799 teneri

46 1779 95 1840 tuuc
113 1784 145 1846 ad
163 1793 407 1873 matrimonium,
430 1795 486 1858 nisi
506 1816 544 1861 ex
569 1800 620 1863 illo
643 1807 775 1870 eveniret
788 1811 919 1881 dedecus
932 1829 984 1884 aut

46 1869 185 1938 sandalum
198 1881 462 1963 propinquorum3
477 1893 601 1951 sanctus
611 1892 681 1954 rard
691 1895 812 1978 liguor.
828 1901 984 1990 distinguit

43 1949 142 2026 dedecus
153 1967 170 2029 a
183 1969 338 2040 scandalo,
350 1979 380 2034 et
392 1971 466 2036 dicit
478 1976 595 2056 quodsi
608 1983 834 2052 matrimonium
845 1999 982 2078 nequiret

42 2051 144 2116 contrahi
169 2057 225 2120 nisi
244 2077 317 2120 cum
335 2059 482 2126 dedecore
502 2063 641 2146 familia,
666 2079 738 2154 puta
760 2077 784 2140 si
808 2081 852 2143 vir
873 2087 980 2153 nobilis

41 2129 215 2218 desponsasset
230 2146 325 2210 filiam
339 2149 462 2214 artillcis
475 2153 521 2216 rel
531 2159 688 2242 agricolas,
704 2169 777 2230 tunc
792 2187 853 2234 non
868 2181 912 2238 est
925 2179 980 2243 du·

41 2217 163 2296 litandum
179 2237 257 2318 quin
279 2237 348 2300 talia
371 2243 522 2321 sponsalia
541 2245 601 2308 sint
615 2249 715 2330 nulla,
731 2257 802 2322 edm
820 2260 880 2326 sint
893 2266 931 2329 de
945 2287 978 2334 ra

41 2306 121 2398 illicita,
136 2307 238 2407 utpote
252 2333 395 2409 vergente
405 2329 435 2390 in
448 2349 594 2414 magnum
608 2336 727 2406 familiae
741 2345 974 2439 detrimentum,

39 2404 74 2463 etsi
85 2407 274 2478 intercesserit
287 2417 412 2498 virginis
424 2417 596 2502 delloratio;
608 2427 632 2488 si
647 2433 717 2494 verd
728 2438 831 2501 nonin
845 2440 976 2512 dedecus

37 2485 125 2562 lanitia
137 2511 274 2586 uergeret
287 2508 533 2589 matrimonium,
550 2513 602 2577 sed
621 2515 763 2585 duntaxat
776 2536 853 2590 esset
867 2549 976 2616 magna

35 2575 159 2663 disparitas
174 2593 204 2655 in
219 2593 333 2678 divitiis
342 2643 351 2673 ,
367 2599 517 2678 sponsalia
530 2606 604 2666 tune
616 2615 715 2672 essent
730 2615 889 2692 promissio
903 2641 975 2701 pro-

34 2663 94 2750 dign
108 2683 208 2760 porro,
226 2683 312 2762 juxta
332 2701 529 2751 communem
553 2697 583 2754 et
604 2697 751 2759 veriorem
776 2709 972 2788 sententiam,

33 2765 159 2834 promissio
175 2771 304 2854 prodiga
327 2793 389 2836 non
410 2775 541 2860 obligat,
562 2783 685 2862 quando
703 2805 751 2849 res
771 2793 917 2871 promissa
930 2806 976 2864 est

32 2843 206 2939 impartibilis,
221 2869 311 2944 prout
325 2862 356 2924 in
370 2881 442 2928 casu
459 2884 467 2927 τ
482 2866 565 2930 unde
579 2871 668 2934 etiam
678 2872 708 2936 in
719 2875 775 2940 hac
787 2883 908 2949 secundat
917 2885 972 2970 hy-

32 2939 138 3026 pothesi,
154 2949 238 3013 nulla
252 2957 322 3014 sunt
344 2955 511 3036 sponsalia3
525 2957 579 3021 sed
593 2961 665 3042 quia
678 2964 767 3048 eulpa
781 2970 971 3056 prodigalita-

31 3025 55 3084 tis
71 3039 109 3094 est
132 3040 251 3102 tantum
272 3042 415 3121 venialis,
444 3047 555 3127 queris
584 3051 744 3118 mediocris
771 3076 862 3126 causa
898 3066 970 3132 illud

31 3112 105 3184 uitium
123 3125 240 3191 auferre
254 3135 366 3212 potest;
382 3131 454 3196 hinc
475 3135 546 3198 satis
560 3142 750 3208 excusabitur
763 3147 807 3210 vir
826 3150 969 3222 laminam

29 3197 150 3287 disparem
162 3217 297 3296 ducens,
313 3220 338 3282 si
349 3223 463 3284 noverit
476 3223 508 3284 in
522 3227 558 3288 ed
572 3227 703 3311 aliquam
718 3237 877 3317 specialem
891 3263 968 3327 prae-

28 3301 186 3379 tugatimm,
211 3305 272 3372 sive
295 3310 462 3374 naturalem
482 3313 543 3378 sire
557 3325 831 3407 supernaturalem,
848 3345 968 3417 propter

27 3397 95 3460 uuam
109 3401 188 3473 putet
201 3415 272 3460 eum
286 3397 336 3460 itta
349 3399 440 3461 uitam
454 3399 563 3467 ducere
582 3407 732 3489 quictam3
749 3422 779 3478 et
792 3420 863 3498 quia
877 3427 967 3490 raris-

25 3469 81 3536 sine
92 3480 183 3546 deerit
195 3486 295 3568 aliqua
308 3506 346 3550 ex
363 3489 406 3550 eis
420 3493 518 3554 causis
532 3514 602 3574 quae
619 3498 739 3579 culpam
754 3507 969 3588 prodigalitatis

25 3572 157 3652 excusem,
170 3574 217 3637 rix
231 3575 348 3638 eveniet
361 3577 443 3653 quud
457 3595 585 3662 sponsus
602 3583 754 3666 disparem
767 3593 866 3655 sellun
881 3599 912 3654 in
926 3595 969 3652 di·
