2462 3972
317 103 396 126 „A”

432 182 517 228 arara
537 181 694 227 saccones.
979 167 1036 226 705

61 281 201 345 Instituta
214 277 414 344 ecclesiastica
432 278 547 358 possint
560 281 591 336 in
607 277 798 356 perpetuum,
813 275 859 336 vel
874 275 912 336 ad
926 274 1038 336 diutur-

61 389 139 432 num
153 378 275 451 tempus
284 367 400 450 gravari
409 366 524 440 absque
534 381 685 428 consensu
697 381 804 426 eorum
819 381 950 446 quorum
964 365 1039 443 regi·

60 459 138 520 mini
153 454 293 522 subsunt.

101 551 195 610 5363.
219 547 313 609 Debet
335 551 436 608 autem
458 545 603 608 Praetatus
622 549 785 624 antequam
803 562 893 606 suum
908 543 1039 625 praebeat

59 653 249 698 consensum
263 633 431 698 fundationi
449 633 607 714 diiigenter
623 631 794 713 expendere
808 651 846 693 an
861 632 916 694 dos
930 635 1034 695 consti·

59 729 165 801 tuetur
178 723 331 787 sufficiens
345 723 382 785 ad
398 722 573 786 sustinenda
594 739 687 786 onera
702 739 756 802 per
775 721 869 803 ipsam
885 722 1034 803 imposita„

58 815 151 875 Juxta
174 815 317 894 Lequeux
342 815 385 891 (n⁰
403 815 507 890 tt38)‚
522 810 688 892 generatim
707 811 739 871 in
759 811 851 871 Gallia
865 810 1035 872 observatur

59 899 168 982 regula
181 901 264 983 qudd
278 901 360 963 nulla
375 900 509 962 fundatio
523 901 560 962 sit
577 897 760 979 acceptanda
781 898 836 959 nisi
863 900 946 960 tertia
969 918 1036 979 pars

59 989 237 1052 reddituum
251 989 468 1070 assignatorum
483 989 574 1051 tibere
589 988 627 1050 ad
641 987 811 1049 institutum
825 1005 879 1049 scu
894 987 1035 1049 fabricam

60 1079 227 1159 pertineat,
249 1081 322 1142 cum
338 1076 508 1159 suppeditet
524 1077 642 1150 locum,
667 1083 762 1138 vestes
775 1093 892 1153 sacras,
908 1095 1034 1158 panem,

60 1168 167 1229 vinum
180 1214 188 1243 ‚
203 1173 261 1230 etc.
879 1213 881 1216 -

102 1259 194 1331 aaut.
213 1259 323 1319 auctor
332 1262 433 1318 autem
445 1255 630 1318 fundationis
638 1255 770 1335 adjicere
783 1254 921 1336 potestin
932 1253 1036 1316 limine

60 1345 222 1407 erectionis
236 1363 443 1426 quascumque
457 1345 645 1407 conditiones
665 1344 720 1404 sibi
734 1343 813 1406 bene
835 1344 929 1421 visas,
945 1344 1035 1404 etiam

58 1433 121 1512 juri
142 1433 298 1495 communi
312 1435 493 1508 contrarias,
510 1432 677 1495 dummodd
692 1449 754 1494 non
773 1431 834 1494 sint
852 1438 966 1514 turpes,
982 1433 1037 1493 im·

61 1521 235 1604 possibiles,
257 1529 308 1586 aut
326 1523 386 1585 alio
406 1522 497 1584 modo
519 1521 640 1600 vetitae,
666 1528 695 1583 et
717 1524 735 1582 a
757 1522 884 1583 Praeiato
906 1522 966 1582 sint
986 1522 1036 1583 ad·

61 1611 163 1672 missae
186 1631 193 1670 z
214 1611 282 1672 vide
302 1631 368 1692 cap.
394 1609 605 1692 Sipnificctam
627 1614 677 1686 tt,
699 1609 733 1671 de
753 1609 947 1683 protendis·
966 1627 1034 1691 cap„

61 1701 216 1761 Praeterea
230 1702 284 1776 23,
300 1699 335 1761 de
352 1699 557 1779 Jarepatron,
573 1705 602 1760 et
615 1717 681 1777 cap.
702 1697 830 1773 ouante,
846 1698 880 1759 de
894 1698 1032 1759 censibus.

61 1788 149 1852 Unde
163 1787 298 1850 decisum
313 1787 368 1850 fuit
382 1789 399 1850 a
414 1789 444 1850 S.
462 1789 572 1866 Congr.
589 1787 681 1848 Cone.
697 1793 728 1847 et
747 1786 912 1847 admissum
930 1789 946 1846 a
961 1789 1034 1848 Rota

61 1881 101 1940 12
119 1878 183 1956 jan.
201 1880 278 1939 1606
301 1875 383 1958 qudd
402 1877 433 1936 in
455 1873 603 1936 beneficio
626 1873 753 1955 simplici
764 1873 1033 1955 jurispatronattm,

62 1965 164 2029 iocum
179 1983 241 2027 non
253 1965 343 2027 habet
355 1964 509 2046 dispositio
519 1963 634 2025 Concit.
647 1963 781 2024 Trident.
797 1964 880 2040 (sess.
893 1965 943 2042 23,
958 1981 986 2024 c.
1003 1969 1033 2042 6,

61 2054 96 2116 de
115 2054 188 2135 res.)
205 2073 212 2113 :
228 2055 256 2116 vi
280 2054 367 2133 cujus
394 2053 453 2114 tate
482 2051 666 2114 beneficium
695 2051 835 2113 obtinens
856 2050 946 2114 debet
969 2071 1035 2114 esse

65 2148 102 2204 tt
115 2143 204 2204 annis
218 2141 324 2221 major,
341 2141 464 2224 quando
478 2141 508 2202 in
522 2139 699 2203 fundatione
707 2139 779 2203 dicti
794 2143 968 2221 patronatus
977 2142 1034 2203 dis-

63 2233 195 2312 positum
208 2229 265 2292 fuit
277 2230 359 2311 qudd
383 2231 473 2292 etiam
491 2229 623 2292 minores
642 2236 782 2311 poterunt
799 2229 887 2311 eligi3
904 2239 933 2292 et
951 2231 1035 2310 juxta

61 2321 258 2400 Fagnanum,
270 2320 301 2381 S.
318 2320 428 2401 Congr.
445 2318 601 2400 respondit
614 2319 762 2400 Episcopo
776 2319 927 2400 Nepesino
942 2320 1035 2381 Cano·

61 2409 198 2468 nicatum
212 2405 394 2469 Cathedratis
404 2425 492 2488 posse
506 2406 635 2468 conferri
645 2415 714 2468 ante
723 2413 842 2468 aetatem
852 2409 869 2468 a
878 2407 946 2485 jure
955 2425 1036 2470 eom·

59 2497 150 2558 muni
163 2495 413 2572 determinatam,
434 2495 459 2556 si
477 2495 517 2558 ita
530 2495 708 2574 dispositum
722 2493 776 2555 fuit
795 2497 812 2556 a
832 2493 990 2556 fundatore
1005 2497 1035 2557 in

60 2583 249 2646 fundationis
262 2583 387 2660 limine,
409 2589 439 2646 et
451 2583 541 2646 talem
556 2581 760 2644 conditionem
775 2582 807 2642 in
822 2583 972 2645 erectione
987 2604 1037 2666 ap-

60 2673 192 2755 positam
207 2690 294 2754 posse
309 2671 346 2733 ab
360 2671 509 2753 Episcopo
522 2669 650 2732 admitti.

103 2764 195 2824 5365.
218 2759 335 2822 Exhinc
349 2761 474 2822 infertur
487 2759 570 2842 qudd
584 2767 727 2841 patrenus
740 2760 836 2822 haeres
849 2778 903 2822 seu
917 2779 1036 2824 succes

60 2871 113 2915 sor
135 2847 324 2928 fundatoris,
350 2855 478 2930 nequeat
505 2850 596 2910 etiam
625 2866 697 2910 cum
719 2867 869 2911 consensu
895 2848 1035 2932 Episcopi

60 2947 182 3003 mutare
209 2937 396 3000 conditiones
416 2936 623 3014 fundationis,
645 2937 782 3018 quamvis
796 2937 857 3016 juri
878 2941 1036 3002 communi
1111 3019 1112 3022 Ἴ
1219 2921 1220 2982 i

58 3028 241 3094 contrarias.
256 3029 299 3088 Ita
319 3026 435 3089 censuit
457 3025 585 3108 ipsamet
606 3027 717 3107 dongr.
734 3027 868 3104 concii,
883 3033 917 3090 ut
936 3027 1037 3091 videre

58 3125 109 3181 est
122 3116 205 3199 apud
219 3117 351 3178 Ferraris
365 3118 405 3193 (v0
420 3115 610 3198 Beneficium,
625 3121 680 3176 art.
693 3119 724 3189 2,
741 3117 773 3177 n⁰
788 3117 847 3196 18),
860 3133 898 3179 ex
912 3119 1037 3180 Decreta

58 3207 217 3282 Trident,
238 3206 290 3268 ubi
313 3205 445 3267 sancitur
464 3204 548 3286 qudd
568 3221 630 3265 nou
643 3203 774 3284 amplius
787 3204 825 3266 sit
845 3205 878 3268 in
892 3211 1036 3288 potestate

59 3296 294 3358 ordinariorum
307 3293 452 3374 derogare
465 3292 688 3359 conditionibus
707 3293 739 3354 in
752 3293 927 3356 fundatione
941 3314 1035 3376 appo-

58 3386 128 3447 sitis
141 3383 233 3446 etiam
246 3382 285 3445 de
299 3401 449 3446 consensu
463 3390 657 3463 patronorum
677 3400 684 3442 :
705 3381 748 3444 sic
762 3381 849 3443 habet
869 3384 1037 3444 Concilium

58 3477 149 3556 (sesa.
165 3476 216 3548 25,
232 3489 298 3554 cap.
315 3476 355 3550 5,
370 3471 404 3533 de
417 3471 551 3552 reform.)
565 3490 572 3530 :
588 3493 603 3528 a
617 3469 701 3531 Ratio
711 3471 840 3551 postulat
854 3477 887 3532 ut
902 3471 1037 3552 illisque

57 3588 74 3623 a
103 3563 184 3624 ben'e
198 3561 359 3624 constituta
372 3567 460 3636 sunt,
476 3559 631 3622 contrariis
655 3557 894 3622 ordinationibus
909 3577 969 3618 nou
984 3559 1037 3620 de-
