2416 3954
415 219 502 270 rrocn
522 223 677 270 secururs.
976 207 1036 271 tos

83 339 96 378 ι
116 317 226 383 differas
237 322 422 384 terminare»
436 321 517 402 (cap.
534 320 742 382 Intelleximus
753 323 788 392 l,
809 321 844 385 de
857 321 927 383 novi
942 322 1038 402 operia

83 410 219 489 nuntiat).
235 410 265 472 Si
282 417 382 472 autem
397 409 535 490 parochis
550 407 691 470 inauditis
709 409 835 472 ecclesia
855 409 1035 484 aedilroetur,

84 495 130 576 ipsi
154 506 289 580 potorum
310 499 446 562 obtinere
460 506 494 560 ut
506 497 646 580 expensis
665 495 840 562 aedificantis
867 499 1038 562 destruatur

84 587 148 665 (cap.
164 589 242 664 ω,
259 587 303 649 De
316 589 383 649 noui
392 586 487 668 operis
501 587 658 663 stantiae),-
672 592 733 648 tres
747 604 867 651 menses
882 588 954 670 ipsis
968 605 1040 650 ron-

82 673 216 738 eeduntur
231 682 263 738 ut
281 675 357 755 juris
375 675 420 738 sui
436 674 645 758 praejudicium
659 674 788 756 probent
803 693 811 737 ι
825 695 893 758 cap.
919 677 950 740 Is
967 679 1017 739 eati
1025 719 1036 752 ,

82 759 184 825 decom
194 783 273 846 oper.
287 765 418 826 nuntiat.

115 855 196 914 tros.
218 853 338 916 Dictum
352 852 408 915 luit
425 852 608 936 repuleriter
621 871 634 914 .·
646 853 718 935 quia
740 859 811 915 suat
823 871 911 916 casus
924 854 954 916 in
969 855 1033 936 qui-

84 935 201 1004 buslicet
212 942 371 1004 ecclesiam
382 949 557 1006 construere
571 942 662 1006 etiam
676 959 747 1004 cum
761 941 874 1003 damno
888 937 1013 1006 'alterius
1029 964 1037 1006 ε

82 1027 101 1088 si
123 1047 223 1111 nempe
244 1029 284 1092 ob
304 1030 493 1108 distantiam,
512 1031 558 1093 vel
581 1031 696 1093 itineris
719 1029 943 1106 difficultatem,
966 1039 1038 1108 etc,

82 1119 234 1180 necessaria
248 1117 326 1181 toret
344 1120 455 1182 erectio
477 1137 563 1183 novae
581 1117 741 1201 parochiae.
762 1119 837 1180 Vide
851 1135 943 1198 supra
959 1121 1041 1196 (att-

81 1207 145 1277 358,
161 1212 248 1283 2560,
265 1207 348 1274 etot.

114 1297 193 1374 item,
209 1316 265 1378 pro
278 1296 404 1360 ecclesii
418 1297 595 1361 aedillcaodlt
604 1305 657 1362 aut
669 1294 853 1380 amplianda,
868 1295 937 1377 quis
945 1299 1042 1376 potest

81 1387 212 1448 canonice
225 1387 293 1468 cogi
308 1385 551 1450 adtendendum
564 1389 708 1464 domum,
724 1387 770 1449 vel
783 1386 875 1448 alium
890 1385 981 1446 situm
996 1384 1041 1446 vi-

81 1473 192 1536 cinum:
208 1475 249 1536 ita
263 1475 465 1538 communiter
482 1476 562 1556 apud
575 1475 708 1538 Ferraris
722 1474 904 1551 (aecclesia,
928 1479 983 1535 art.
1000 1475 1040 1551 3,

82 1573 110 1620 η’
121 1566 172 1640 53,
190 1571 263 1638 etc„
279 1563 368 1642 too);
384 1563 488 1645 positis
506 1571 607 1627 mmea
622 1563 805 1646 quibusdam
818 1561 1042 1627 conditionibus

80 1652 151 1730 apud
164 1652 306 1714 eumdem
320 1651 420 1714 relatis
430 1653 496 1730 (tt,
513 1653 554 1714 η’·
566 1658 682 1731 tlt-ua).

114 1744 198 1804 4763.
221 1741 401 1822 adimpletis
428 1740 657 1804 formalitatibus
684 1744 702 1803 d
734 1743 801 1822 jure
833 1740 1041 1823 praescriptis,

80 1825 238 1894 facultatem
263 1829 394 1910 legitime
418 1849 593 1893 concessam
625 1830 792 1911 Episcopus
815 1846 957 1892 revocare
982 1845 1043 1890 non

81 1923 181 1996 potest,
207 1919 338 1984 maxime
359 1919 384 1980 si
396 1919 459 1998 jam
479 1924 613 1981 extructa
637 1917 727 1980 fuerit
749 1917 892 1994 ecclesia,
914 1917 986 1998 quia
1006 1933 1042 1979 ex

82 2007 174 2087 regula
184 2009 261 2088 juris
278 2027 285 2067 :
303 2006 383 2069 decet
398 2007 566 2089 beneficium
581 2007 734 2088 Principis
748 2026 805 2068 esse
816 2025 996 2068 mansurum.

113 2101 197 2160 aaut.
221 2099 320 2177 Supra
333 2097 496 2158 enuntiatae
519 2094 726 2174 conditiones,
748 2096 773 2156 si
798 2101 937 2176 quartam
959 2094 1041 2156 exci-

80 2185 152 2264 pias,
164 2185 357 2248 cootinentur
373 2186 404 2246 in
418 2185 464 2247 his
479 2183 662 2267 pontificalis
677 2184 794 2248 verbis:
812 2187 933 2246 «Nemo
944 2184 1041 2246 ecclo-

80 2275 185 2336 nsiam
212 2272 359 2353 aedilroet,
384 2274 560 2356 priusquam
587 2273 742 2335 Pontificis
766 2273 880 2352 judicio
903 2273 987 2334 locus
1014 2277 1044 2334 et

80 2382 92 2418 n
114 2365 221 2426 atrium
231 2362 448 2443 designentur
463 2368 493 2424 et
505 2362 578 2444 quid
593 2362 630 2424 ad
641 2361 801 2424 luminaria
812 2361 909 2442 ,quid
925 2360 963 2422 ad
978 2377 1042 2422 roc·

80 2471 92 2508 n
114 2454 184 2514 toris
202 2452 471 2554 ministrorumque
489 2451 637 2533 stipendia
656 2451 798 2526 sufficiat,
813 2447 1000 2523 definiatur;
1015 2453 1045 2508 et

80 2560 93 2596 r
115 2559 166 2622 per
179 2559 268 2616 eum,
285 2539 332 2602 vel
353 2541 419 2620 ejus
439 2540 629 2616 auctoritate,
651 2557 704 2638 per
718 2536 904 2598 sacerdotem
924 2551 1000 2596 crux
1012 2535 1045 2595 in

79 2649 93 2685 r
114 2647 150 2691 eo
164 2629 231 2692 loco
245 2627 353 2708 ligatur
366 2635 397 2690 et
409 2629 496 2709 Lapis
509 2624 700 2689 Primarius
692 2643 723 2685 m
738 2621 936 2684 fundamento
949 2639 1044 2701 pona·

80 2737 93 2774 r
114 2724 170 2780 tur
195 2741 211 2778 a
239 2717 283 2779 Ile
308 2716 512 2778 Benedicttone
533 2724 563 2778 et
582 2712 769 2796 impositione
785 2708 934 2772 Primurr'i
954 2709 1047 2789 Lapi-

79 2805 137 2876 dis,
154 2813 212 2872 eto.
230 2807 313 2868 Circa
335 2805 517 2868 haecomnia
536 2803 693 2868 rideantur
713 2797 906 2862 Reiffeustuel
925 2796 989 2876 (lib.
1005 2799 1045 2876 3,

81 2894 119 2956 tit
135 2900 188 2973 48,
204 2894 247 2957 n*
259 2897 361 2973 4l3);
377 2893 480 2958 Instit.
495 2896 532 2956 rt.
548 2893 641 2955 detti.
658 2892 789 2972 (parsi,
805 2886 885 2950 lib.t
900 2889 1046 2969 ,.,cap2

80 2990 131 3046 art.
148 2987 263 3061 tst2);
281 2981 533 3046 PraelectionesS.
546 2979 699 3061 Sulpitr'i,
711 2989 743 3039 n⁰
759 2979 829 3040 507.

116 3073 273 3145 Quomodo
295 3079 397 3136 autem
423 3073 484 3134 sint
505 3069 657 3151 erigendo
678 3066 821 3130 Ecclesiae
842 3063 1046 3145 Cathedrales,

83 3159 264 3242 collegiatae,
289 3159 493 3246 parochiales,
517 3157 683 3239 regulares
710 3155 892 3218 sufficienter
916 3154 1049 3216 diximus

82 3249 109 3310 iu
119 3253 181 3314 suis
199 3251 282 3314 locis.
301 3249 373 3313 Vide
387 3267 478 3332 supra
492 3251 654 3329 (saecat,
671 3247 820 3325 336-340,
835 3247 933 3318 2264,
949 3247 1047 3322 2265,

81 3341 166 3412 2540,
183 3343 266 3421 etc.)-
