2420 3968
187 236 247 296 581
409 246 548 293 urrunnu
567 245 668 292 rarius
687 245 768 290 roais
789 245 935 290 cnuourcr.

228 347 317 408 soor.
341 344 403 406 Nec
417 341 507 420 objici
521 346 618 422 potest
632 341 726 403 Breve
745 341 880 420 Gregorii
892 343 959 403 lilii
976 342 1048 404 anni
1063 343 1144 418 last,

189 434 228 500 ad
240 435 423 495 Remensem
436 429 618 500 praesulem,
635 427 739 510 inquo
753 427 882 490 dicitur:
903 451 919 490 u
933 430 1026 494 Nobis
1039 428 1144 511 quiden

189 547 204 583 a
227 523 357 602 idipsum
370 525 472 581 lecum
483 521 545 580 una
558 515 729 579 dolentibus
739 515 813 578 nihil
826 517 987 599 optabilius
1000 518 1090 596 forat,
1104 519 1145 578 l'a

190 635 205 671 o
230 608 372 672 nerabilis
386 609 503 684 Frater,
519 608 612 687 quam
626 611 661 667 ut
680 611 870 668 servarentur
887 607 1003 690 ubique
1017 607 1093 690 apud
1105 623 1145 667 ros

190 722 205 759 s
229 697 464 761 constitutiones
478 697 509 758 S.
526 694 570 756 Pii
584 695 647 756 V...
660 695 703 756 lta
716 693 808 776 igitur
821 694 853 756 in
867 695 942 758 votis
952 703 1048 772 essct,
1062 697 1146 758 Vane·

190 809 205 846 u
228 785 331 849 rabilis
345 787 459 848 Frater.
482 783 595 846 Vertrm
608 789 643 846 tu
658 801 780 864 quoque
800 783 895 865 probe
917 784 1058 866 intelligis
1070 787 1146 866 quin

191 897 206 935 u
231 873 351 936 difficile
375 872 565 956 arduumque
588 871 627 934 sit
653 889 771 934 morem
794 872 880 934 illum
904 873 1087 950 conuellere,
1106 871 1145 933 uli

192 987 206 1024 a
233 963 325 1045 longo
343 962 424 1045 apud
450 979 503 1024 vos
529 959 672 1041 temporis
698 978 790 1024 cursu
810 961 961 1023 inolevit:
983 969 1072 1044 atque
1090 960 1145 1022 hine

194 1075 207 1110 u
233 1052 344 1126 Nobis,
358 1049 497 1133 praviore
510 1047 706 1112 indedisaidiu
717 1048 999 1128 reformidantibus,
1015 1051 1146 1112 abstinen-

195 1163 208 1199 s
233 1140 308 1203 dum
321 1140 354 1201 in
365 1159 492 1222 presens
504 1139 602 1200 visum
615 1143 674 1215 cst,
688 1137 828 1199 neduma
842 1157 875 1200 re
888 1138 1010 1219 pleniirs
1019 1136 1144 1220 urgendi,

195 1253 210 1287 u
232 1228 285 1291 sed
299 1229 389 1290 etiarn
409 1229 426 1290 a
441 1226 643 1308 peculiaribus
657 1225 694 1287 ad
708 1224 799 1288 dubia
813 1245 882 1308 quae
892 1245 1089 1309 proposueras
1100 1243 1146 1287 res

194 1340 209 1376 o
230 1313 822 1398 ponsionibusedendis.Gaetcri1m,etc.
839 1337 855 1374 a
874 1335 883 1376 ε
900 1333 972 1377 nam
990 1312 1144 1396 huiusmodi

195 1404 291 1467 verbis
305 1403 430 1464 minime
446 1401 583 1464 Pontifex
593 1401 688 1465 illatas
697 1403 778 1484 apud
787 1421 843 1465 nos
857 1410 963 1467 contra
976 1403 1147 1468 Constitutio

196 1510 265 1553 nem
279 1491 324 1552 Pii
338 1493 363 1548 V
376 1490 519 1571 liturgias,
533 1492 697 1572 approbat;
711 1491 762 1552 sed
772 1491 809 1552 ad
823 1509 980 1555 summum
991 1511 1031 1556 ex
1043 1492 1078 1554 iis
1089 1508 1148 1553 cun·

195 1578 275 1642 cludi
298 1583 396 1661 potest
417 1578 481 1640 illas
501 1577 646 1642 duntaxat
665 1582 878 1643 momentanee
898 1581 1028 1643 tolerare
1046 1585 1147 1662 propter

196 1675 312 1730 melum
323 1668 492 1749 prociarum
510 1667 576 1730 iude
589 1667 873 1749 resonuidaadorum
881 1668 1081 1732 dissidiorum.
1091 1667 1149 1728 tlte

197 1758 291 1820 Bouix
307 1756 370 1836 tib„
387 1775 456 1838 pars
470 1761 507 1834 5,
523 1776 554 1838 p.
571 1755 615 1835 6).

121 1909 147 1922 ,,
236 1849 325 1920 5062.
348 1845 469 1918 Quaerit.
486 1849 517 1906 1ο
532 1847 578 1906 An
588 1843 771 1906 beneficiarii
783 1863 854 1907 suos
865 1844 976 1908 iaciant
990 1845 1152 1927 fruetusper

196 1935 401 1997 recitationem
411 1935 545 1996 breviarii
555 1941 658 1996 contra
665 1932 1040 2014 dispositionesBullarum
1048 1937 1080 1999 S.
1088 1934 1128 1996 Pii
1135 1935 1152 1989 l'

197 2021 276 2102 apud
292 2041 347 2082 nos
362 2021 549 2083 introducti?

236 2112 325 2189 Resp.
343 2109 374 2170 S.
392 2109 479 2172 Pium
494 2113 519 2168 V
530 2157 538 2183 ‚
554 2118 689 2190 utsupra
702 2110 860 2174 retulimus
874 2112 920 2188 (η’
933 2113 1026 2189 5016,
1041 2113 1075 2172 in
1087 2111 1150 2193 fiae),

196 2197 298 2258 insat
316 2197 438 2257 Constit.
457 2195 568 2272 Quadri
582 2197 690 2274 Nubis,
707 2201 808 2279 aperte
822 2198 991 2261 declarasse
1007 2219 1015 2260 ε
1036 2198 1152 2262 «Nemi-

196 2305 211 2342 n
236 2301 307 2346 nem
321 2301 358 2346 ex
370 2282 407 2346 iis
429 2285 540 2365 quibus
554 2285 612 2349 hoc
624 2286 744 2348 dicendi
759 2286 965 2370 psallendique
986 2306 1099 2351 munus
1111 2303 1155 2348 ne

196 2393 211 2432 a
236 2372 365 2435 cessario
380 2371 554 2453 impositum
566 2381 621 2452 est,
638 2375 695 2436 nisi
709 2375 766 2437 lrtc
778 2375 842 2438 sola
855 2375 985 2438 formula
998 2375 1156 2440 satisfacere

196 2483 212 2521 u
236 2479 334 2544 posse.
350 2483 366 2521 a
384 2461 470 2526 Unde
484 2463 555 2524 curn
569 2463 589 2524 ii
604 2463 656 2546 qui
669 2463 727 2525 alio
741 2463 888 2528 breviario
902 2463 1063 2545 illegitimo
1076 2472 1155 2528 aurn-

196 2557 258 2625 tur,
273 2549 428 2614 manifeste
443 2569 504 2613 non
518 2550 716 2628 satisfaciant,
732 2569 793 2613 non
806 2560 932 2633 possunt
950 2553 1156 2617 fructusbeue

197 2637 255 2701 licii
270 2639 471 2716 lacerosum,
487 2639 602 2701 etiamsi
621 2639 653 2700 in
668 2639 748 2701 bona
767 2639 827 2702 lide
848 2647 958 2703 essent.
975 2644 1055 2705 Cum
1066 2649 1158 2704 tamen

88 2785 92 2790 .
197 2725 556 2807 hujusmodibeneirciarii
568 2727 633 2789 haec
641 2728 788 2790 Brevioria
800 2732 970 2807 recitantes,
980 2731 1159 2794 soleantesse

197 2815 228 2876 in
241 2817 320 2879 laona
330 2817 405 2893 lide,
418 2814 580 2877 dicendum
594 2821 638 2876 est
649 2834 701 2878 eos
712 2815 749 2878 ad
764 2817 984 2879 restitutionem
999 2837 1061 2882 non
1071 2817 1157 2880 teneri

198 2903 255 2964 nisi
270 2906 390 2984 quando
413 2923 473 2966 non
488 2912 739 2984 consumpserunt
754 2903 868 2966 fructus
889 2905 1029 2970 beneficii
1049 2923 1157 2990 perma-

199 2997 304 3052 nentes
320 2993 351 3051 in
366 2992 446 3054 bona
461 2993 520 3054 lide
532 3039 540 3070 ,
554 2992 600 3055 uel
614 2991 671 3053 nisi
683 2992 792 3056 exinde
805 2991 928 3056 ditiores
942 2996 1100 3058 eraserint.
1115 2997 1157 3055 ln·

198 3093 303 3156 super,
323 3078 390 3138 licet
413 3077 586 3156 hujusmodi
609 3079 723 3142 fructus
743 3099 805 3142 non
825 3083 1083 3164 consumpserint,
1104 3099 1158 3144 me

198 3165 254 3224 ritd
269 3165 460 3243 praesumitur
474 3167 555 3247 quod
578 3167 830 3230 condonationem
848 3167 934 3234 facile
956 3170 1123 3235 obtinerent
1142 3170 1158 3228 'a

198 3252 213 3310 a
225 3251 255 3310 S.
270 3251 346 3312 S'ede
355 3251 392 3312 ad
406 3271 509 3332 quarn,
525 3257 555 3316 in
567 3256 623 3318 hoc
632 3273 719 3332 casu,
731 3274 807 3337 opus
816 3263 861 3320 est
874 3275 1031 3321 recursum
1043 3257 1156 3321 habere.

198 3336 272 3397 Vide
286 3338 365 3416 apud
379 3339 473 3400 Bouix
488 3343 625 3418 (Dedere
638 3344 802 3424 Liturpica
818 3365 848 3426 p.
864 3349 901 3420 5,
916 3351 934 3409 9
948 3354 978 3408 ct
993 3351 1053 3424 10).

237 3427 326 3521 5013.
349 3425 470 3495 Quaerit.
491 3431 522 3488 2⁰
547 3434 593 3490 An
617 3431 649 3492 in
668 3431 849 3495 dioecesibus
870 3433 992 3515 liturgia
1012 3435 1157 3516 illegitimi

198 3509 364 3586 utentibus,
376 3511 475 3573 clerici
491 3515 636 3580 breviario
647 3518 779 3584 adstricti
791 3527 959 3600 teneantur,
976 3523 1067 3586 invito
1074 3522 1156 3604 Epis·

199 3611 288 3674 copo,
305 3595 453 3678 liturgiam
468 3603 633 3668 Ronlanum
648 3609 853 3673 P‘ost-Pianam
867 3610 1027 3692 amplecti?
