2420 3968
175 282 233 342 552
393 297 529 340 nannius
549 295 649 342 runos
669 295 751 339 runrs
771 291 918 339 omnuim.

175 397 290 459 sublata
304 397 322 457 e
335 397 396 457 un.
415 397 476 458 llll.
492 396 629 477 Lynnnet
642 395 694 478 qui
705 393 856 474 jejunium
870 393 986 456 remisit
998 393 1029 457 in
1042 393 1127 457 sabba·

176 493 241 547 tum
255 485 480 546 Solemnitatem
495 483 681 566 precedens.

217 585 260 644 Ex
274 582 469 646 concessione
483 589 583 645 eutem
605 581 690 645 Sedis
711 581 889 663 Apostolicae
903 581 1052 662 jejunium
1065 599 1129 662 pra·

177 671 341 734 latumnon
353 672 467 752 obligat
478 672 509 733 in
523 671 704 752 quibusdam
717 669 908 749 dioecesibus,
921 689 951 734 v.
965 689 1011 753 g„
1021 670 1051 732 in
1063 669 1129 732 uns

176 761 236 822 cesi
251 760 397 842 Aquensi.

215 861 306 922 4978.
318 859 429 921 Praeter
438 858 503 921 dies
514 858 711 938 jejuniorum,
726 861 797 922 suat
809 857 898 921 etiam
907 857 957 920 alii
969 857 1033 921 dies
1042 857 1070 918 in
1076 855 1132 937 qni·

176 947 233 1010 bus
244 949 262 1010 a
275 947 416 1010 carnibus
427 955 473 1010 cst
486 947 707 1024 abstinendum,
718 965 829 1029 nempe
840 945 905 1008 dies
914 947 1034 1009 veneris
1046 943 1133 1007 etseo

177 1035 238 1098 bati
257 1037 287 1098 in
306 1037 432 1118 singulis
445 1035 702 1116 hebdomadibus,
722 1041 846 1118 excepto
869 1041 974 1097 tamen
993 1053 1064 1098 casu
1083 1051 1134 1114 qun

180 1125 320 1188 Nativitas
338 1127 457 1188 Domini
497 1125 604 1188 iisdem
623 1124 730 1188 diebus
747 1123 907 1202 accideret,
929 1133 965 1188 ut
980 1129 1134 1188 constater

180 1233 249 1296 cap.
265 1213 423 1296 duplicat.
438 1217 469 1294 3,
484 1213 519 1277 de
531 1214 607 1277 obst.
616 1213 718 1296 jejun.

626 1431 701 1514 §u

360 1685 364 1693 Ι
434 1589 478 1652 De
490 1587 688 1651 crematione
705 1589 903 1673 Jejuoiorum.

222 1797 311 1859 4979.
333 1794 521 1876 Preeeptum
540 1793 696 1874 jejunandi
724 1793 836 1876 obligat
857 1793 915 1856 sub
937 1794 1020 1875 grad
1046 1809 1138 1856 omnes

183 1883 286 1946 fideles
297 1885 348 1966 qui
362 1889 398 1946 21
411 1901 526 1946 annum
540 1883 717 1962 attigerunt,
733 1901 789 1946 nec
807 1883 919 1946 habent
931 1883 1078 1946 rationem
1093 1883 1139 1962 qut
1194 1891 1195 1970 t

183 1974 298 2068 possint
311 1973 400 2034 abeo
414 1971 558 2034 excusari.
574 1973 617 2033 lta
630 1971 842 2035 communiter.

222 2069 290 2130 Tria
304 2076 404 2131 autem
424 2069 620 2151 requiruntur
640 2069 678 2132 ad
698 2070 764 2149 ejus
784 2069 1030 2154 adimpletionem
1050 2089 1058 2132 :
1075 2073 1104 2133 l·
1116 2077 1141 2130 ut
1193 2033 1194 2114 l

181 2155 234 2217 fiat
254 2159 343 2218 unica
358 2159 476 2220 tantiun
498 2159 643 2220 comestio
663 2161 695 2220 in
716 2160 765 2222 die
784 2159 815 2222 in
834 2158 941 2223 ordine
959 2159 999 2222 ad
1018 2160 1141 2223 nutritio
1192 2165 1193 2258 l

181 2263 271 2320 nem;
287 2249 317 2305 2⁰
332 2251 365 2307 ut
384 2245 569 2308 abstineatur
583 2248 622 2310 ab
635 2265 688 2311 esu
702 2250 858 2324 carnium,
878 2249 957 2326 iord,
977 2249 1008 2310 in
1026 2248 1140 2330 quibus·
1191 2311 1192 2316 γ

181 2332 251 2395 dnm
265 2333 402 2413 jejuniis,
418 2334 456 2396 ab
474 2354 528 2399 esu
546 2355 672 2401 ovorum
686 2344 716 2400 et
729 2337 962 2414 lacticiniorum3
977 2341 1010 2400 3ο
1027 2343 1062 2400 ut
1074 2355 1141 2399 non·
1191 2321 1192 2402 l

182 2423 239 2484 nisi
253 2427 334 2486 certe
347 2422 440 2506 hort,
456 2423 487 2486 id
496 2433 541 2487 est
554 2427 633 2488 cirea
646 2427 813 2502 meridiem,
830 2426 882 2488 fiat
895 2425 945 2488 illa
957 2427 1089 2490 relectio.

221 2525 311 2585 4980.
327 2556 367 2567 —
380 2524 404 2584 1.
421 2521 598 2602 Requim'tur
610 2523 695 2584 unico
709 2523 845 2604 resectio,
861 2522 992 2585 amedit
1006 2530 1092 2588 nocte
1110 2523 1140 2585 ad

184 2611 315 2674 mediam
338 2619 457 2673 noctem
476 2617 676 2693 sequentem:
699 2613 779 2676 unde
803 2613 964 2695 prandium
977 2632 1045 2694 ⁸non
1064 2613 1140 2676 debet

183 2701 360 2783 interrumpi
381 2699 533 2762 moraliter
554 2719 562 2776 ;
584 2720 724 2782 quaenam
744 2703 814 2764 vern
832 2701 1010 2783 interruptio
1032 2703 1140 2766 moratis

183 2791 222 2852 sit
235 2789 407 2867 censenda,
423 2789 462 2851 ita
477 2796 511 2851 ut
522 2789 644 2853 refectio
655 2792 719 2870 jam
728 2791 858 2874 amplius
869 2809 930 2854 non
945 2792 983 2854 sit
996 2793 1076 2854 una?
1089 2809 1140 2854 non

183 2879 417 2944 omninoinhoc
426 2879 1138 2963 corrcordantllll.;proculdubi0,inquitS.Lig.

185 2965 249 3044 (lib.
264 2969 295 3044 3,
312 2969 344 3027 n⁰
358 2971 457 3046 toto),
474 2987 527 3050 per
540 2967 923 3052 homminterrumperetur
939 2986 947 3030 t
963 2988 1036 3034 casu
1051 2975 1139 3034 tamur

183 3073 244 3135 quo
271 3055 425 3133 negotium
448 3056 662 3134 intercederet,
691 3060 776 3139 juxta
809 3057 997 3140 probabilem
1020 3061 1139 3142 plurium

182 3141 382 3218 sententiam,
397 3159 454 3204 nec
468 3146 557 3207 etiam
572 3166 625 3228 per
640 3147 716 3209 duas
730 3147 819 3210 horas
833 3146 918 3210 tieret
931 3149 1051 3212 moralis
1064 3150 1139 3212 inter·

183 3229 282 3309 ruptio
302 3239 439 3310 respectu
461 3231 540 3296 illius
553 3237 605 3317 qui
621 3255 682 3298 non
703 3237 885 3300 sufficienter
905 3255 938 3299 se
954 3238 1072 3316 refecit;
1088 3239 1140 3299 ind

182 3317 285 3392 Groix,
304 3335 375 3378 cum
402 3319 467 3379 aliis
489 3323 691 3404 quibusdam,
713 3324 812 3388 adhuc
837 3325 1030 3408 probabiliter
1047 3327 1140 3390 asserir

184 3419 271 3482 posse
285 3421 356 3464 eum
370 3405 407 3466 ad
422 3407 582 3486 prandium
593 3411 709 3491 redire,
723 3421 1006 3497 quantumcumque
1018 3415 1052 3478 sit
1066 3417 1138 3492 sero,

182 3487 350 3552 dummodo
364 3494 519 3556 retinuerit
533 3495 730 3562 intentionem
745 3502 892 3565 redeundi
907 3521 914 3581 ;
931 3506 1036 3568 merito
1048 3513 1138 3569 autent

185 3575 217 3636 ὃ.
233 3577 391 3676 Lignorius
404 3588 488 3662 putat
502 3587 640 3664 possead
655 3590 817 3670 prandium
826 3591 923 3655 redire
937 3611 1009 3658 enm
1022 3593 1073 3676 qui
1087 3613 1138 3656 non

183 3661 364 3728 sufficienter
383 3685 417 3728 aa
438 3669 553 3746 reiicit,
574 3674 691 3740 etiamsi
712 3697 776 3743 non
795 3679 934 3743 habuerit
954 3681 1138 3747 intentionem
1172 3745 1173 3748 ,
