2474 3946
902 66 1100 147 ,-‡'

209 283 268 355 mo
429 302 569 352 33333333
588 301 689 349 333333
708 299 791 348 rums
811 297 958 345 33333333.

207 413 238 466 34
256 401 365 464 3334333
382 401 429 465 cel
444 402 540 464 tribus
560 399 697 473 testibus,
718 406 856 478 tanquam
870 395 903 456 in
915 393 1107 455 executionem
1119 391 1165 455 ue

205 492 285 554 creti
309 491 439 556 Concidit
464 489 631 552 Tridentini
647 485 848 549 celebraretur·
868 502 881 546 .·
894 483 1026 563 citatque
1047 480 1167 544 Ponliler

204 580 448 644 'Declarationem
457 581 556 642 Sacrae
569 575 816 660 congregationis
825 569 949 636 Concilii
957 575 997 634 46
1005 569 1168 654 septembris

205 672 287 733 44604
303 677 331 732 34
346 673 384 733 30
399 669 497 732 martii
513 671 602 732 4669.

251 762 341 821 4344.
364 761 431 821 Non
463 765 565 820 autem
587 755 704 818 videtur
724 751 816 817 luisse
842 769 931 815 mens
953 749 1078 814 Concilii
1099 747 1170 832 quhd

212 865 265 930 per
279 847 393 929 praelati
408 849 523 910 Decreli
535 845 782 929 publicationem,
793 839 947 904 acatholici
961 845 1172 902 commorantes

212 936 243 1000 in
265 935 406 1018 parochio
426 935 478 998 ubi
499 935 533 997 ht
550 931 721 1015 hujusmodi
743 929 944 1014 promulgatio
963 935 994 992 34
1014 928 1172 992 societatem

213 1031 379 1106 separatam
406 1023 570 1101 faciontes,
595 1021 812 1104 impedimento
841 1017 1087 1081 clandestinitatis
1106 1016 1172 1078 deti·

213 1121 341 1176 neantur
357 1133 364 1174 :
381 1113 455 1175 illud
476 1112 709 1192 enimconstare
723 1108 841 1170 videtur
853 1125 891 1170 ex
908 1107 1067 1168 llecisione
1088 1107 1174 1168 Bene-

212 1201 284 1264 dicti
299 1204 365 1264 xlv
383 1201 462 1264 circa
477 1201 669 1262 matrimonia
687 1198 898 1262 haereticorum
916 1196 948 1258 in
967 1193 1070 1276 Belgio
1087 1193 1173 1269 sacta3

213 1309 283 1352 333333
307 1293 467 1352 Decretum
488 1289 613 1352 Concilii
634 1287 819 1371 publicatum
841 1283 981 1360 4333334433
996 1282 1053 1346 hac
1066 1285 1177 1346 Provin-

213 1377 259 1439 343
275 1397 282 1437 :
301 1377 495 1439 nihilominus
510 1377 665 1455 Pontifex,
685 1393 766 1439 anno
791 1377 887 1451 4444,
903 1373 1177 1454 incongregatione

214 1467 350 1536 Concilii,
375 1465 565 1527 «declaravit
577 1467 740 1548 statuitque
754 1461 946 1527 matrimonia
959 1463 992 1524 in
1010 1461 1097 1525 dictis
1115 1463 1178 1524 Pro

214 1577 229 1615 3
253 1554 359 1618 vinciis
377 1555 455 1617 inter
467 1553 624 1618 haereticos
645 1552 847 1636 usquemodo
869 1558 1022 1615 eontracta
1035 1599 1043 1630 ‚
1058 1569 1179 1632 queque

214 1667 229 1704 3
254 1644 286 1707 43
305 1646 461 1727 postorhm
481 1645 712 1721 contrahentur,
728 1641 843 1706 etiamsi
857 1640 955 1704 lorma
976 1643 995 1702 tr
1013 1640 1180 1704 Tridentino

227 1749 241 1788 t
255 1735 428 1819 praescripta
450 1753 512 1796 non
535 1733 668 1797 fueritin
688 1733 725 1795 iis
747 1729 935 1794 celebrandis
948 1737 1082 1808 servata,
1101 1729 1180 1792 dum-

215 1849 229 1882 3
256 1825 348 1888 modo
371 1824 452 1888 aliud
467 1842 529 1886 non
553 1821 700 1885 obstiterit
715 1821 897 1884 canonicum
917 1817 1179 1900 impedimentum,

216 1937 230 1972 3
256 1933 312 1994 pro
326 1914 430 1975 validis
444 1912 582 1974 habenda
595 1930 671 1974 esse.
688 1933 703 1970 3
721 1908 804 1972 ldem
818 1908 890 1970 dicit
907 1907 945 1970 de
957 1907 1106 1990 conjugiis
1118 1925 1180 1989 quae

218 2002 247 2060 in
264 2001 369 2062 iisdem
385 2001 548 2062 Provinciis
568 2000 786 2062 contrahuntur
804 1996 967 2059 catholicos
985 1997 1064 2059 inter
1078 2005 1108 2060 et
1124 1997 1180 2059 hae·

217 2089 341 2162 reticos3
363 2108 435 2169 ergo
453 2089 615 2168 publicatio
632 2087 755 2150 Concilii
769 2085 936 2148 Tridentini
951 2086 983 2148 in
1005 2085 1108 2166 aliquo
1121 2087 1181 2148 lora

216 2175 310 2248 lacta,
337 2176 419 2237 irrita
441 2195 561 2258 semper
585 2195 646 2237 nou
671 2177 743 2238 43344
765 2175 956 2238 matrimonia
978 2175 1180 2239 hereticorum

217 2263 262 2326 rel
283 2281 353 2324 cum
373 2263 520 2325 haereticis
540 2264 629 2340 inita,
653 2263 705 2326 sed
720 2264 755 2326 ad
771 2265 828 2326 hoc
851 2263 963 2344 requiri
976 2261 1180 2346 videturqutld

216 2351 295 2414 dicta
317 2353 517 2433 promulgatio
537 2355 599 2414 tam
614 2370 668 2433 pro
683 2351 829 2415 haereticis
851 2356 943 2432 quam
967 2371 1022 2434 pro
1036 2351 1182 2415 catholicis

216 2439 294 2502 facta
317 2440 424 2515 luerit,
449 2442 555 2503 saltem
577 2442 601 2502 si
624 2441 797 2504 333434343333
819 2449 986 2521 separatum
1009 2439 1180 2515 efforment;

217 2525 276 2592 hoc
290 2529 370 2590 idem
383 2530 482 2612 colligi
501 2529 622 2612 insuper
644 2536 741 2611 potest
757 2547 795 2592 ex
813 2529 946 2609 eoquod
961 2529 1128 2592 Concilium
1147 2530 1182 2592 vi·

216 2618 323 2685 deutur
331 2619 507 2702 praecepisse
517 2618 790 2701 promulgationem
800 2617 831 2678 in
841 2619 1022 2698 untquttque
1034 2617 1180 2698 parochie,

217 2715 252 2772 ut
273 2709 316 2770 sic
329 2707 411 2772 433443
425 2726 487 2772 non
504 2707 701 2771 redderentur
714 2706 818 2769 omnio
837 2704 1071 2770 acatholicorum
1086 2705 1181 2769 matri·

221 2813 332 2860 moilla.

255 2887 347 2944 4345.
370 2886 508 2946 Attamen
518 2881 993 2945 nanceonolusionemadmittere
1010 2901 1073 2947 nnn
1085 2881 1181 2946 uideu-

217 2974 266 3032 tur
279 2970 423 3031 Analecta
437 2971 568 3048 (janvier
582 2974 676 3041 4856,
694 2970 751 3032 ool.
771 2973 866 3048 4888)
881 2969 1052 3034 ubidicitur
1067 2991 1075 3034 ε
1102 2994 1119 3032 ι
1138 2975 1179 3032 Au

216 3077 232 3117 3
254 3058 412 3136 jugement
424 3057 462 3117 de
477 3058 505 3119 lo
519 3059 625 3121 833333
638 3059 855 3140 Congregation
866 3105 874 3136 ,
886 3059 929 3120 les
942 3059 1090 3140 mariages
1103 3059 1179 3123 clan-

218 3165 234 3205 3
257 3144 369 3206 (43344333
383 3154 467 3206 entre
483 3143 653 3227 he'rctiques
665 3157 693 3209 ct
703 3146 887 3228 catholiques
900 3153 969 3209 sont
979 3148 1047 3210 nuls
1056 3147 1131 3212 dans
1144 3149 1180 3208 les

218 3254 233 3291 3
258 3249 332 3312 pays
345 3232 490 3312 nuxquels
504 3233 531 3295 le
546 3235 729 3314 saint-Siege
743 3235 792 3296 n’a
805 3253 858 3316 pas
870 3233 981 3297 etondu
994 3233 1115 3300 l’Indult
1128 3251 1179 3318 que

216 3340 232 3378 3
257 3319 364 3380 Benolt
384 3322 450 3382 xlv
464 3321 590 3383 accordn
603 3326 620 3384 3
639 3323 667 3384 la
681 3323 826 3386 llollande
839 3344 854 3382 3
869 3342 878 3400 ;
893 3331 934 3401 34,
948 3324 1006 3385 col.
1031 3327 1119 3402 4844,
1135 3321 1179 3386 uhi

217 3405 307 3470 otiam
324 3407 433 3488 legitur
451 3427 458 3468 :
482 3409 555 3470 «Le
578 3409 666 3488 Sidge
688 3411 882 3492 Apostoliqne
899 3427 936 3486 a,
954 3411 1030 3473 dans
1048 3411 1177 3484 lucullo,

217 3517 233 3555 3
256 3495 341 3576 porte
355 3495 382 3556 la
395 3494 660 3558 condescendence
674 3499 796 3578 jusqu'h
808 3497 998 3561 sanctionner
1019 3499 1047 3562 la
1068 3497 1178 3564 validite'

217 3605 233 3642 3
257 3583 299 3645 du
313 3585 444 3663 mariage
457 3583 511 3646 des
524 3582 694 3663 here'tiques
706 3584 782 3646 dans
796 3584 839 3648 les
849 3586 968 3668 re'gions
977 3587 1017 3649 oh
1028 3587 1055 3650 le
1064 3586 1178 3652 Concilo

217 3692 233 3733 3
256 3670 333 3732 avait
345 3671 392 3733 343
404 3669 532 3751 dhment
544 3671 724 3752 promulgat
734 3717 741 3750 ,
753 3673 867 3736 43333343
880 3671 924 3736 les
935 3672 1134 3742 de'elaratious
1145 3674 1177 3738 de
