2420 3968
377 219 462 266 arran
482 220 640 268 saturnos.
942 211 999 272 aba

30 351 43 382 a
66 323 261 386 intirmorum
275 321 441 404 appetitum
455 321 586 385 eomedit
606 341 715 405 parum
727 373 735 402 ‚
749 324 840 388 etiam
854 326 963 389 earnis.
982 349 997 386 a

65 415 157 476 5028,
182 412 353 489 Gaeterirm,
378 411 476 494 inquit
490 413 521 474 S.
541 412 664 492 Liguor.
686 413 781 491 (ibid,
805 423 838 476 nl
859 418 954 492 tara,
969 415 1001 476 in

31 501 99 582 fine)
118 521 126 563 ε
147 501 209 564 «Si
224 501 293 582 quis
309 519 371 562 non
384 500 492 562 habeat
510 519 633 563 oausam
647 500 782 564 absolute
802 503 1002 566 sufficientem

30 619 44 650 ι
66 589 104 652 ad
120 609 192 653 eum
207 588 413 651 excusandum
427 590 444 650 l
452 589 569 669 Jejunio
583 588 833 671 quadragesimali
844 640 852 670 ‚
864 599 894 655 et
902 592 1003 674 aliqua

30 701 43 736 r
66 680 145 742 ratio
168 679 225 760 ipsi
242 677 403 760 probabilis
417 685 446 740 el
463 679 543 758 justa
561 685 717 760 appareat,
736 683 798 760 qut
817 682 934 744 tantum
956 681 1003 745 bis

14 827 16 831 ,
30 791 44 826 n
67 768 115 830 rel
128 775 176 830 ter
189 769 222 830 in
237 765 426 830 hebdomada
437 766 564 847 jejunet,
576 785 638 830 non
652 774 697 830 est
711 768 864 848 urgendus
878 770 915 832 ad
925 770 1002 851 jeiu-

32 881 44 915 ι)
69 857 224 927 nandum,
250 856 366 918 etiarnsi
386 875 477 918 causa
498 856 548 918 illa
562 874 625 918 non
645 857 770 918 omnino
784 857 928 934 sufficiat,
950 858 1003 922 sed

30 969 45 1004 r
68 944 289 1027 relinquendus
302 950 347 1006 est
368 945 399 1005 in
414 948 467 1007 sut
482 944 559 1006 bont
582 944 657 1023 fide,
673 963 711 1007 ne
726 946 790 1027 ipse
803 944 880 1008 sorte
893 945 1004 1010 deinde

31 1059 45 1094 r
67 1035 175 1096 omnia
185 1033 301 1114 jeiunia
314 1032 501 1115 culpabiliter
514 1033 641 1096 omittat.
658 1056 673 1092 n

68 1127 162 1187 5029.
187 1127 233 1184 An
256 1129 356 1210 autem
380 1122 494 1204 possint
515 1122 580 1184 dari
597 1140 704 1185 earnes
726 1123 758 1184 in
778 1123 1004 1204 eleemosynam

31 1213 139 1276 diebus
152 1211 271 1274 vetitis?
285 1213 349 1274 line
362 1211 494 1293 pendere
507 1217 604 1294 potest
617 1213 635 1273 a
648 1211 736 1274 rarlis
750 1211 982 1276 circumstantiis
995 1231 1003 1274 r

31 1301 253 1365 rideturenim
275 1301 356 1364 certe
376 1300 454 1382 ipsas
475 1299 695 1382 possederitis
718 1301 770 1383 qui
788 1302 883 1365 alium
901 1300 1005 1364 cibum

33 1409 92 1453 non
117 1389 249 1468 habent,
277 1389 315 1451 ab
337 1388 384 1450 his
406 1389 458 1470 qui
485 1389 576 1452 aliam
597 1389 822 1472 eleemosynam
845 1389 1006 1452 commode

32 1479 152 1561 elargiri
167 1484 319 1560 nequeant
338 1498 346 1554 ;
364 1477 389 1540 si
411 1478 482 1540 vero
496 1479 586 1540 aliam
599 1478 824 1560 eleemosynam
846 1477 1006 1541 commode

32 1569 104 1630 dare
119 1573 260 1650 possent,
280 1585 368 1630 casus
381 1565 491 1629 dubius
512 1567 585 1629 mihi
606 1567 722 1629 videtur
740 1567 838 1650 quoad
860 1585 1007 1649 pauperes

33 1661 84 1740 qui
116 1657 211 1718 alium
243 1656 346 1719 cibum
376 1673 438 1717 non
465 1654 576 1718 habent
605 1676 613 1716 ε
642 1656 742 1737 quoad
770 1657 840 1718 verb
869 1674 921 1718 eos
954 1657 1006 1736 qui

33 1749 127 1811 alium
142 1745 265 1822 halront,
279 1745 326 1807 vel
339 1743 377 1806 de
392 1743 469 1805 facili
483 1743 654 1821 habebunt,
672 1763 733 1806 non
747 1745 858 1806 debent
871 1745 915 1806 eis
932 1761 1007 1825 prae·

33 1837 104 1898 bere
128 1853 236 1898 carnes
256 1833 286 1894 in
301 1833 542 1913 eleemosynam,
562 1835 587 1894 si
602 1832 784 1912 praevideant
797 1833 835 1894 ab
856 1832 929 1914 ipsis
943 1827 1008 1894 esse

33 1921 262 1987 manducandas
274 1921 380 1985 diebus
391 1921 566 2004 prohibitis,
581 1922 695 2003 quippe
709 1920 882 2000 hujusmodi
899 1939 1009 2004 paupe·

34 2035 80 2076 res
94 2013 247 2074 abstinere
258 2030 290 2074 se
303 2011 441 2074 debeata
454 2010 639 2073 comestione
647 2010 784 2072 earnium
798 2015 887 2092 prout
896 2011 1007 2090 aaeteri,

34 2102 159 2185 quando
174 2119 236 2163 non
250 2107 354 2162 carent
373 2100 449 2163 cibis
467 2098 777 2182 quadragesimalibus
793 2120 800 2161 :
816 2098 889 2162 nihil
907 2107 1008 2164 aulem

34 2192 136 2255 inveni
151 2191 183 2251 in
198 2189 371 2252 auctoribus
383 2189 461 2251 cirea
476 2187 557 2251 illam
573 2189 781 2268 quaestionem.

401 2471 549 2540 CAPUT
573 2473 652 2540 XV.

39 2637 78 2684 nr.
103 2633 186 2684 runa
213 2629 382 2683 aurasico
411 2630 624 2682 ariamirus
653 2629 696 2681 na
717 2629 848 2681 orarum
878 2628 1007 2681 airino.

76 2785 170 2847 5030.
192 2781 260 2842 Vox
279 2777 431 2860 Lituryioe
457 2777 539 2841 venit
559 2777 577 2838 l
596 2775 715 2838 duobus
736 2773 860 2838 roribus
887 2773 1011 2856 graecis,

37 2870 241 2936 ministerium
261 2867 416 2950 publicam
439 2863 680 2947 significantibus
700 2881 709 2925 ε
730 2861 902 2928 videlieeta
928 2879 1012 2924 aram

36 2961 226 3046 (puellarem),
240 2983 308 3038 ιῃοι
323 2953 550 3036 (ministratum).

81 3055 139 3113 Per
161 3047 242 3111 bano
260 3063 368 3110 vocem
390 3043 565 3126 designatur
586 3041 695 3104 Forsan
715 3039 813 3105 curm
838 3043 958 3106 catoni
981 3044 1015 3107 r'n

38 3141 72 3204 E
72 3137 179 3202 ccleaid
192 3133 340 3198 colbolicd
353 3131 498 3195 instituti.
507 3129 674 3195 Dicendum
685 3130 773 3194 nobis
784 3137 849 3196 eat:
867 3133 897 3195 1⁰
906 3131 946 3196 (le
960 3153 1013 3218 po·

39 3233 149 3292 testate
171 3225 209 3290 ad
231 3241 326 3307 quam
354 3227 468 3306 spectat
490 3226 620 3284 statuere
638 3227 667 3284 et
688 3219 827 3284 ordinare
841 3221 1013 3303 liturgiam3

39 3322 73 3381 2⁰
93 3317 133 3380 de
147 3321 223 3378 statu
238 3313 365 3395 liturgiae
379 3319 448 3374 ante
462 3312 493 3374 S.
511 3311 597 3374 Pium
611 3312 636 3373 V
648 3331 656 3387 ;
671 3311 703 3373 3ο
715 3311 754 3372 de
772 3310 892 3393 liturgia
905 3313 922 3372 a
936 3316 1013 3374 tem·

39 3425 117 3491 pore
132 3403 268 3484 ejusdem
282 3400 435 3464 Pontifieis
446 3420 455 3472 ς
465 3403 498 3462 4⁰
511 3400 550 3463 de
563 3399 735 3464 recitatione
742 3398 885 3463 horarum
894 3401 1016 3462 eanoni-

39 3511 169 3574 carum,
184 3511 237 3556 seu
252 3491 344 3554 divini
358 3489 458 3552 officii.

817 3707 886 3770 w..
