2462 3972
194 207 253 267 tot
405 226 538 269 irruente
558 225 658 270 rorrus
677 225 759 268 runis
780 223 930 270 cunontcr.

193 347 208 384 n
233 323 349 387 curabit
363 325 546 406 Episcopus,
562 325 584 386 si
600 343 654 405 per
666 325 813 387 unionem
825 323 1049 388 beneficiorum
1062 325 1093 388 id
1101 326 1155 390 lieri

192 435 207 472 a
233 433 293 476 non
310 414 419 494 possit,
435 420 468 474 ut
478 413 689 494 primitiarum
701 412 746 476 vel
759 413 939 476 decimarum
949 420 1003 476 adt
1015 433 1071 496 per
1083 436 1157 497 paro

192 523 207 561 a
232 503 365 564 cbiarurn
380 501 511 583 symbolo
525 521 559 563 ec
569 502 1044 584 collectesautqudcommodiori
1051 505 1156 568 ratione

192 613 207 649 a
230 592 257 652 ei
273 591 431 665 videbitur,
447 593 564 652 tanlirnr
579 590 730 671 redigatur
744 591 826 672 quod
839 610 896 675 pro
909 593 1036 654 rectoris
1050 601 1101 655 aut
1112 614 1155 676 pe-

192 703 206 738 »
231 679 339 742 rochiae
354 680 528 742 necessitate
539 680 680 742 decenter
692 679 856 742 sufficiet.»
871 680 948 741 Vide
962 680 1041 743 infra
1055 687 1153 762 (5395).

192 768 305 839 Quibus
327 767 425 830 verbis
448 775 494 830 set
514 768 667 830 evidenter
685 769 866 850 legitimatur
885 771 988 850 pratris
1009 772 1156 834 nonnullo

192 873 260 920 rum
278 857 431 931 locorum,
448 877 476 918 v.
501 876 531 939 g.
557 857 759 936 Parisiorum,
780 867 892 920 certam
911 864 1030 937 partem
1045 859 1154 922 oblatio

192 965 264 1007 nuru
272 965 308 1008 ex
315 943 500 1008 funeralibus
509 946 749 1027 provenientium
758 945 946 1018 detrahendi,
958 954 992 1009 ut
1000 948 1071 1009 inde
1077 949 1151 1009 elior-

192 1042 290 1096 inetur
312 1035 483 1097 communis
502 1035 640 1115 pecuniae
663 1053 785 1098 acanus
808 1053 870 1116 quo
893 1037 1050 1098 subreniri
1072 1040 1152 1118 post

192 1125 377 1203 singularum
389 1122 596 1204 parochiarum
606 1123 841 1188 necessitatibus,
850 1126 887 1185 V.
900 1125 1042 1188 Proelert.
1051 1125 1083 1186 S.
1094 1125 1152 1188 Sul·

190 1215 280 1291 part,
299 1218 410 1276 noser.

607 1411 688 1476 ARV.
712 1414 745 1476 ll.

524 1573 562 1619 DE
582 1573 822 1619 runntrtontntts.

230 1742 318 1803 5361.
331 1737 477 1801 Fundatio
487 1745 531 1800 est
540 1737 686 1800 affectatio
700 1736 771 1798 boni
785 1737 914 1817 alicujus
922 1739 1062 1802 instituto
1070 1739 1151 1802 nerle

190 1829 309 1891 siastico
322 1828 398 1889 lacta
412 1827 468 1890 sub
478 1826 651 1889 conditione
664 1826 737 1888 certi
756 1828 855 1906 operis
876 1829 1055 1906 praestandi,
1070 1829 1112 1890 rel
1124 1830 1151 1890 in

191 1927 368 1999 perpetuum
384 1917 429 1978 vel
444 1917 548 1978 saltem
561 1917 590 1976 in
601 1913 778 1978 diuturnum
789 1920 927 1995 tempus:
939 1917 1022 1978 unde
1032 1917 1069 1978 ab
1082 1917 1152 1978 obla

189 2007 322 2068 tionibus
336 2006 479 2068 differunt
493 2023 579 2086 quae,
600 2004 646 2064 vel
661 2005 726 2066 sind
741 2003 914 2066 conditione
931 2003 1031 2083 liunt,
1046 2005 1088 2067 rel
1102 2005 1151 2068 sub

189 2096 359 2156 conditione
372 2096 470 2178 operis
487 2113 557 2155 inor
571 2093 751 2174 peragendi,
766 2112 794 2153 v.
811 2112 840 2172 g.
864 2093 971 2154 nrissas
983 2113 1037 2175 per
1050 2093 1151 2155 bebdo

191 2185 309 2249 rnurlam
328 2191 380 2245 aut
401 2201 587 2264 perannum
607 2181 789 2244 celebrandi.
818 2181 889 2243 Vide
908 2181 1045 2264 DeSyn.
1064 2184 1146 2246 Beira

189 2272 251 2349 (lib.
266 2273 318 2350 13,
332 2279 423 2353 caput
435 2273 547 2350 ultim„
564 2282 596 2334 n⁰
611 2276 650 2351 l).

228 2363 317 2424 5362.
330 2361 534 2424 Fundationes
547 2359 704 2442 approbari
719 2360 831 2423 debent
843 2361 861 2423 b
875 2361 1011 2426 Praelatis
1025 2361 1142 2426 eeclesia

189 2469 257 2514 rurn
280 2451 390 2532 quibus
412 2459 482 2512 sunl
504 2450 603 2526 laete,
628 2449 754 2531 proinde
776 2449 815 2511 ab
836 2449 1016 2532 Episcopis‚
1041 2451 1064 2514 si
1082 2450 1150 2513 bant

189 2541 320 2603 eeclesiis
334 2537 552 2622 parochialibus
562 2545 612 2600 aut
621 2538 686 2599 aliis
700 2539 773 2600 locis
785 2538 842 2599 sub
853 2537 1064 2614 jurisdictione
1076 2541 1154 2622 Epis·

189 2649 334 2711 copororn
359 2628 526 2690 constitutis
548 2647 555 2686 ε
581 2625 654 2687 illud
674 2631 788 2688 constat
808 2647 846 2687 err
868 2627 978 2706 praxi,
1002 2635 1034 2689 et
1053 2629 1156 2692 deduci

189 2738 276 2798 posse
298 2719 414 2780 videtur
435 2735 471 2778 ex
492 2715 579 2777 variis
602 2715 768 2777 canonibus
782 2715 892 2795 quibus
914 2715 1032 2777 Praelati
1052 2719 1157 2780 astrin-

189 2815 300 2887 guntur
313 2807 350 2868 ad
365 2804 580 2886 invigilandum
594 2851 602 2878 ‚
616 2803 728 2882 'rnajori
750 2807 810 2884 qua
824 2809 950 2884 possunt
963 2809 1039 2867 cura
1052 2813 1087 2867 nt
1100 2809 1159 2868 suis

189 2897 218 2956 in
233 2896 410 2958 dioecesibus
433 2893 482 2975 pia
496 2893 591 2972 legata
609 2893 776 2954 executioni
792 2891 985 2955 mandentur.
1001 2895 1081 2957 Vide
1095 2916 1158 2976 cap.

190 2985 249 3044 lVos
263 2985 379 3065 quidem
392 3032 400 3060 ‚
415 3003 481 3064 cap.
498 2983 535 3043 Si
549 2981 675 3043 boreales
689 2988 719 3041 et
735 2999 800 3061 cap.
821 2979 998 3058 Tarachie,
1013 2982 1049 3045 de
1066 2983 1159 3047 Teste

187 3075 308 3142 menna·
323 3081 350 3133 et
367 3073 479 3134 Concil.
495 3071 577 3132 'trid
594 3073 677 3146 (sess,
698 3074 754 3146 22,
771 3089 799 3130 c.
815 3074 852 3146 83
872 3088 946 3132 sess.
963 3075 1019 3148 25,
1040 3091 1068 3135 c.
1094 3079 1113 3136 5
1130 3074 1162 3136 de

188 3161 259 3238 res.)
271 3182 278 3234 ;
291 3179 382 3239 snpra
397 3163 500 3239 (lota)
513 3165 542 3219 et
552 3157 627 3218 infra
641 3161 750 3236 (5368).
768 3160 833 3220 Non
848 3161 931 3221 enirn
945 3161 1112 3224 verisimile
1122 3170 1162 3224 est

187 3249 267 3324 qutul
283 3249 335 3327 Epi
349 3248 420 3326 reopi
435 3256 497 3308 tarn
511 3247 612 3308 stricta
633 3247 828 3327 alligarentur
845 3247 908 3308 solt
926 3247 1082 3312 voluntale
1096 3252 1162 3314 sub

186 3334 318 3393 ditorurn
332 3339 347 3394 ir
373 3337 478 3414 seipsis
493 3353 553 3395 non
569 3335 741 3415 approbata.
759 3337 802 3396 Ex
820 3338 946 3399 Decreto
958 3337 1075 3400 Urbani
1101 3341 1161 3401 thl

187 3437 276 3497 supra
296 3420 387 3481 relato
406 3424 505 3501 (loll)
521 3429 637 3485 certum
657 3433 702 3485 est
721 3441 906 3487 consensum
929 3427 1071 3508 Episcopi
1099 3447 1162 3490 esse

187 3509 389 3569 necessarium
403 3529 459 3587 pro
473 3511 625 3591 perpetuis
640 3513 799 3574 rnissnrurn
816 3511 1060 3592 fundationibu53
1081 3525 1164 3598 patet

187 3591 307 3656 aliunde
326 3613 386 3655 non
402 3613 466 3656 esse
481 3597 568 3660 bonae
582 3609 612 3662 et
625 3601 783 3680 prudentis
796 3601 1064 3665 administrationis
1078 3605 1162 3686 qudd
