2474 3946
209 183 265 247 tta
431 199 567 248 uacuare
585 200 687 250 nonus
706 202 788 250 runis
808 201 955 251 canonici.

246 305 337 364 4105.
360 301 498 374 Quonam
517 301 586 363 uerd
604 307 739 384 tempore
759 302 937 366 dissolvatur
954 301 1181 366 matrimonium

207 408 278 452 cum
293 389 406 452 inddeti
439 391 470 452 in
485 395 540 454 sud
553 390 727 454 infidelitate
741 399 916 454 remanente
931 399 998 473 post
1010 393 1179 455 couversio-

209 495 277 540 nem
306 497 368 541 suae
392 483 573 561 compartis,
601 479 673 542 olim
699 479 884 562 disputatum
908 479 985 556 fuit3
1014 479 1067 542 aed
1093 480 1180 545 hodio

208 566 372 630 tenendum
399 574 444 630 est
468 575 541 631 tunc
566 570 684 630 tantiam
716 568 836 631 dissolvi
864 567 987 650 quando
1017 558 1181 632 conuersus

209 671 320 717 novum
333 655 389 717 init
401 655 646 719 matrimonium:
661 664 777 720 constat
790 675 826 719 er
839 675 906 738 cap.
924 653 1085 722 Gairdemua
1099 659 1129 725 8.
1147 657 1182 720 de

210 743 362 815 diuortiis,
380 745 431 808 ubi
449 747 552 808 innoc.
569 744 690 808 indicit
705 764 713 806 ε
733 746 789 808 «si
804 763 983 808 mnuersum
997 743 1035 807 ad
1049 743 1143 808 iidem
1153 753 1183 808 et

207 853 222 890 a
247 832 296 894 iila
316 851 458 898 conversa
482 841 634 916 sequatur.
658 842 812 916 antequam
830 843 953 917 propter
974 851 1080 898 causas
1102 853 1181 916 prae-

207 941 223 980 »
247 921 351 1000 dictas,
366 921 1181 1005 ieqitimamilledueotunorem,eamreer'perecompel-

207 1031 223 1069 r
248 1011 337 1076 tetur.
353 1034 369 1072 u
387 1016 453 1075 non
473 1012 582 1075 suflicit
605 1031 678 1095 ergo
693 1013 868 1082 conversio.
884 1011 936 1074 sed
951 1011 1112 1093 requiritur
1127 1031 1181 1073 no-

208 1119 277 1162 vum
299 1102 474 1182 coniugium
498 1119 568 1164 cum
583 1103 665 1164 atia:
688 1103 728 1164 ite
752 1102 861 1182 pariter
883 1099 996 1163 decidit
1013 1101 1045 1162 S.
1067 1101 1180 1178 Gongr.

207 1189 312 1262 donc,
328 1207 409 1251 anno
420 1193 512 1264 ruam
528 1191 605 1252 etita
616 1191 706 1254 etiam
718 1189 849 1256 declarat
860 1188 974 1251 Bened.
986 1190 1052 1251 xiv
1067 1188 1099 1250 in
1113 1189 1182 1270 plu·

208 1276 290 1337 ribus
304 1277 418 1353 donst,
434 1286 467 1340 ut
480 1278 579 1340 videre
592 1287 637 1339 est
650 1297 699 1360 ap.
715 1281 850 1340 Garriere
865 1276 930 1356 (tu,
947 1286 981 1339 n·
995 1279 1076 1356 273).

246 1367 335 1425 artu.
359 1366 436 1428 Hinc
452 1371 481 1427 1⁰
496 1384 673 1431 conversus,
689 1367 823 1428 secunda
838 1383 932 1428 uxore
944 1365 1102 1438 defuncta,
1118 1383 1182 1429 non

207 1457 326 1514 tenetur
341 1453 438 1515 redire
452 1455 489 1515 ad
505 1459 634 1535 primam
650 1454 716 1516 ticet
730 1472 916 1518 conuersum.

247 1543 279 1602 2⁰
299 1541 329 1603 Si
345 1541 473 1604 infidelis
488 1543 711 1607 Matrimonium
726 1545 824 1621 ineat,
840 1553 1002 1626 antequam
1016 1561 1182 1607 conversus

207 1629 243 1691 ad
260 1648 350 1692 novas
365 1633 482 1712 nuptias
491 1631 656 1704 transierit,
669 1631 787 1694 irritum
796 1633 851 1694 erit
865 1633 923 1694 tale
937 1633 1180 1694 matrimonium.

208 1717 489 1800 Disputaturautem
502 1737 540 1782 an
552 1738 620 1801 pars
630 1719 759 1784 infidelis
774 1721 865 1801 possit
880 1739 992 1784 novum
1004 1721 1183 1784 contrahere

208 1809 434 1870 matrimonium
453 1817 613 1890 postquam
637 1827 799 1872 conversus
822 1808 860 1871 ad
883 1809 964 1873 atiud
992 1809 1182 1872 connubium

208 1897 351 1972 eratenim
367 1897 419 1980 sed
436 1913 498 1960 non
513 1897 629 1960 videtur
642 1916 703 1980 quo
711 1900 779 1978 jure
795 1897 869 1961 iliud
879 1905 958 1962 esset
971 1899 1027 1980 ipsi
1042 1899 1181 1961 vetitum.
1229 1859 1230 1953 i

208 1985 365 2062 (Caruere,
381 1985 469 2065 idid,
486 1997 520 2048 n⁰
533 1990 616 2064 260.)

246 2077 336 2136 4107.
359 2075 480 2147 Quaerit.
503 2079 533 2136 1ο
557 2079 600 2136 An
622 2093 694 2137 casu
714 2093 775 2156 quo
796 2092 866 2156 pars
887 2073 1017 2138 infidelis
1041 2093 1104 2137 non
1118 2077 1185 2138 vuit

207 2161 332 2242 quidem
345 2162 382 2225 ad
397 2163 487 2226 fidem
499 2163 647 2240 nomenti,
662 2163 714 2226 sed
728 2165 875 2226 consentit
891 2163 1024 2226 habitare
1038 2164 1182 2245 pacifice,
1228 2237 1229 2250 χ

208 2251 301 2329 possit
314 2253 689 2315 tuncconversusalterum
704 2253 780 2315 inire
793 2251 995 2334 coniugium?
1228 2255 1229 2301 t

247 2339 336 2421 Resp.
360 2343 434 2402 Tres
450 2359 515 2402 csse
534 2341 614 2402 circa
629 2341 705 2402 hanc
719 2343 918 2422 quaestionem
932 2339 1111 2422 opiniones:
1129 2343 1184 2407 aiii

208 2429 283 2508 pure
292 2437 320 2490 et
327 2429 501 2510 simpliciter
511 2429 670 2505 adirmant3
680 2429 729 2491 atii
738 2431 813 2511 pure
827 2438 855 2490 et
864 2431 1038 2510 simpliciter
1045 2441 1181 2512 negant3

207 2515 1180 2602 distinguunttandemcaeteriinterprioraetposterioratempora,-
1227 2549 1228 2578 i

208 2607 1183 2690 negantesquoadpriora‚quinpr·ioribussaecutisseparatioeon·
1227 2585 1228 2651 i

206 2695 313 2776 jugum
328 2695 359 2757 in
370 2715 441 2758 casu
452 2715 512 2758 non
523 2703 778 2778 eratopportuna3
794 2695 977 2758 atiinuantes
986 2697 1086 2777 quoad
1103 2707 1184 2762 tern-

207 2803 280 2866 pora
295 2787 475 2857 casterium,
496 2785 585 2867 quia,
601 2785 641 2846 ob
656 2791 784 2848 mutatas
797 2785 1057 2861 circumstantias,
1074 2785 1183 2850 effecta

209 2872 1187 2950 narretiiicnacuminfidelihabitatione,adessedebetiitrertasrd·
1226 2925 1227 2940 2

208 2961 1184 3042 terumineundiconjugium-Hanetertiamsententiamcom·
1226 2957 1227 3001 i

207 3048 378 3111 omniorum
386 3059 413 3110 ct
429 3051 658 3130 proitabiiiurem
672 3059 756 3114 vocat
769 3050 1037 3132 S.Liguorius(tib.
1054 3055 1182 3128 6,957];

208 3137 260 3197 sed
271 3137 357 3214 juxto
376 3138 612 3201 declarationem
628 3141 658 3202 S.
675 3142 785 3221 Gongr.
802 3139 917 3202 Condit.
936 3143 975 3202 23
987 3140 1053 3217 jan.
1072 3145 1183 3204 iuuat

210 3223 321 3287 ltened.
337 3227 401 3288 mv
417 3227 539 3290 relatam
554 3227 613 3310 (lie
626 3231 716 3310 Syn„
728 3229 779 3290 lib.
798 3233 846 3305 ta,
861 3245 927 3309 cap.
945 3231 995 3306 et,
1012 3239 1045 3288 n⁰
1062 3233 1090 3306 t)
1104 3231 1184 3294 ride
1225 3241 1226 3290 t

209 3323 290 3373 retur
313 3315 412 3393 potitis
436 3333 500 3376 osse
523 3315 739 3380 adhaereudum
765 3318 906 3381 secunda
929 3319 1085 3380 sententiae
1107 3339 1115 3380 :
1141 3321 1185 3382 sie

210 3399 290 3461 enim
310 3401 416 3480 legitur
437 3403 468 3464 in
483 3403 531 3465 itit
551 3403 774 3468 declaratione:
801 3409 861 3469 «Si
874 3405 1045 3470 cohabitare
1066 3407 1185 3488 absque

208 3507 224 3546 ι
249 3487 396 3552 Creatoris
409 3492 589 3554 contumelia
603 3495 705 3568 uelint²
715 3503 744 3556 et
753 3495 912 3578 alnqueeo
926 3495 1007 3575 quod
1020 3513 1185 3559 conversos
1224 3525 1225 3554 i

209 3597 224 3634 ι
249 3576 285 3637 ad
301 3581 425 3642 mortale
438 3589 594 3661 peccatum
607 3583 797 3662 pertrahant,
813 3585 949 3667 quamvis
962 3602 1184 3666 caramagnae·
