<?xml version="1.0" encoding="UTF-8"?>
<!DOCTYPE html PUBLIC "-//W3C//DTD XHTML 1.0 Transitional//EN"
    "http://www.w3.org/TR/xhtml1/DTD/xhtml1-transitional.dtd">
<html xmlns="http://www.w3.org/1999/xhtml" xml:lang="en" lang="en">
 <head>
  <title>
</title>
<meta http-equiv="Content-Type" content="text/html;charset=utf-8" />
  <meta name='ocr-system' content='tesseract 3.04.00' />
  <meta name='ocr-capabilities' content='ocr_page ocr_carea ocr_par ocr_line ocrx_word'/>
</head>
<body>
  <div class='ocr_page' id='page_1' title='image "./manualetotiusju00craigoog_0343.png"; bbox 0 0 2474 3946; ppageno 0'>
   <div class='ocr_carea' id='block_1_1' title="bbox 161 217 1128 410">
    <p class='ocr_par' dir='ltr' id='par_1_1' title="bbox 161 217 1128 410">
     <span class='ocr_line' id='line_1_1' title="bbox 162 217 908 282; baseline -0.007 -3"><span class='ocrx_word' id='word_1_1' title='bbox 162 217 216 280; x_wconf 72' lang='lat'>330</span> <span class='ocrx_word' id='word_1_2' title='bbox 298 231 304 243; x_wconf 94' lang='lat'><strong>·</strong></span> <span class='ocrx_word' id='word_1_3' title='bbox 379 230 517 275; x_wconf 80' lang='lat' dir='ltr'>annuam</span> <span class='ocrx_word' id='word_1_4' title='bbox 536 234 637 282; x_wconf 82' lang='lat' dir='ltr'>renus</span> <span class='ocrx_word' id='word_1_5' title='bbox 657 232 740 279; x_wconf 81' lang='lat' dir='ltr'>roais</span> <span class='ocrx_word' id='word_1_6' title='bbox 761 227 908 274; x_wconf 75' lang='lat' dir='ltr'>cattottlch</span> 
     </span>
     <span class='ocr_line' id='line_1_2' title="bbox 161 323 1128 410; baseline 0.002 -22"><span class='ocrx_word' id='word_1_7' title='bbox 161 351 173 388; x_wconf 81' lang='lat' dir='ltr'>a</span> <span class='ocrx_word' id='word_1_8' title='bbox 198 337 335 410; x_wconf 90' lang='lat' dir='ltr'>tempore</span> <span class='ocrx_word' id='word_1_9' title='bbox 354 328 386 388; x_wconf 94' lang='lat' dir='ltr'>in</span> <span class='ocrx_word' id='word_1_10' title='bbox 401 325 539 408; x_wconf 84' lang='lat' dir='ltr'>parochit</span> <span class='ocrx_word' id='word_1_11' title='bbox 555 333 699 406; x_wconf 78' lang='lat' dir='ltr'>tanquam</span> <span class='ocrx_word' id='word_1_12' title='bbox 716 327 874 387; x_wconf 80' lang='lat' dir='ltr'><strong>Decretum</strong></span> <span class='ocrx_word' id='word_1_13' title='bbox 892 323 1017 388; x_wconf 80' lang='lat' dir='ltr'>Consilii</span> <span class='ocrx_word' id='word_1_14' title='bbox 1032 327 1128 390; x_wconf 84' lang='lat' dir='ltr'>obser·</span> 
     </span>
    </p>
   </div>
   <div class='ocr_carea' id='block_1_2' title="bbox 157 411 1135 3524">
    <p class='ocr_par' dir='ltr' id='par_1_2' title="bbox 157 411 1135 3524">
     <span class='ocr_line' id='line_1_3' title="bbox 161 411 1130 498; baseline 0.001 -20"><span class='ocrx_word' id='word_1_15' title='bbox 161 441 174 478; x_wconf 87' lang='lat' dir='ltr'>o</span> <span class='ocrx_word' id='word_1_16' title='bbox 199 425 321 496; x_wconf 86' lang='lat' dir='ltr'>ratum,</span> <span class='ocrx_word' id='word_1_17' title='bbox 336 415 388 478; x_wconf 92' lang='lat' dir='ltr'>sed</span> <span class='ocrx_word' id='word_1_18' title='bbox 403 411 579 496; x_wconf 89' lang='lat' dir='ltr'>parochialis</span> <span class='ocrx_word' id='word_1_19' title='bbox 601 413 727 476; x_wconf 90' lang='lat' dir='ltr'>ecclesia</span> <span class='ocrx_word' id='word_1_20' title='bbox 741 420 844 494; x_wconf 87' lang='lat' dir='ltr'>utpote</span> <span class='ocrx_word' id='word_1_21' title='bbox 866 432 996 495; x_wconf 89' lang='lat' dir='ltr'>vacans,</span> <span class='ocrx_word' id='word_1_22' title='bbox 1012 417 1130 498; x_wconf 88' lang='lat' dir='ltr'>proprio</span> 
     </span>
     <span class='ocr_line' id='line_1_4' title="bbox 160 499 1132 590; baseline 0.003 -24"><span class='ocrx_word' id='word_1_23' title='bbox 160 528 175 566; x_wconf 85' lang='lat' dir='ltr'>a</span> <span class='ocrx_word' id='word_1_24' title='bbox 199 506 332 590; x_wconf 80' lang='lat' dir='ltr'>parocho</span> <span class='ocrx_word' id='word_1_25' title='bbox 353 512 472 582; x_wconf 89' lang='lat' dir='ltr'>careat,</span> <span class='ocrx_word' id='word_1_26' title='bbox 492 509 522 566; x_wconf 90' lang='lat' dir='ltr'>et</span> <span class='ocrx_word' id='word_1_27' title='bbox 543 501 725 565; x_wconf 75' lang='lat' dir='ltr'>cathedralis</span> <span class='ocrx_word' id='word_1_28' title='bbox 748 501 852 565; x_wconf 88' lang='lat' dir='ltr'>itidem</span> <span class='ocrx_word' id='word_1_29' title='bbox 874 503 1025 586; x_wconf 76' lang='lat' dir='ltr'>Episcopo</span> <span class='ocrx_word' id='word_1_30' title='bbox 1045 499 1132 588; x_wconf 81' lang='lat' dir='ltr'>atquc</span> 
     </span>
     <span class='ocr_line' id='line_1_5' title="bbox 161 590 1132 676; baseline 0.003 -21"><span class='ocrx_word' id='word_1_31' title='bbox 161 620 175 655; x_wconf 78' lang='lat' dir='ltr'>a</span> <span class='ocrx_word' id='word_1_32' title='bbox 199 595 335 676; x_wconf 75' lang='lat' dir='ltr'>capitulo</span> <span class='ocrx_word' id='word_1_33' title='bbox 355 592 536 656; x_wconf 82' lang='lat' dir='ltr'>habentibus</span> <span class='ocrx_word' id='word_1_34' title='bbox 550 593 566 654; x_wconf 78' lang='lat' dir='ltr'>a</span> <span class='ocrx_word' id='word_1_35' title='bbox 582 591 716 655; x_wconf 82' lang='lat' dir='ltr'>Concilio</span> <span class='ocrx_word' id='word_1_36' title='bbox 736 590 906 655; x_wconf 69' lang='lat' dir='ltr'>facultatem</span> <span class='ocrx_word' id='word_1_37' title='bbox 921 591 1015 656; x_wconf 88' lang='lat' dir='ltr'>alium</span> <span class='ocrx_word' id='word_1_38' title='bbox 1037 613 1132 658; x_wconf 87' lang='lat' dir='ltr'>sacer·</span> 
     </span>
     <span class='ocr_line' id='line_1_6' title="bbox 160 679 1133 764; baseline 0.004 -20"><span class='ocrx_word' id='word_1_39' title='bbox 160 708 175 744; x_wconf 84' lang='lat' dir='ltr'>a</span> <span class='ocrx_word' id='word_1_40' title='bbox 200 683 301 745; x_wconf 91' lang='lat' dir='ltr'>dotem</span> <span class='ocrx_word' id='word_1_41' title='bbox 317 682 398 745; x_wconf 90' lang='lat' dir='ltr'>adid</span> <span class='ocrx_word' id='word_1_42' title='bbox 421 679 580 763; x_wconf 82' lang='lat' dir='ltr'>delegandi</span> <span class='ocrx_word' id='word_1_43' title='bbox 592 729 606 760; x_wconf 91' lang='lat'>,</span> <span class='ocrx_word' id='word_1_44' title='bbox 617 679 778 762; x_wconf 86' lang='lat' dir='ltr'>nullusque</span> <span class='ocrx_word' id='word_1_45' title='bbox 797 679 874 742; x_wconf 90' lang='lat' dir='ltr'>alius</span> <span class='ocrx_word' id='word_1_46' title='bbox 886 679 928 743; x_wconf 86' lang='lat' dir='ltr'>ihi</span> <span class='ocrx_word' id='word_1_47' title='bbox 941 681 980 741; x_wconf 88' lang='lat' dir='ltr'>sit</span> <span class='ocrx_word' id='word_1_48' title='bbox 993 683 1046 764; x_wconf 91' lang='lat' dir='ltr'>qui</span> <span class='ocrx_word' id='word_1_49' title='bbox 1059 684 1133 748; x_wconf 70' lang='lat' dir='ltr'>rimo</span> 
     </span>
     <span class='ocr_line' id='line_1_7' title="bbox 161 768 1134 855; baseline 0.003 -22"><span class='ocrx_word' id='word_1_50' title='bbox 161 795 176 833; x_wconf 87' lang='lat' dir='ltr'>o</span> <span class='ocrx_word' id='word_1_51' title='bbox 201 771 323 855; x_wconf 80' lang='lat' dir='ltr'>parochi</span> <span class='ocrx_word' id='word_1_52' title='bbox 338 771 383 834; x_wconf 82' lang='lat' dir='ltr'>rel</span> <span class='ocrx_word' id='word_1_53' title='bbox 396 770 535 852; x_wconf 85' lang='lat' dir='ltr'>Episcopi</span> <span class='ocrx_word' id='word_1_54' title='bbox 551 768 703 851; x_wconf 79' lang='lat' dir='ltr'>suppleat,</span> <span class='ocrx_word' id='word_1_55' title='bbox 716 769 948 832; x_wconf 80' lang='lat' dir='ltr'>matrimonium</span> <span class='ocrx_word' id='word_1_56' title='bbox 961 771 1061 835; x_wconf 76' lang='lat' dir='ltr'>valere</span> <span class='ocrx_word' id='word_1_57' title='bbox 1074 773 1134 836; x_wconf 87' lang='lat' dir='ltr'>abs·</span> 
     </span>
     <span class='ocr_line' id='line_1_8' title="bbox 161 857 1135 943; baseline 0.006 -24"><span class='ocrx_word' id='word_1_58' title='bbox 161 885 176 920; x_wconf 78' lang='lat' dir='ltr'>a</span> <span class='ocrx_word' id='word_1_59' title='bbox 198 879 258 943; x_wconf 90' lang='lat' dir='ltr'>que</span> <span class='ocrx_word' id='word_1_60' title='bbox 273 861 431 943; x_wconf 73' lang='lat' dir='ltr'>prasentia</span> <span class='ocrx_word' id='word_1_61' title='bbox 441 859 562 941; x_wconf 78' lang='lat' dir='ltr'>parochi</span> <span class='ocrx_word' id='word_1_62' title='bbox 573 906 581 938; x_wconf 95' lang='lat'>,</span> <span class='ocrx_word' id='word_1_63' title='bbox 592 860 818 920; x_wconf 86' lang='lat' dir='ltr'>servattttamen</span> <span class='ocrx_word' id='word_1_64' title='bbox 829 857 860 919; x_wconf 93' lang='lat' dir='ltr'>in</span> <span class='ocrx_word' id='word_1_65' title='bbox 870 875 908 919; x_wconf 89' lang='lat' dir='ltr'>eo</span> <span class='ocrx_word' id='word_1_66' title='bbox 922 858 954 920; x_wconf 92' lang='lat' dir='ltr'>in</span> <span class='ocrx_word' id='word_1_67' title='bbox 968 879 1031 942; x_wconf 89' lang='lat' dir='ltr'>quo</span> <span class='ocrx_word' id='word_1_68' title='bbox 1041 869 1135 942; x_wconf 86' lang='lat' dir='ltr'>potest</span> 
     </span>
     <span class='ocr_line' id='line_1_9' title="bbox 161 945 1132 1030; baseline 0.003 -20"><span class='ocrx_word' id='word_1_69' title='bbox 161 973 176 1010; x_wconf 79' lang='lat' dir='ltr'>a</span> <span class='ocrx_word' id='word_1_70' title='bbox 199 949 297 1013; x_wconf 78' lang='lat' dir='ltr'>forma</span> <span class='ocrx_word' id='word_1_71' title='bbox 310 949 446 1026; x_wconf 82' lang='lat' dir='ltr'>Concilii,</span> <span class='ocrx_word' id='word_1_72' title='bbox 462 967 572 1030; x_wconf 87' lang='lat' dir='ltr'>nempe</span> <span class='ocrx_word' id='word_1_73' title='bbox 581 947 722 1010; x_wconf 87' lang='lat' dir='ltr'>adhibitis</span> <span class='ocrx_word' id='word_1_74' title='bbox 737 947 843 1009; x_wconf 89' lang='lat' dir='ltr'>saltem</span> <span class='ocrx_word' id='word_1_75' title='bbox 858 945 978 1010; x_wconf 89' lang='lat' dir='ltr'>duobus</span> <span class='ocrx_word' id='word_1_76' title='bbox 991 949 1132 1027; x_wconf 80' lang='lat' dir='ltr'>testibus3</span> 
     </span>
     <span class='ocr_line' id='line_1_10' title="bbox 161 1035 1134 1118; baseline 0.002 -18"><span class='ocrx_word' id='word_1_77' title='bbox 161 1063 177 1100; x_wconf 85' lang='lat' dir='ltr'>a</span> <span class='ocrx_word' id='word_1_78' title='bbox 200 1075 241 1086; x_wconf 95' lang='lat'>—</span> <span class='ocrx_word' id='word_1_79' title='bbox 253 1043 285 1102; x_wconf 81' lang='lat'>5⁰</span> <span class='ocrx_word' id='word_1_80' title='bbox 299 1039 323 1102; x_wconf 92' lang='lat' dir='ltr'>si</span> <span class='ocrx_word' id='word_1_81' title='bbox 339 1045 454 1102; x_wconf 88' lang='lat' dir='ltr'>exstent</span> <span class='ocrx_word' id='word_1_82' title='bbox 467 1037 590 1118; x_wconf 84' lang='lat' dir='ltr'>quidem</span> <span class='ocrx_word' id='word_1_83' title='bbox 604 1036 752 1118; x_wconf 89' lang='lat' dir='ltr'>parochus</span> <span class='ocrx_word' id='word_1_84' title='bbox 765 1041 796 1098; x_wconf 90' lang='lat' dir='ltr'>et</span> <span class='ocrx_word' id='word_1_85' title='bbox 809 1035 995 1118; x_wconf 84' lang='lat' dir='ltr'>Episcopus,</span> <span class='ocrx_word' id='word_1_86' title='bbox 1010 1045 1041 1100; x_wconf 90' lang='lat' dir='ltr'>et</span> <span class='ocrx_word' id='word_1_87' title='bbox 1056 1047 1134 1102; x_wconf 83' lang='lat' dir='ltr'>uter·</span> 
     </span>
     <span class='ocr_line' id='line_1_11' title="bbox 163 1123 1133 1211; baseline 0.004 -24"><span class='ocrx_word' id='word_1_88' title='bbox 163 1151 177 1187; x_wconf 79' lang='lat' dir='ltr'>o</span> <span class='ocrx_word' id='word_1_89' title='bbox 201 1148 277 1211; x_wconf 86' lang='lat' dir='ltr'>que,</span> <span class='ocrx_word' id='word_1_90' title='bbox 295 1128 378 1191; x_wconf 92' lang='lat' dir='ltr'>nullo</span> <span class='ocrx_word' id='word_1_91' title='bbox 392 1126 554 1189; x_wconf 90' lang='lat' dir='ltr'>constituto</span> <span class='ocrx_word' id='word_1_92' title='bbox 567 1127 697 1202; x_wconf 88' lang='lat' dir='ltr'>Vicario,</span> <span class='ocrx_word' id='word_1_93' title='bbox 709 1133 791 1188; x_wconf 90' lang='lat' dir='ltr'>metu</span> <span class='ocrx_word' id='word_1_94' title='bbox 805 1123 1020 1188; x_wconf 73' lang='lat' dir='ltr'>hereticorum</span> <span class='ocrx_word' id='word_1_95' title='bbox 1036 1127 1133 1206; x_wconf 90' lang='lat' dir='ltr'>lateat,</span> 
     </span>
     <span class='ocr_line' id='line_1_12' title="bbox 162 1213 1135 1296; baseline 0.003 -19"><span class='ocrx_word' id='word_1_96' title='bbox 162 1243 177 1277; x_wconf 84' lang='lat' dir='ltr'>a</span> <span class='ocrx_word' id='word_1_97' title='bbox 202 1219 241 1280; x_wconf 90' lang='lat' dir='ltr'>ita</span> <span class='ocrx_word' id='word_1_98' title='bbox 260 1223 295 1280; x_wconf 94' lang='lat' dir='ltr'>ut</span> <span class='ocrx_word' id='word_1_99' title='bbox 316 1217 386 1278; x_wconf 80' lang='lat' dir='ltr'>rere</span> <span class='ocrx_word' id='word_1_100' title='bbox 407 1216 561 1296; x_wconf 81' lang='lat' dir='ltr'>ignoretur</span> <span class='ocrx_word' id='word_1_101' title='bbox 575 1215 701 1278; x_wconf 71' lang='lat' dir='ltr'>utrinam</span> <span class='ocrx_word' id='word_1_102' title='bbox 722 1215 778 1291; x_wconf 87' lang='lat' dir='ltr'>sit;</span> <span class='ocrx_word' id='word_1_103' title='bbox 793 1213 840 1276; x_wconf 89' lang='lat' dir='ltr'>vel</span> <span class='ocrx_word' id='word_1_104' title='bbox 862 1213 970 1276; x_wconf 91' lang='lat' dir='ltr'>eodem</span> <span class='ocrx_word' id='word_1_105' title='bbox 993 1221 1135 1296; x_wconf 82' lang='lat' dir='ltr'>metu,l</span> 
     </span>
     <span class='ocr_line' id='line_1_13' title="bbox 162 1303 1135 1384; baseline 0.002 -18"><span class='ocrx_word' id='word_1_106' title='bbox 162 1331 177 1366; x_wconf 83' lang='lat' dir='ltr'>a</span> <span class='ocrx_word' id='word_1_107' title='bbox 201 1305 322 1368; x_wconf 84' lang='lat' dir='ltr'>dioecesi</span> <span class='ocrx_word' id='word_1_108' title='bbox 338 1306 432 1380; x_wconf 89' lang='lat' dir='ltr'>ahsit,</span> <span class='ocrx_word' id='word_1_109' title='bbox 451 1322 507 1365; x_wconf 89' lang='lat' dir='ltr'>nec</span> <span class='ocrx_word' id='word_1_110' title='bbox 528 1303 564 1364; x_wconf 88' lang='lat' dir='ltr'>ad</span> <span class='ocrx_word' id='word_1_111' title='bbox 584 1304 759 1366; x_wconf 90' lang='lat' dir='ltr'>alterutrum</span> <span class='ocrx_word' id='word_1_112' title='bbox 774 1303 813 1365; x_wconf 89' lang='lat' dir='ltr'>sit</span> <span class='ocrx_word' id='word_1_113' title='bbox 827 1310 909 1366; x_wconf 90' lang='lat' dir='ltr'>tutus</span> <span class='ocrx_word' id='word_1_114' title='bbox 922 1321 1077 1384; x_wconf 88' lang='lat' dir='ltr'>accessus,</span> <span class='ocrx_word' id='word_1_115' title='bbox 1091 1326 1135 1368; x_wconf 84' lang='lat' dir='ltr'>aa·</span> 
     </span>
     <span class='ocr_line' id='line_1_14' title="bbox 162 1391 1132 1475; baseline 0.008 -25"><span class='ocrx_word' id='word_1_116' title='bbox 162 1419 176 1451; x_wconf 78' lang='lat' dir='ltr'>a</span> <span class='ocrx_word' id='word_1_117' title='bbox 203 1395 294 1456; x_wconf 91' lang='lat' dir='ltr'>lidum</span> <span class='ocrx_word' id='word_1_118' title='bbox 327 1400 371 1455; x_wconf 90' lang='lat' dir='ltr'>est</span> <span class='ocrx_word' id='word_1_119' title='bbox 401 1392 626 1453; x_wconf 89' lang='lat' dir='ltr'>matrimonium</span> <span class='ocrx_word' id='word_1_120' title='bbox 660 1399 846 1456; x_wconf 90' lang='lat' dir='ltr'>contractum</span> <span class='ocrx_word' id='word_1_121' title='bbox 875 1391 990 1475; x_wconf 88' lang='lat' dir='ltr'>absque</span> <span class='ocrx_word' id='word_1_122' title='bbox 1022 1393 1132 1474; x_wconf 73' lang='lat' dir='ltr'>forma,</span> 
     </span>
     <span class='ocr_line' id='line_1_15' title="bbox 162 1479 1055 1575; baseline 0.003 -37"><span class='ocrx_word' id='word_1_123' title='bbox 162 1507 175 1539; x_wconf 80' lang='lat' dir='ltr'>a</span> <span class='ocrx_word' id='word_1_124' title='bbox 203 1481 342 1544; x_wconf 77' lang='lat' dir='ltr'>adhibitis</span> <span class='ocrx_word' id='word_1_125' title='bbox 364 1489 484 1555; x_wconf 92' lang='lat' dir='ltr'>tamen,</span> <span class='ocrx_word' id='word_1_126' title='bbox 499 1488 533 1542; x_wconf 91' lang='lat' dir='ltr'>ut</span> <span class='ocrx_word' id='word_1_127' title='bbox 546 1479 662 1543; x_wconf 91' lang='lat' dir='ltr'>dictum</span> <span class='ocrx_word' id='word_1_128' title='bbox 677 1489 736 1555; x_wconf 93' lang='lat' dir='ltr'>est,</span> <span class='ocrx_word' id='word_1_129' title='bbox 753 1481 873 1544; x_wconf 91' lang='lat' dir='ltr'>duobus</span> <span class='ocrx_word' id='word_1_130' title='bbox 887 1482 1022 1575; x_wconf 70' lang='lat' dir='ltr'>testibus.</span> <span class='ocrx_word' id='word_1_131' title='bbox 1040 1505 1055 1541; x_wconf 85' lang='lat' dir='ltr'>o</span> 
     </span>
     <span class='ocr_line' id='line_1_16' title="bbox 201 1569 1134 1652; baseline 0.005 -21"><span class='ocrx_word' id='word_1_132' title='bbox 201 1577 289 1633; x_wconf 79' lang='lat' dir='ltr'>tt&#39;ltl.</span> <span class='ocrx_word' id='word_1_133' title='bbox 314 1571 365 1633; x_wconf 83' lang='lat' dir='ltr'>llis</span> <span class='ocrx_word' id='word_1_134' title='bbox 384 1575 553 1632; x_wconf 87' lang='lat' dir='ltr'>consonant</span> <span class='ocrx_word' id='word_1_135' title='bbox 574 1589 643 1651; x_wconf 80' lang='lat' dir='ltr'>quae</span> <span class='ocrx_word' id='word_1_136' title='bbox 665 1569 739 1632; x_wconf 81' lang='lat' dir='ltr'>dixit</span> <span class='ocrx_word' id='word_1_137' title='bbox 759 1569 847 1633; x_wconf 88' lang='lat' dir='ltr'>Card.</span> <span class='ocrx_word' id='word_1_138' title='bbox 871 1571 1001 1652; x_wconf 87' lang='lat' dir='ltr'>Caprara</span> <span class='ocrx_word' id='word_1_139' title='bbox 1026 1573 1059 1634; x_wconf 90' lang='lat' dir='ltr'>in</span> <span class='ocrx_word' id='word_1_140' title='bbox 1083 1575 1134 1636; x_wconf 77' lang='lat' dir='ltr'>sna</span> 
     </span>
     <span class='ocr_line' id='line_1_17' title="bbox 163 1659 1134 1744; baseline 0.002 -21"><span class='ocrx_word' id='word_1_141' title='bbox 163 1661 359 1724; x_wconf 85' lang='lat' dir='ltr'>instructione</span> <span class='ocrx_word' id='word_1_142' title='bbox 392 1679 447 1742; x_wconf 91' lang='lat' dir='ltr'>pro</span> <span class='ocrx_word' id='word_1_143' title='bbox 476 1659 971 1723; x_wconf 61' lang='lat' dir='ltr'>revalidatione‘matrimoniorum</span> <span class='ocrx_word' id='word_1_144' title='bbox 1000 1669 1134 1744; x_wconf 86' lang='lat' dir='ltr'>tempore</span> 
     </span>
     <span class='ocr_line' id='line_1_18' title="bbox 163 1749 1134 1832; baseline 0.002 -20"><span class='ocrx_word' id='word_1_145' title='bbox 163 1751 281 1814; x_wconf 83' lang='lat' dir='ltr'>Gallicae</span> <span class='ocrx_word' id='word_1_146' title='bbox 296 1749 527 1832; x_wconf 79' lang='lat' dir='ltr'>perturbationis</span> <span class='ocrx_word' id='word_1_147' title='bbox 541 1756 763 1811; x_wconf 88' lang='lat' dir='ltr'>contractorum</span> <span class='ocrx_word' id='word_1_148' title='bbox 779 1757 863 1830; x_wconf 86' lang='lat' dir='ltr'>(pars</span> <span class='ocrx_word' id='word_1_149' title='bbox 879 1754 889 1810; x_wconf 91' lang='lat' dir='ltr'>l</span> <span class='ocrx_word' id='word_1_150' title='bbox 907 1797 915 1826; x_wconf 97' lang='lat'>,</span> <span class='ocrx_word' id='word_1_151' title='bbox 931 1758 964 1810; x_wconf 84' lang='lat' dir='ltr'>n⁰</span> <span class='ocrx_word' id='word_1_152' title='bbox 981 1753 1010 1830; x_wconf 85' lang='lat' dir='ltr'>t)</span> <span class='ocrx_word' id='word_1_153' title='bbox 1027 1770 1035 1811; x_wconf 91' lang='lat'><strong>:</strong></span> <span class='ocrx_word' id='word_1_154' title='bbox 1057 1753 1134 1825; x_wconf 78' lang='lat' dir='ltr'>noui</span> 
     </span>
     <span class='ocr_line' id='line_1_19' title="bbox 163 1839 1134 1920; baseline 0.008 -24"><span class='ocrx_word' id='word_1_155' title='bbox 163 1863 177 1896; x_wconf 80' lang='lat' dir='ltr'>a</span> <span class='ocrx_word' id='word_1_156' title='bbox 201 1841 344 1918; x_wconf 76' lang='lat' dir='ltr'>civiliter,</span> <span class='ocrx_word' id='word_1_157' title='bbox 369 1841 428 1902; x_wconf 86' lang='lat' dir='ltr'>sive</span> <span class='ocrx_word' id='word_1_158' title='bbox 451 1856 555 1901; x_wconf 86' lang='lat' dir='ltr'>coram</span> <span class='ocrx_word' id='word_1_159' title='bbox 578 1857 771 1919; x_wconf 83' lang='lat' dir='ltr'>quocumque</span> <span class='ocrx_word' id='word_1_160' title='bbox 795 1846 937 1900; x_wconf 84' lang='lat' dir='ltr'>extraneo</span> <span class='ocrx_word' id='word_1_161' title='bbox 962 1839 1134 1920; x_wconf 89' lang='lat' dir='ltr'>sacerdote,</span> 
     </span>
     <span class='ocr_line' id='line_1_20' title="bbox 163 1927 1134 2008; baseline 0.006 -20"><span class='ocrx_word' id='word_1_162' title='bbox 163 1953 176 1982; x_wconf 84' lang='lat' dir='ltr'>a</span> <span class='ocrx_word' id='word_1_163' title='bbox 198 1928 317 1991; x_wconf 89' lang='lat' dir='ltr'>duohus</span> <span class='ocrx_word' id='word_1_164' title='bbox 331 1931 434 1990; x_wconf 90' lang='lat' dir='ltr'>saltem</span> <span class='ocrx_word' id='word_1_165' title='bbox 445 1929 568 1989; x_wconf 81' lang='lat' dir='ltr'>testibus</span> <span class='ocrx_word' id='word_1_166' title='bbox 583 1928 792 2008; x_wconf 79' lang='lat' dir='ltr'>praesentibus,</span> <span class='ocrx_word' id='word_1_167' title='bbox 808 1935 859 1990; x_wconf 90' lang='lat' dir='ltr'>aul</span> <span class='ocrx_word' id='word_1_168' title='bbox 872 1927 1019 1991; x_wconf 84' lang='lat' dir='ltr'>duntaxat</span> <span class='ocrx_word' id='word_1_169' title='bbox 1033 1949 1134 1994; x_wconf 82' lang='lat' dir='ltr'>eoram</span> 
     </span>
     <span class='ocr_line' id='line_1_21' title="bbox 162 2016 1135 2101; baseline 0.013 -29"><span class='ocrx_word' id='word_1_170' title='bbox 162 2041 177 2072; x_wconf 73' lang='lat' dir='ltr'>a</span> <span class='ocrx_word' id='word_1_171' title='bbox 201 2017 321 2078; x_wconf 85' lang='lat' dir='ltr'>‹luohus</span> <span class='ocrx_word' id='word_1_172' title='bbox 331 2018 464 2090; x_wconf 88' lang='lat' dir='ltr'>testihus,</span> <span class='ocrx_word' id='word_1_173' title='bbox 478 2016 897 2092; x_wconf 87' lang='lat' dir='ltr'>matrimonium...inierunt,</span> <span class='ocrx_word' id='word_1_174' title='bbox 909 2024 981 2080; x_wconf 91' lang='lat' dir='ltr'>tunc</span> <span class='ocrx_word' id='word_1_175' title='bbox 991 2021 1135 2101; x_wconf 85' lang='lat' dir='ltr'>temporis</span> 
     </span>
     <span class='ocr_line' id='line_1_22' title="bbox 163 2103 1133 2188; baseline 0.012 -28"><span class='ocrx_word' id='word_1_176' title='bbox 163 2126 177 2160; x_wconf 84' lang='lat' dir='ltr'>a</span> <span class='ocrx_word' id='word_1_177' title='bbox 201 2105 271 2164; x_wconf 87' lang='lat' dir='ltr'>clun</span> <span class='ocrx_word' id='word_1_178' title='bbox 283 2103 319 2164; x_wconf 92' lang='lat' dir='ltr'>ad</span> <span class='ocrx_word' id='word_1_179' title='bbox 336 2103 490 2183; x_wconf 89' lang='lat' dir='ltr'>proprium</span> <span class='ocrx_word' id='word_1_180' title='bbox 500 2103 675 2182; x_wconf 89' lang='lat' dir='ltr'>parochum,</span> <span class='ocrx_word' id='word_1_181' title='bbox 687 2124 738 2166; x_wconf 87' lang='lat' dir='ltr'>seu</span> <span class='ocrx_word' id='word_1_182' title='bbox 749 2105 919 2186; x_wconf 77' lang='lat' dir='ltr'>legitimum</span> <span class='ocrx_word' id='word_1_183' title='bbox 929 2107 1133 2188; x_wconf 90' lang='lat' dir='ltr'>Superiorem,</span> 
     </span>
     <span class='ocr_line' id='line_1_23' title="bbox 163 2191 1134 2273; baseline 0.012 -25"><span class='ocrx_word' id='word_1_184' title='bbox 163 2215 176 2249; x_wconf 85' lang='lat' dir='ltr'>a</span> <span class='ocrx_word' id='word_1_185' title='bbox 202 2191 302 2252; x_wconf 90' lang='lat' dir='ltr'>autad</span> <span class='ocrx_word' id='word_1_186' title='bbox 318 2191 409 2251; x_wconf 83' lang='lat' dir='ltr'>aliurn</span> <span class='ocrx_word' id='word_1_187' title='bbox 425 2191 630 2264; x_wconf 84' lang='lat' dir='ltr'>sacerdotem,</span> <span class='ocrx_word' id='word_1_188' title='bbox 646 2193 815 2273; x_wconf 81' lang='lat' dir='ltr'>specialiter</span> <span class='ocrx_word' id='word_1_189' title='bbox 835 2201 864 2258; x_wconf 86' lang='lat' dir='ltr'>et</span> <span class='ocrx_word' id='word_1_190' title='bbox 879 2195 996 2258; x_wconf 78' lang='lat' dir='ltr'>notorie</span> <span class='ocrx_word' id='word_1_191' title='bbox 1009 2196 1049 2257; x_wconf 85' lang='lat' dir='ltr'>ab</span> <span class='ocrx_word' id='word_1_192' title='bbox 1062 2198 1134 2260; x_wconf 88' lang='lat' dir='ltr'>alte-</span> 
     </span>
     <span class='ocr_line' id='line_1_24' title="bbox 162 2278 1134 2364; baseline 0.011 -26"><span class='ocrx_word' id='word_1_193' title='bbox 162 2305 176 2338; x_wconf 82' lang='lat'>»</span> <span class='ocrx_word' id='word_1_194' title='bbox 202 2290 286 2342; x_wconf 84' lang='lat' dir='ltr'>rutro</span> <span class='ocrx_word' id='word_1_195' title='bbox 307 2278 455 2339; x_wconf 86' lang='lat' dir='ltr'>licentiam</span> <span class='ocrx_word' id='word_1_196' title='bbox 477 2278 655 2357; x_wconf 72' lang='lat' dir='ltr'>halantem,</span> <span class='ocrx_word' id='word_1_197' title='bbox 675 2283 789 2363; x_wconf 87' lang='lat' dir='ltr'>quique</span> <span class='ocrx_word' id='word_1_198' title='bbox 806 2284 965 2364; x_wconf 84' lang='lat' dir='ltr'>(parochus</span> <span class='ocrx_word' id='word_1_199' title='bbox 978 2285 1025 2346; x_wconf 86' lang='lat' dir='ltr'>vel</span> <span class='ocrx_word' id='word_1_200' title='bbox 1040 2305 1134 2351; x_wconf 89' lang='lat' dir='ltr'>sacer-</span> 
     </span>
     <span class='ocr_line' id='line_1_25' title="bbox 162 2365 1133 2450; baseline 0.012 -22"><span class='ocrx_word' id='word_1_201' title='bbox 162 2393 176 2428; x_wconf 79' lang='lat'>»</span> <span class='ocrx_word' id='word_1_202' title='bbox 198 2367 267 2450; x_wconf 87' lang='lat' dir='ltr'>dos)</span> <span class='ocrx_word' id='word_1_203' title='bbox 283 2365 456 2429; x_wconf 74' lang='lat' dir='ltr'>aearlrotica</span> <span class='ocrx_word' id='word_1_204' title='bbox 469 2367 582 2429; x_wconf 89' lang='lat' dir='ltr'>unitate</span> <span class='ocrx_word' id='word_1_205' title='bbox 598 2386 659 2430; x_wconf 92' lang='lat' dir='ltr'>non</span> <span class='ocrx_word' id='word_1_206' title='bbox 674 2380 877 2446; x_wconf 84' lang='lat' dir='ltr'>recesserant,</span> <span class='ocrx_word' id='word_1_207' title='bbox 893 2379 944 2435; x_wconf 89' lang='lat' dir='ltr'>aot</span> <span class='ocrx_word' id='word_1_208' title='bbox 961 2373 1133 2440; x_wconf 88' lang='lat' dir='ltr'>nullatenus</span> 
     </span>
     <span class='ocr_line' id='line_1_26' title="bbox 161 2454 1132 2540; baseline 0.012 -24"><span class='ocrx_word' id='word_1_209' title='bbox 161 2481 176 2516; x_wconf 81' lang='lat' dir='ltr'>o</span> <span class='ocrx_word' id='word_1_210' title='bbox 200 2467 251 2519; x_wconf 91' lang='lat' dir='ltr'>aut</span> <span class='ocrx_word' id='word_1_211' title='bbox 281 2454 399 2518; x_wconf 83' lang='lat' dir='ltr'>norrnisi</span> <span class='ocrx_word' id='word_1_212' title='bbox 423 2454 599 2519; x_wconf 76' lang='lat' dir='ltr'>difficillime.</span> <span class='ocrx_word' id='word_1_213' title='bbox 622 2477 675 2520; x_wconf 84' lang='lat' dir='ltr'>seu</span> <span class='ocrx_word' id='word_1_214' title='bbox 699 2460 951 2540; x_wconf 76' lang='lat' dir='ltr'>periculosissime</span> <span class='ocrx_word' id='word_1_215' title='bbox 976 2481 1132 2528; x_wconf 89' lang='lat' dir='ltr'>recursum</span> 
     </span>
     <span class='ocr_line' id='line_1_27' title="bbox 161 2545 1132 2633; baseline 0.013 -29"><span class='ocrx_word' id='word_1_216' title='bbox 161 2571 175 2604; x_wconf 76' lang='lat' dir='ltr'>a</span> <span class='ocrx_word' id='word_1_217' title='bbox 199 2545 309 2608; x_wconf 85' lang='lat' dir='ltr'>hahere</span> <span class='ocrx_word' id='word_1_218' title='bbox 324 2553 492 2627; x_wconf 87' lang='lat' dir='ltr'>potuerant,</span> <span class='ocrx_word' id='word_1_219' title='bbox 509 2555 690 2609; x_wconf 88' lang='lat' dir='ltr'>moneantur</span> <span class='ocrx_word' id='word_1_220' title='bbox 702 2549 746 2610; x_wconf 91' lang='lat' dir='ltr'>sic</span> <span class='ocrx_word' id='word_1_221' title='bbox 756 2548 966 2612; x_wconf 86' lang='lat' dir='ltr'>contrahentes</span> <span class='ocrx_word' id='word_1_222' title='bbox 979 2550 1018 2612; x_wconf 89' lang='lat' dir='ltr'>de</span> <span class='ocrx_word' id='word_1_223' title='bbox 1028 2551 1132 2633; x_wconf 87' lang='lat' dir='ltr'>hujus·</span> 
     </span>
     <span class='ocr_line' id='line_1_28' title="bbox 161 2635 1133 2708; baseline 0.01 -12"><span class='ocrx_word' id='word_1_224' title='bbox 161 2662 175 2696; x_wconf 82' lang='lat' dir='ltr'>a</span> <span class='ocrx_word' id='word_1_225' title='bbox 200 2637 280 2699; x_wconf 86' lang='lat' dir='ltr'>arodi</span> <span class='ocrx_word' id='word_1_226' title='bbox 297 2635 477 2698; x_wconf 89' lang='lat' dir='ltr'>matrimonii</span> <span class='ocrx_word' id='word_1_227' title='bbox 492 2635 650 2708; x_wconf 83' lang='lat' dir='ltr'>validitate,</span> <span class='ocrx_word' id='word_1_228' title='bbox 662 2643 691 2698; x_wconf 88' lang='lat' dir='ltr'>et</span> <span class='ocrx_word' id='word_1_229' title='bbox 706 2639 915 2700; x_wconf 89' lang='lat' dir='ltr'>tautummodo</span> <span class='ocrx_word' id='word_1_230' title='bbox 930 2639 1090 2704; x_wconf 89' lang='lat' dir='ltr'>hortentur</span> <span class='ocrx_word' id='word_1_231' title='bbox 1100 2652 1133 2706; x_wconf 92' lang='lat' dir='ltr'>ut</span> 
     </span>
     <span class='ocr_line' id='line_1_29' title="bbox 161 2723 1128 2812; baseline 0.006 -26"><span class='ocrx_word' id='word_1_232' title='bbox 161 2751 174 2786; x_wconf 84' lang='lat' dir='ltr'>a</span> <span class='ocrx_word' id='word_1_233' title='bbox 200 2725 364 2809; x_wconf 85' lang='lat' dir='ltr'>nuptialem</span> <span class='ocrx_word' id='word_1_234' title='bbox 380 2723 619 2786; x_wconf 80' lang='lat' dir='ltr'>trenedictionem</span> <span class='ocrx_word' id='word_1_235' title='bbox 633 2727 650 2786; x_wconf 76' lang='lat' dir='ltr'>a</span> <span class='ocrx_word' id='word_1_236' title='bbox 665 2726 787 2806; x_wconf 89' lang='lat' dir='ltr'>proprio</span> <span class='ocrx_word' id='word_1_237' title='bbox 801 2727 932 2806; x_wconf 88' lang='lat' dir='ltr'>parocho</span> <span class='ocrx_word' id='word_1_238' title='bbox 941 2729 1098 2812; x_wconf 88' lang='lat' dir='ltr'>recipiant.</span> <span class='ocrx_word' id='word_1_239' title='bbox 1112 2755 1128 2792; x_wconf 78' lang='lat' dir='ltr'>o</span> 
     </span>
     <span class='ocr_line' id='line_1_30' title="bbox 199 2814 1132 2901; baseline 0.006 -23"><span class='ocrx_word' id='word_1_240' title='bbox 199 2821 288 2878; x_wconf 72' lang='lat'>⁴371.</span> <span class='ocrx_word' id='word_1_241' title='bbox 310 2849 350 2863; x_wconf 93' lang='lat'>-</span> <span class='ocrx_word' id='word_1_242' title='bbox 370 2819 401 2877; x_wconf 76' lang='grc' dir='ltr'>9ο</span> <span class='ocrx_word' id='word_1_243' title='bbox 422 2817 455 2874; x_wconf 93' lang='lat' dir='ltr'>ln</span> <span class='ocrx_word' id='word_1_244' title='bbox 469 2814 623 2876; x_wconf 84' lang='lat' dir='ltr'>Thesauro</span> <span class='ocrx_word' id='word_1_245' title='bbox 642 2815 861 2876; x_wconf 81' lang='lat' dir='ltr'>resolutionum</span> <span class='ocrx_word' id='word_1_246' title='bbox 877 2816 987 2898; x_wconf 80' lang='lat' dir='ltr'>legitur</span> <span class='ocrx_word' id='word_1_247' title='bbox 1000 2837 1132 2901; x_wconf 86' lang='lat' dir='ltr'>sequens</span> 
     </span>
     <span class='ocr_line' id='line_1_31' title="bbox 159 2901 1131 2992; baseline 0.009 -28"><span class='ocrx_word' id='word_1_248' title='bbox 159 2903 269 2965; x_wconf 88' lang='lat' dir='ltr'>decisio</span> <span class='ocrx_word' id='word_1_249' title='bbox 283 2905 314 2965; x_wconf 90' lang='lat' dir='ltr'>S.</span> <span class='ocrx_word' id='word_1_250' title='bbox 330 2904 439 2982; x_wconf 74' lang='lat' dir='ltr'>Congr.</span> <span class='ocrx_word' id='word_1_251' title='bbox 456 2903 570 2964; x_wconf 86' lang='lat' dir='ltr'>Concil.</span> <span class='ocrx_word' id='word_1_252' title='bbox 587 2902 644 2965; x_wconf 90' lang='lat' dir='ltr'>sub</span> <span class='ocrx_word' id='word_1_253' title='bbox 658 2901 727 2965; x_wconf 80' lang='lat' dir='ltr'>data</span> <span class='ocrx_word' id='word_1_254' title='bbox 745 2907 781 2966; x_wconf 81' lang='lat' dir='ltr'>l&#39;l</span> <span class='ocrx_word' id='word_1_255' title='bbox 798 2921 866 2966; x_wconf 89' lang='lat' dir='ltr'>nov.</span> <span class='ocrx_word' id='word_1_256' title='bbox 890 2909 966 2968; x_wconf 78' lang='lat'><strong>1736</strong></span> <span class='ocrx_word' id='word_1_257' title='bbox 984 2926 992 2968; x_wconf 75' lang='grc' dir='ltr'><strong><em>ε</em></strong></span> <span class='ocrx_word' id='word_1_258' title='bbox 1018 2911 1131 2992; x_wconf 75' lang='lat' dir='ltr'>nllpis</span> 
     </span>
     <span class='ocr_line' id='line_1_32' title="bbox 160 2991 1130 3082; baseline 0.013 -33"><span class='ocrx_word' id='word_1_259' title='bbox 160 3015 174 3049; x_wconf 84' lang='lat' dir='ltr'>a</span> <span class='ocrx_word' id='word_1_260' title='bbox 198 3008 308 3071; x_wconf 87' lang='lat' dir='ltr'>copus,</span> <span class='ocrx_word' id='word_1_261' title='bbox 332 2991 416 3051; x_wconf 89' lang='lat' dir='ltr'>sicuti</span> <span class='ocrx_word' id='word_1_262' title='bbox 433 3008 494 3051; x_wconf 91' lang='lat' dir='ltr'>non</span> <span class='ocrx_word' id='word_1_263' title='bbox 516 3000 631 3071; x_wconf 90' lang='lat' dir='ltr'>poterat</span> <span class='ocrx_word' id='word_1_264' title='bbox 650 2991 708 3054; x_wconf 92' lang='lat' dir='ltr'>sub</span> <span class='ocrx_word' id='word_1_265' title='bbox 731 2997 821 3074; x_wconf 83' lang='lat' dir='ltr'>poend</span> <span class='ocrx_word' id='word_1_266' title='bbox 842 2993 987 3058; x_wconf 85' lang='lat' dir='ltr'>nullitatis</span> <span class='ocrx_word' id='word_1_267' title='bbox 1008 3001 1130 3082; x_wconf 91' lang='lat' dir='ltr'>proprio</span> 
     </span>
     <span class='ocr_line' id='line_1_33' title="bbox 159 3076 1130 3158; baseline 0.016 -21"><span class='ocrx_word' id='word_1_268' title='bbox 159 3103 175 3137; x_wconf 83' lang='lat' dir='ltr'>a</span> <span class='ocrx_word' id='word_1_269' title='bbox 197 3076 438 3141; x_wconf 81' lang='lat' dir='ltr'>contrahentium</span> <span class='ocrx_word' id='word_1_270' title='bbox 454 3079 603 3158; x_wconf 86' lang='lat' dir='ltr'>parocho,</span> <span class='ocrx_word' id='word_1_271' title='bbox 619 3099 658 3143; x_wconf 91' lang='lat' dir='ltr'>ne</span> <span class='ocrx_word' id='word_1_272' title='bbox 672 3089 864 3146; x_wconf 77' lang='lat' dir='ltr'>controverso</span> <span class='ocrx_word' id='word_1_273' title='bbox 880 3087 1073 3150; x_wconf 90' lang='lat' dir='ltr'>matrimonio</span> <span class='ocrx_word' id='word_1_274' title='bbox 1086 3108 1130 3152; x_wconf 90' lang='lat' dir='ltr'>as·</span> 
     </span>
     <span class='ocr_line' id='line_1_34' title="bbox 158 3166 1127 3253; baseline 0.017 -28"><span class='ocrx_word' id='word_1_275' title='bbox 158 3191 173 3225; x_wconf 83' lang='lat' dir='ltr'>a</span> <span class='ocrx_word' id='word_1_276' title='bbox 197 3167 311 3228; x_wconf 85' lang='lat' dir='ltr'>sisteret</span> <span class='ocrx_word' id='word_1_277' title='bbox 327 3166 410 3244; x_wconf 83' lang='lat' dir='ltr'>juxta</span> <span class='ocrx_word' id='word_1_278' title='bbox 424 3167 636 3230; x_wconf 88' lang='lat' dir='ltr'>resolutionem</span> <span class='ocrx_word' id='word_1_279' title='bbox 647 3171 677 3232; x_wconf 92' lang='lat' dir='ltr'>S.</span> <span class='ocrx_word' id='word_1_280' title='bbox 690 3173 749 3234; x_wconf 89' lang='lat' dir='ltr'><strong>C...</strong></span> <span class='ocrx_word' id='word_1_281' title='bbox 765 3173 892 3235; x_wconf 71' lang='lat' dir='ltr'>tmartii</span> <span class='ocrx_word' id='word_1_282' title='bbox 909 3177 1025 3253; x_wconf 54' lang='lat' dir='ltr'>titud,</span> <span class='ocrx_word' id='word_1_283' title='bbox 1042 3176 1081 3240; x_wconf 89' lang='lat' dir='ltr'>ita</span> <span class='ocrx_word' id='word_1_284' title='bbox 1100 3178 1127 3242; x_wconf 90' lang='lat' dir='ltr'>id</span> 
     </span>
     <span class='ocr_line' id='line_1_35' title="bbox 158 3253 1124 3344; baseline 0.018 -31"><span class='ocrx_word' id='word_1_285' title='bbox 158 3277 172 3312; x_wconf 87' lang='lat' dir='ltr'>a</span> <span class='ocrx_word' id='word_1_286' title='bbox 198 3253 315 3315; x_wconf 82' lang='lat' dir='ltr'>Vicario</span> <span class='ocrx_word' id='word_1_287' title='bbox 333 3255 468 3316; x_wconf 87' lang='lat' dir='ltr'>Generali</span> <span class='ocrx_word' id='word_1_288' title='bbox 485 3255 643 3336; x_wconf 84' lang='lat' dir='ltr'>prohibere</span> <span class='ocrx_word' id='word_1_289' title='bbox 664 3261 815 3342; x_wconf 80' lang='lat' dir='ltr'>nequiuit;</span> <span class='ocrx_word' id='word_1_290' title='bbox 839 3262 967 3344; x_wconf 86' lang='lat' dir='ltr'>ideoque</span> <span class='ocrx_word' id='word_1_291' title='bbox 988 3264 1069 3328; x_wconf 87' lang='lat' dir='ltr'>illius</span> <span class='ocrx_word' id='word_1_292' title='bbox 1083 3269 1124 3330; x_wconf 85' lang='lat' dir='ltr'>in·</span> 
     </span>
     <span class='ocr_line' id='line_1_36' title="bbox 157 3340 1123 3436; baseline 0.02 -36"><span class='ocrx_word' id='word_1_293' title='bbox 157 3340 357 3402; x_wconf 73' lang='lat' dir='ltr'>ater-dictum</span> <span class='ocrx_word' id='word_1_294' title='bbox 385 3343 612 3406; x_wconf 90' lang='lat' dir='ltr'>matrimonium</span> <span class='ocrx_word' id='word_1_295' title='bbox 644 3347 801 3427; x_wconf 76' lang='lat' dir='ltr'>praelatum</span> <span class='ocrx_word' id='word_1_296' title='bbox 831 3352 956 3415; x_wconf 81' lang='lat' dir='ltr'>minime</span> <span class='ocrx_word' id='word_1_297' title='bbox 983 3354 1123 3436; x_wconf 88' lang='lat' dir='ltr'>irritavit,</span> 
     </span>
     <span class='ocr_line' id='line_1_37' title="bbox 158 3427 1124 3524; baseline 0.02 -36"><span class='ocrx_word' id='word_1_298' title='bbox 158 3452 172 3488; x_wconf 83' lang='lat' dir='ltr'>a</span> <span class='ocrx_word' id='word_1_299' title='bbox 195 3429 266 3491; x_wconf 79' lang='lat' dir='ltr'>cnm</span> <span class='ocrx_word' id='word_1_300' title='bbox 282 3427 496 3508; x_wconf 87' lang='lat' dir='ltr'>impedimenta</span> <span class='ocrx_word' id='word_1_301' title='bbox 510 3433 772 3498; x_wconf 89' lang='lat' dir='ltr'>matrimoniorum</span> <span class='ocrx_word' id='word_1_302' title='bbox 795 3439 964 3502; x_wconf 89' lang='lat' dir='ltr'>dirimentia</span> <span class='ocrx_word' id='word_1_303' title='bbox 977 3448 1124 3524; x_wconf 88' lang='lat' dir='ltr'>statuere,</span> 
     </span>
    </p>
   </div>
   <div class='ocr_carea' id='block_1_3' title="bbox 156 3517 1125 3698">
    <p class='ocr_par' dir='ltr' id='par_1_3' title="bbox 156 3517 1125 3698">
     <span class='ocr_line' id='line_1_38' title="bbox 156 3517 1125 3600; baseline 0.023 -23"><span class='ocrx_word' id='word_1_304' title='bbox 156 3541 172 3577; x_wconf 76' lang='lat' dir='ltr'>a</span> <span class='ocrx_word' id='word_1_305' title='bbox 195 3523 287 3598; x_wconf 84' lang='lat' dir='ltr'>atque</span> <span class='ocrx_word' id='word_1_306' title='bbox 317 3517 374 3579; x_wconf 88' lang='lat' dir='ltr'>sub</span> <span class='ocrx_word' id='word_1_307' title='bbox 397 3517 537 3580; x_wconf 90' lang='lat' dir='ltr'>nullitatis</span> <span class='ocrx_word' id='word_1_308' title='bbox 560 3527 649 3600; x_wconf 83' lang='lat' dir='ltr'>poent</span> <span class='ocrx_word' id='word_1_309' title='bbox 672 3523 905 3592; x_wconf 77' lang='lat' dir='ltr'>interdiceres.</span> <span class='ocrx_word' id='word_1_310' title='bbox 931 3531 1070 3596; x_wconf 82' lang='lat' dir='ltr'>Pontifici</span> <span class='ocrx_word' id='word_1_311' title='bbox 1088 3533 1125 3598; x_wconf 81' lang='lat' dir='ltr'>sii</span> 
     </span>
     <span class='ocr_line' id='line_1_39' title="bbox 156 3608 1062 3698; baseline 0.02 -34"><span class='ocrx_word' id='word_1_312' title='bbox 156 3627 172 3664; x_wconf 77' lang='grc' dir='ltr'><strong>ι</strong></span> <span class='ocrx_word' id='word_1_313' title='bbox 195 3613 387 3667; x_wconf 86' lang='lat' dir='ltr'>reservatum.</span> <span class='ocrx_word' id='word_1_314' title='bbox 406 3627 420 3664; x_wconf 82' lang='lat' dir='ltr'>a</span> <span class='ocrx_word' id='word_1_315' title='bbox 440 3609 495 3683; x_wconf 82' lang='lat' dir='ltr'>Ap.</span> <span class='ocrx_word' id='word_1_316' title='bbox 513 3608 653 3670; x_wconf 78' lang='lat' dir='ltr'>Analecta</span> <span class='ocrx_word' id='word_1_317' title='bbox 668 3613 760 3688; x_wconf 78' lang='lat' dir='ltr'>(ianr.</span> <span class='ocrx_word' id='word_1_318' title='bbox 779 3620 872 3695; x_wconf 77' lang='lat' dir='ltr'>racc,</span> <span class='ocrx_word' id='word_1_319' title='bbox 887 3618 945 3680; x_wconf 86' lang='lat' dir='ltr'>ool.</span> <span class='ocrx_word' id='word_1_320' title='bbox 962 3623 1062 3698; x_wconf 76' lang='lat'><strong>1876).</strong></span> 
     </span>
    </p>
   </div>
   <div class='ocr_carea' id='block_1_4' title="bbox 0 0 1242 3941">
    <p class='ocr_par' dir='ltr' id='par_1_4' title="bbox 0 0 1242 3941">
     <span class='ocr_line' id='line_1_40' title="bbox 0 0 1242 3941; baseline 0 0"><span class='ocrx_word' id='word_1_321' title='bbox 0 0 1242 3941; x_wconf 95' lang='lat' dir='ltr'> </span> 
     </span>
    </p>
   </div>
  </div>
 </body>
</html>
