2462 3972
410 273 492 315 ctum
514 271 669 316 sscttxnus.
956 255 1015 314 693

48 371 142 450 leges,
157 387 227 450 quae
238 369 298 428 sive
308 368 418 430 directe
432 366 492 428 sive
503 367 646 429 indirecte
658 366 819 448 prohibent
825 367 1019 429 alienationes

47 457 223 536 hujusmodi
237 456 386 518 bonorum
399 456 496 520 lacere
514 457 628 537 absque
648 474 799 520 consensu
820 456 889 518 dicti
905 456 1019 517 Princi-

49 551 96 626 pis
110 566 117 605 :
134 543 325 606 solummodo
339 545 427 607 condi
444 553 568 626 possunt
581 545 662 625 leges
675 543 776 606 civiles
797 544 908 626 quibus
921 543 1021 606 obser-

49 634 128 696 vatio
138 651 291 696 canonum
306 640 541 715 promoveretur.

90 725 179 784 5333.
203 722 323 784 Dictum
341 722 397 785 luit
415 721 593 803 regulariter
609 769 615 800 ,
631 723 702 804 quia
720 741 774 804 per
796 721 935 785 accidens
956 722 1020 784 lieri

49 817 148 892 potest
169 816 202 873 ul
217 811 403 874 necessarius
421 812 458 872 sit
471 829 637 874 cousensus
655 811 772 892 patroni
788 817 839 872 aut
852 811 1018 892 Principis,

50 919 78 960 r.
92 919 123 981 g.
137 917 146 961 t
162 903 193 962 l⁰
206 900 231 960 sl
246 899 277 960 in
290 898 484 976 fundatione,
500 900 742 973 constructione,
757 898 910 960 dotatione
924 899 1020 962 ecole-

49 988 103 1050 siae
120 986 180 1050 hoc
192 989 240 1066 ius
253 986 357 1050 luisset
368 994 552 1050 reservatum
564 991 651 1069 (arg,
667 1006 693 1049 c.
711 991 770 1064 33,
785 986 820 1048 de
833 987 1018 1070 ierapoli-,g

49 1081 83 1140 3·
103 1077 129 1138 si
149 1076 228 1138 bona
242 1075 399 1138 alienanda
413 1095 475 1138 non
494 1079 554 1139 sint
576 1076 711 1140 absolute
725 1077 758 1136 in
777 1073 912 1137 dominio
930 1077 1021 1137 'eccle

49 1165 119 1238 sim,
136 1183 164 1227 tt.
188 1185 232 1246 g.‚
254 1166 279 1226 si
293 1171 393 1227 essent
410 1163 520 1227 donata
537 1165 569 1226 in
591 1165 731 1238 lendum,
752 1165 823 1244 quia
841 1171 914 1226 tunc
927 1164 1021 1226 domi·

49 1253 138 1316 nium
151 1252 297 1315 directum
317 1261 453 1316 remanet
466 1257 559 1335 penes
571 1254 749 1315 donatorem
761 1271 769 1330 ;
785 1255 816 1314 3ο
838 1253 863 1314 si
876 1253 1021 1334 Princeps

49 1359 106 1424 per
114 1341 265 1404 ludultum
276 1343 554 1405 autConcordatum
562 1341 620 1404 hoc
626 1343 676 1422 jus
684 1341 855 1404 obtinuerit.
865 1341 911 1420 (lt.
920 1340 958 1402 de
966 1343 1020 1419 bt,

50 1430 103 1492 lib.
119 1435 154 1508 l,
170 1449 237 1512 cap.
253 1434 284 1508 5,
299 1437 355 1493 art.
370 1435 401 1508 3,
417 1451 448 1512 p.
463 1433 545 1509 338.)

90 1521 180 1581 5334.
205 1520 326 1590 Quaerit.
337 1523 369 1580 5⁰
384 1521 529 1591 Ouaenam
542 1520 601 1580 sint
615 1537 712 1600 poeuae
726 1519 758 1580 in
768 1519 847 1581 male
857 1517 1022 1582 alienantes

49 1608 132 1670 bona
145 1607 285 1668 Ecclesiae
299 1607 438 1668 statutae?

90 1699 182 1776 Besp.
199 1695 329 1756 Primam
345 1713 465 1776 poenam
487 1713 551 1757 esse
572 1698 915 1758 excommunicationem
930 1699 1022 1775 majo·

50 1801 231 1865 remquam
255 1783 414 1846 incurrunt
443 1785 507 1864 ipso
530 1784 627 1860 lacto,
650 1787 712 1846 tam
739 1784 903 1847 alienantes
929 1788 1021 1865 quam

49 1875 179 1936 alienata
190 1872 367 1951 recipientes
381 1877 433 1933 aut
446 1872 502 1952 ipsi
517 1873 749 1950 subscribentes,
764 1891 802 1935 ex
815 1891 881 1954 cap.
898 1873 1022 1954 Aposto-

50 1963 138 2038 lt'ros‚
157 1979 222 2042 cap.
242 1961 308 2021 Non
324 1959 428 2035 liceat,
444 1979 534 2022 eausa
551 1965 599 2038 13,
619 1981 650 2041 q.
668 1967 703 2036 3;
719 1979 785 2042 cap.
810 1961 847 2022 Si
864 1959 929 2042 quis
943 1981 1021 2042 pres-

50 2051 222 2130 byterorum
240 2053 269 2124 6,
287 2049 421 2110 derebus
438 2048 534 2110 eccles.
551 2069 606 2110 noa
620 2051 723 2125 olt'en.;
740 2057 770 2111 et
785 2052 903 2111 Extrav.
919 2049 1021 2112 Ambi-

53 2140 142 2200 tiosoe.
161 2137 236 2198 Vide
251 2155 341 2218 supra
360 2137 467 2216 (3999).
486 2141 550 2200 Non
566 2143 611 2200 est
624 2143 770 2200 reservata
786 2139 869 2217 Juxta
890 2141 1022 2202 Ferraria

52 2229 90 2300 (tr
104 2225 276 2301 Alisontia,
292 2233 347 2286 art.
373 2230 392 2287 6
407 2273 415 2302 ,
431 2228 463 2285 n⁰
476 2231 505 2304 l)
520 2233 547 2288 et
563 2227 600 2288 alt
615 2228 650 2288 ed
663 2233 845 2290 excusantur
858 2228 1022 2290 alienantes

47 2323 76 2376 et
87 2321 289 2394 cooperantes
298 2332 335 2374 er
346 2314 511 2394 ignorantia
519 2316 596 2394 juris
609 2315 655 2378 vel
665 2314 749 2393 lacti,
759 2315 926 2379 dummodo
939 2318 1022 2398 iguo-

47 2405 148 2466 rantia
161 2421 225 2463 non
247 2403 284 2463 sit
302 2421 401 2464 crassa
421 2408 452 2464 et
464 2405 588 2480 sucina,
606 2410 641 2467 ut
660 2405 801 2484 expresse
814 2403 940 2468 babetur
953 2427 1018 2476 cao.

47 2481 89 2542 dt
104 2479 275 2542 annuarum
296 2482 329 2540 dc
353 2482 491 2556 Constit„
507 2485 537 2544 in
557 2489 609 2560 6⁰3
634 2488 706 2550 ilem
720 2492 886 2550 alienantes
906 2494 1019 2572 absque

42 2567 158 2628 debitis
171 2565 409 2631 solemnitatibus
429 2570 482 2649 qui
496 2570 706 2638 alienationem
721 2584 937 2640 revocaverunt
950 2587 1019 2641 aute

41 2655 161 2718 realem
173 2653 363 2732 etpucificam
373 2657 653 2741 traditionemlcap.
666 2661 702 2728 st
709 2666 775 2746 qur's
785 2663 917 2750 presbyt.
929 2667 1019 2729 modd

40 2743 163 2823 citato).
173 2743 245 2804 llaec
257 2760 345 2822 poena
357 2743 412 2807 luit
425 2746 565 2810 innovata
577 2749 616 2812 ab
627 2751 750 2816 Urbano
757 2753 837 2832 viti,
851 2764 881 2816 et
894 2761 1018 2818 extensa

40 2834 101 2895 luit
118 2830 158 2894 ad
179 2831 332 2910 regulares
352 2834 404 2914 qui
418 2834 457 2897 ab
473 2836 510 2898 el
529 2855 567 2900 ex
593 2841 748 2924 privilegio
764 2844 916 2906 immunes
930 2853 1016 2908 antea

39 2921 306 2985 erant-Servata
315 2925 360 2982 est
369 2921 434 2984 baeo
442 2941 594 2989 excomm.
605 2947 668 2992 non
680 2949 792 2994 reserv.
802 2931 847 3014 (c.
860 2933 918 3015 Ap.
929 2931 1012 3016 Sed.)

79 3009 222 3074 Secunda
237 3026 326 3093 poena
339 3015 384 3072 est
397 3012 479 3092 qudd
498 3015 638 3099 Episcopi
652 3019 698 3082 vel
709 3019 840 3084 Abbates
852 3023 932 3085 male
941 3023 1014 3086 alic-

38 3106 152 3164 uautes
162 3097 338 3176 subjaceant
352 3095 512 3164 interdicto
527 3105 565 3166 ab
575 3105 711 3188 ingressu
723 3109 873 3184 ecclesiae,
886 3117 916 3173 et
925 3113 948 3174 si
959 3133 1012 3194 per

37 3207 95 3253 sex
116 3203 237 3250 menses
251 3185 342 3247 talem
362 3205 483 3266 poenam
498 3195 717 3258 contumaciter
734 3199 952 3277 sustinuerint,
974 3203 1012 3263 ab

37 3275 301 3340 administratione
312 3273 450 3338 beneficii
466 3279 512 3341 vel
523 3282 674 3363 Dignitate
688 3286 749 3348 siut
764 3289 902 3370 suspensi
911 3309 920 3363 ;
935 3291 1009 3352 inle-

37 3369 137 3428 riores
154 3371 258 3426 autem
277 3361 395 3425 Praslati
409 3371 659 3434 commendatarii
680 3381 732 3436 ant
745 3375 796 3436 alii
814 3377 1008 3440 ecclesiarum

38 3461 186 3532 rectores,
210 3449 366 3516 beneficiis
387 3471 518 3536 quorum
541 3457 620 3521 bona
638 3462 717 3527 maid
732 3465 926 3527 alienaverint
948 3469 1008 3529 sint

37 3547 104 3628 ipso
117 3543 197 3606 lacto
218 3541 333 3623 privati.
355 3543 431 3606 Vide
454 3545 572 3608 Extrav.
592 3551 778 3616 Ambitiosa.
802 3583 840 3604 -
860 3555 1005 3626 Quaenam

33 3641 139 3696 sutem
148 3649 247 3713 prauae
259 3631 414 3692 incurrant
428 3633 581 3711 regulares
593 3635 725 3702 diximus
736 3657 828 3720 supra
844 3640 956 3722 (3909).

886 3745 942 3806 ill*
