2474 3946
457 201 544 251 unsa
566 203 726 252 sseuuuus.
1028 190 1085 252 259

100 321 1088 405 perveniensestjustacausadivortiimonautemoquuodcum·

99 433 162 495 que
177 411 452 489 crimeneonjugis
462 421 563 492 potest
576 414 655 475 alter
668 413 1032 488 discederesentanmrn
1044 417 1086 480 ob

98 502 383 585 perniciosum-
396 499 426 564 Si
437 503 556 563 crimen
572 504 965 581 haeresissrtdeelarstum,
985 516 1085 587 potest

97 591 918 672 alterReligionemingredi,modirjudieioEoclesiae
937 593 1084 660 discesse-

12 700 13 730 ἴ
97 683 153 743 rit:
169 682 212 742 ire
228 671 358 761 caplis
371 680 639 755 illd,dedioortio;
653 681 919 763 lraeresisergoesr
936 703 1029 746 eausa
1039 703 1086 748 se-

97 771 382 852 parationisetiam
405 778 575 851 perpetuae.
597 769 637 849 lS.
656 770 733 851 Lig„
751 770 807 833 lib.
820 773 849 843 6,
867 772 1084 858 resumsit.)

137 858 232 919 tttr.
258 856 309 920 Sic
323 861 357 918 4⁰
373 859 544 920 divortium
560 857 624 920 fieri
643 868 743 941 potest
758 862 798 920 ob
814 861 961 923 morbum
977 875 1086 926 conta·

97 947 241 1028 giosum,
258 965 286 1008 v.
304 969 333 1026 g.
350 947 470 1028 lepram
482 966 489 1022 ;
501 947 551 1008 vel
566 947 591 1010 si
608 947 723 1027 conjux
739 950 777 1011 sit
790 949 939 1025 furiosus,
956 971 1087 1032 energu-

98 1055 230 1108 menus,
246 1043 306 1098 eto.
326 1054 334 1110 3
351 1036 412 1097 nisi
437 1045 541 1097 tamen
566 1037 633 1098 sind
653 1040 740 1120 gravi
767 1040 957 1102 detrimento
983 1051 1087 1122 posset

97 1125 363 1187 cohabitarezsed
377 1125 607 1202 separatiosseri
623 1145 686 1187 non
704 1129 796 1190 debet
807 1146 844 1191 ex
852 1131 1086 1212 privattaucro-

98 1216 205 1279 ritate.
222 1214 282 1274 nisi
298 1215 338 1276 sit
354 1214 531 1294 perieulum
555 1217 586 1274 in
606 1217 703 1280 mord.

145 1301 237 1358 ulte.
262 1296 310 1358 Sic
324 1300 356 1358 5ο
371 1296 449 1358 licite
464 1301 642 1377 separantur
655 1295 800 1377 conjuges
813 1343 822 1373 ,
835 1295 897 1358 sive
911 1294 1011 1378 quoad
1021 1294 1085 1358 tho

105 1403 189 1452 rum,
205 1385 265 1446 sire
279 1384 379 1466 quoad
393 1385 664 1462 halrltetionem,ex
676 1391 782 1447 mutuo
794 1403 957 1463 consensu,
973 1387 1034 1447 sive
1046 1385 1083 1448 ad

105 1479 239 1554 tempus,
250 1473 310 1534 sire
319 1473 536 1555 inperpetuum
549 1473 621 1534 :lroo
628 1474 875 1536 tamenultimum
884 1475 1012 1551 permitti
1022 1493 1084 1536 non

104 1561 193 1638 solet,
205 1561 262 1624 nisi
277 1567 405 1643 uterque
416 1561 600 1641 ingrediatur
609 1562 873 1642 Religionern,vel‚
882 1563 1021 1625 uxoread
1031 1565 1083 1624 Re-

105 1649 252 1732 ligionem
261 1657 435 1712 transeunte
444 1657 496 1712 aut
510 1657 651 1712 monente
665 1651 696 1712 in
707 1651 817 1712 saeculo
826 1670 897 1712 eum
908 1657 977 1713 voto
991 1653 1085 1712 eonti-

105 1741 250 1818 nentiae¹,
262 1741 388 1802 maritus
401 1739 651 1821 suseipiatsaoros
661 1739 782 1800 ordines
792 1741 868 1819 (cap.
888 1739 1082 1820 Coojupotur,

105 1829 141 1891 de
154 1848 280 1891 emvers.
296 1829 398 1909 conjl.
415 1861 453 1875 -
467 1828 605 1890 Prudens
616 1833 700 1907 putat
714 1826 827 1887 Bened.
845 1829 923 1905 XIV,
938 1846 1010 1889 easu
1023 1847 1085 1908 quo

107 1919 152 1980 sir
177 1927 222 1980 est
238 1919 377 1998 juvenis,
404 1922 439 1980 ut
459 1917 497 1980 ad
520 1935 622 1978 saeros
645 1915 767 1977 ordines
789 1933 851 1978 non
873 1915 1005 1978 initietur
1027 1917 1084 1978 nisi

1 2009 2 2012 ’
104 2009 192 2092 prius
207 2007 357 2088 postulata
370 2012 400 2069 et
413 2007 535 2070 oblentt
548 2005 773 2087 dispensatione
787 2005 969 2086 apostolice3
984 2005 1036 2068 sed
1046 2005 1084 2068 de

1 2103 2 2150 l
105 2096 165 2160 hoc
178 2096 287 2158 latetur
301 2095 374 2157 nihil
398 2095 509 2174 injure
527 2113 593 2158 esse
613 2094 824 2176 praescriptum
839 2095 894 2172 (De
915 2095 1006 2177 Syre,
1028 2095 1081 2157 lilr.

108 2189 163 2262 ts,
189 2203 257 2265 oop.
275 2189 331 2260 ta,
348 2185 380 2246 nl
394 2186 479 2260 XIV,
502 2185 534 2244 in
552 2183 633 2266 fine).
655 2185 764 2246 Parum
780 2183 913 2265 prudens
934 2192 1012 2246 esset
1025 2185 1083 2248 hoo

106 2275 279 2356 permittere
294 2274 325 2334 in
341 2273 445 2348 Gallia,
461 2291 532 2334 eum
547 2291 584 2335 ex
600 2274 666 2355 lege
680 2273 756 2335 eivili
773 2292 848 2335 uxor
865 2281 965 2356 posset
974 2293 1083 2356 eogere

1 2371 2 2380 ’
106 2365 250 2426 maritum
266 2363 302 2424 ad
317 2361 562 2424 cohabitandum.
577 2363 607 2426 Si
621 2371 722 2426 autem
735 2362 780 2424 vir
795 2363 982 2443 Religionem
995 2363 1084 2446 proli-

1 2457 2 2500 ἐ
106 2461 220 2528 teatur,
234 2453 343 2515 mulier
356 2451 466 2533 pariter
479 2451 568 2513 debet
582 2453 770 2532 Religionem
786 2453 919 2532 ingredi,
937 2451 994 2513 nisi
1006 2457 1085 2514 esset

105 2559 219 2616 senex,
238 2541 309 2624 quie
321 2549 395 2604 tuno
408 2547 508 2622 posset
517 2559 674 2604 remanere
689 2541 720 2601 in
730 2539 841 2602 saeoulo
851 2545 1002 2602 oumvoto
1012 2557 1082 2602 eon-

105 2631 241 2694 tinentire
256 2650 264 2690 ε
279 2630 318 2692 ito
331 2647 397 2712 oap.
413 2629 487 2692 Com
500 2631 555 2705 rit,
571 2630 605 2692 de
619 2648 746 2691 convers
765 2625 841 2707 conj.

147 2723 178 2784 Si
192 2722 264 2782 verd
279 2720 404 2781 uraritus
420 2718 458 2780 od
471 2720 685 2800 Episcopatum
708 2720 897 2791 assumatur,
919 2712 1010 2776 debet
1022 2732 1084 2775 om·

105 2811 182 2874 nino
194 2828 271 2872 uxor
286 2809 472 2890 Religionem
487 2807 603 2890 ingredi
619 2825 627 2868 ε
641 2825 679 2868 ex
692 2823 759 2886 eep.
772 2801 852 2865 Saul
862 2806 892 2876 6,
904 2800 939 2864 de
955 2821 1083 2864 convers.

104 2918 237 3052 euml.
260 2987 382 3062 Quaerit.
406 2991 437 3050 t·
464 2989 511 3050 An
530 2986 651 3064 mulier,
679 2985 766 3064 eujus
785 2983 830 3046 vir
843 2982 965 3046 ordines
986 3001 1086 3048 saeros

137 3149 146 3177 ¹
165 3145 252 3196 Errare
269 3159 328 3210 ergo
345 3141 442 3194 ridetur
459 3141 486 3192 n.
507 3139 617 3193 Carritre
640 3137 681 3204 (in
701 3137 848 3205 Compendio
866 3138 894 3190 de
910 3138 1082 3203 Matrimonia,

105 3229 135 3270 πο
146 3217 178 3267 aa
191 3217 229 3280 to)
249 3215 354 3266 dicendo
372 3213 439 3280 quod
456 3212 481 3262 in
499 3227 528 3263 eo
541 3227 599 3262 essu
618 3230 628 3257 ι
646 3211 755 3262 obsolute
773 3210 848 3260 debet
864 3210 963 3261 uxorin
983 3227 1084 3263 munes«

107 3307 118 3335 ι
136 3287 199 3338 teria
213 3286 337 3352 proliteri:
351 3286 418 3336 unde
431 3282 556 3350 utpossit,
571 3284 721 3348 siproveetee
733 3282 764 3332 rit
777 3281 870 3342 etatis,
884 3283 986 3348 simplex
1001 3289 1085 3336 votum

108 3379 118 3408 a
137 3357 258 3418 emittere,
272 3356 407 3424 requiritur
417 3353 567 3419 dispensatio
576 3353 647 3405 Sedis
658 3353 815 3418 Apostolieae.
831 3371 841 3400 r
854 3353 951 3419 allegat
962 3355 986 3404 in
995 3371 1085 3422 magno

109 3431 225 3480 lraetstu
246 3430 285 3491 (nr
296 3430 353 3495 ets)
371 3427 543 3478 auctoritatem
562 3426 653 3476 Rened.
670 3425 735 3486 xlv3
748 3425 801 3485 sed,
819 3425 865 3475 etsi
879 3425 1025 3477 Benedictus
1038 3427 1086 3477 xlv

107 3501 161 3566 (lib.
180 3500 226 3560 13,
241 3515 294 3564 esp.
311 3499 357 3560 ts,
371 3510 400 3547 u⁰
417 3497 475 3561 xvi)
489 3497 604 3563 loquetur
623 3503 654 3548 de
672 3496 820 3562 quibusdam
836 3496 934 3546 ossibus
954 3497 978 3546 in
995 3496 1086 3561 quinus

107 3569 182 3638 petita
195 3570 241 3621 fuit
254 3568 404 3636 dispensatio
417 3569 429 3618 i
442 3567 506 3618 Sede
517 3566 673 3633 Apostoliot,
685 3581 735 3619 non
752 3573 832 3618 tamen
846 3566 906 3617 dicit
921 3565 987 3615 huno
999 3577 1086 3614 recur-

108 3659 161 3692 sum
174 3641 425 3700 sitsuccessurum,
438 3639 525 3690 sellem
538 3653 642 3696 semper.
