2482 3944
195 327 213 387 8
413 341 549 386 unauna
569 341 671 386 rorrus
689 341 771 386 runis
792 341 940 386 canonici.

195 438 316 515 trelius,
331 437 458 520 proinde
472 437 621 500 sensibilis
633 440 666 500 in
680 456 713 502 se
726 438 772 501 vel
786 437 817 500 in
832 436 890 500 alio
903 437 1070 499 continenti
1085 457 1094 513 3
1108 436 1167 500 boo

196 535 373 609 supponunt
385 527 474 589 verba
489 527 593 590 lorurae
606 527 659 588 boc
671 534 702 589 el
714 527 779 590 lie:
792 527 874 590 unde
883 526 978 588 valide
990 544 1167 588 consecran-

196 622 246 678 tur
266 615 369 678 hostias
393 616 424 677 in
444 615 558 680 ciborio
577 623 739 697 cooperto,
760 616 805 679 vel
829 617 861 677 in
879 615 1024 690 cumulo,
1039 617 1128 675 etiam
1150 615 1167 675 l

198 723 298 778 caeco,
312 704 358 764 vel
374 703 404 765 in
419 705 565 780 tenebris,
581 705 673 768 modo
686 724 722 767 ex
736 705 879 766 relatione
904 704 1025 765 alterius
1038 703 1064 764 ei
1080 703 1168 764 certi·

199 791 305 854 licetur
322 791 360 854 de
384 793 540 874 praesentia
554 795 700 869 materiae;
716 792 769 856 sed
783 791 911 854 invalida
923 799 1000 854 esset
1013 807 1166 852 consecra·

200 881 256 955 tio,
272 880 296 942 si
313 882 439 943 materia
459 889 538 944 esset
550 881 634 945 valde
647 889 777 956 remota,
793 901 822 943 v.
839 901 883 962 g..
898 888 1020 942 centurn
1035 879 1171 960 passibus

201 971 299 1043 (secus
312 970 336 1030 si
351 968 472 1032 distaret
484 973 602 1032 tantiam
616 974 656 1032 20
668 970 833 1051 passibus),
847 969 894 1031 vel
908 969 932 1030 si
946 975 1025 1030 esset
1038 974 1105 1048 post
1118 985 1170 1046 pa·

202 1057 307 1118 rietern
319 1103 327 1132 ,
339 1065 391 1119 aut
404 1058 435 1119 in
449 1059 659 1130 tabernaculo,
675 1059 744 1139 quie
754 1061 852 1140 paries
861 1103 870 1136 ,
880 1063 933 1120 aut
944 1055 1172 1119 tabernaculum

203 1162 264 1205 non
280 1144 405 1208 babetur
417 1153 450 1208 ut
463 1147 621 1209 continens
634 1155 686 1210 aut
698 1154 814 1228 tegens.

243 1233 332 1295 3369.
346 1267 386 1280 -
397 1237 429 1294 2⁰
436 1237 475 1298 Ut
489 1237 526 1296 sit
535 1243 630 1312 certa,
640 1237 656 1298 b
668 1235 1119 1298 consecrantisintenlioneetin
1130 1233 1175 1294 in-

203 1319 325 1382 dividuo
338 1322 536 1385 determinata
547 1344 555 1400 ;
565 1331 682 1386 constat
695 1325 806 1406 {rariter
816 1343 851 1404 ex
861 1322 1174 1384 bisverhislzocetlu'c:

204 1409 1176 1488 undeinvalidaessetconsecratio,siexmultishostiis‚celebrans

205 1498 374 1561 intenderet
389 1509 517 1581 quatuor
530 1501 575 1564 uel
590 1501 725 1581 quinque
739 1518 775 1561 ex
794 1501 851 1562 illis
869 1516 1061 1566 consecrare.
1077 1497 1176 1560 nullas

205 1586 403 1668 designando,
414 1590 460 1650 vel
476 1589 540 1651 illas
555 1597 652 1670 partes
661 1607 837 1650 consecrare
853 1607 928 1668 quas
942 1591 1022 1649 Deus
1035 1585 1174 1666 elegerit,

119 1749 120 1752 Ἴ
206 1676 251 1736 vel
274 1695 362 1756 quae,
388 1675 488 1739 fractis
510 1678 688 1758 speciebus,
704 1678 764 1738 sint
787 1695 936 1738 mansurae
957 1675 988 1736 in
1013 1675 1173 1742 continuo.

208 1784 269 1826 non
283 1767 354 1829 verb
367 1780 435 1847 quae
449 1766 597 1829 excident.
606 1770 680 1828 ltern
691 1785 751 1827 nnn
763 1771 976 1828 consecrantur
985 1763 1086 1826 lrustiae
1096 1781 1177 1844 qua,

207 1854 301 1916 inscio
314 1855 485 1918 celebrante
500 1903 508 1932 ‚
523 1855 627 1938 positae
645 1855 766 1917 luerunt
788 1854 877 1915 etiam
897 1851 1107 1933 incorporali,
1128 1871 1177 1914 se-

206 1946 316 2021 junctae
329 1954 429 2007 nmen
444 1948 460 2007 d
474 1945 615 2019 ournulo;
628 1963 684 2005 nec
698 1950 789 2024 grate
802 1941 863 2004 vini
872 1960 940 2023 quaa
953 1941 1083 2004 exterius
1093 1939 1177 2003 calici

208 2032 381 2109 adhaerent,
397 2035 466 2112 quia
483 2051 544 2094 non
554 2032 759 2094 intenduntur.

249 2121 337 2180 3370.
362 2120 464 2190 Quoad
486 2127 584 2199 guttars
604 2139 673 2199 quar
692 2127 763 2180 sunt
781 2121 812 2180 in
827 2120 919 2182 culice
933 2125 1091 2199 separate,
1107 2139 1180 2182 casu
1239 2159 1240 2162 =

208 2225 270 2288 quo
292 2207 364 2268 nibil
383 2208 538 2269 celebrans
558 2207 597 2269 de
620 2207 656 2268 iis
677 2207 861 2281 intenderet,
876 2208 1045 2288 disputatur
1066 2227 1073 2268 :
1093 2231 1107 2266 o
1123 2209 1180 2268 elii
1239 2261 1240 2284 2

208 2318 224 2353 n
251 2303 383 2375 negant,
405 2303 438 2357 ut
459 2295 723 2371 Busembaurn...;
745 2295 794 2357 alii
812 2295 979 2374 affirmant,
994 2301 1027 2358 ut
1040 2297 1178 2372 Croix...;

209 2408 224 2442 a
249 2385 297 2446 alii
320 2383 452 2464 denique
470 2383 620 2446 affirmant
633 2384 671 2446 da
685 2385 775 2466 gultis
789 2385 987 2466 propinquis,
1008 2393 1120 2466 negent
1143 2386 1182 2446 de

209 2496 224 2531 a
249 2474 384 2536 remotis,
400 2476 501 2536 Monet
516 2473 646 2536 Platel...
669 2472 752 2554 quod
766 2473 905 2536 sacerdos
918 2474 1073 2536 advertens
1082 2475 1182 2536 statim

209 2585 224 2621 n
250 2571 319 2624 anto
332 2563 603 2640 consecrationem,
618 2561 692 2624 tales
706 2569 816 2643 guttas,
830 2563 853 2623 si
868 2564 926 2624 sint
940 2563 1044 2626 uicinae
1054 2611 1061 2632 ,
1073 2561 1182 2624 aduris·

210 2675 225 2710 u
250 2659 334 2728 ceat3
349 2653 459 2714 sivero
474 2659 616 2728 remotae,
631 2651 677 2712 vel
692 2651 841 2732 abstergat
856 2651 950 2732 (quod
964 2652 1007 2713 uit
1022 2654 1179 2714 Tanner...

209 2763 225 2799 u
250 2739 330 2804 haud
348 2739 518 2822 expedire),
532 2740 578 2802 rel
597 2737 735 2802 excludat
754 2740 792 2800 ab
811 2740 994 2814 intentione;
1018 2738 1072 2802 sed
1093 2741 1182 2802 Croix
1238 2791 1239 2804 ,

209 2852 225 2888 a
249 2829 319 2894 dicit
333 2832 423 2893 eliani
434 2829 610 2911 posselicitb
625 2827 779 2890 includere
793 2847 844 2890 aas
858 2829 887 2890 in
903 2829 1085 2905 intentione,
1097 2848 1135 2891 ne
1150 2829 1180 2890 in
1238 2821 1239 2880 l

210 2943 225 2978 n
251 2920 343 2982 (salice
361 2919 399 2979 sit
418 2919 523 2978 vinum
544 2916 625 2996 quod
650 2935 711 2978 non
732 2917 771 2976 sit
792 2923 1012 2980 consecratum.
1029 2918 1079 2979 Sic
1092 2917 1180 2980 etiarn

210 3031 225 3065 u
250 3007 322 3068 dicit
331 3005 542 3077 Croix‚contrn
553 3003 861 3084 Busembaum‚qubd
872 3005 1178 3070 sacerdosdebetcon

210 3118 226 3154 u
251 3111 368 3155 sacrare
382 3092 476 3152 micas
489 3089 675 3152 adbaerentes
695 3091 816 3168 hostiis,
832 3111 894 3155 non
914 3103 1014 3155 autem
1033 3103 1176 3175 separatae

97 3217 101 3222 -
211 3206 226 3240 ι
251 3181 281 3240 in
297 3184 405 3260 palent
418 3181 462 3240 vel
486 3179 653 3260 corporali3
670 3199 726 3244 neo
744 3181 840 3243 obstat
863 3181 943 3262 quod
962 3200 1013 3242 eas
1033 3185 1183 3248 sumendo

211 3292 226 3328 a
252 3269 409 3330 laederetur·
429 3269 579 3347 ijunium
600 3288 608 3330 ε
630 3288 702 3331 nam
725 3269 821 3350 magis
842 3269 959 3331 videtur
976 3279 1049 3332 tunc
1069 3291 1183 3353 praeca-
1237 3293 1238 3378 p

211 3382 226 3418 u
252 3357 348 3419 venda
366 3357 556 3420 irreverentia
579 3358 764 3420 Sacramenti
789 3359 880 3438 quarn
910 3359 990 3420 laesio
1010 3361 1140 3438 jejunii:
1158 3365 1183 3424 si

211 3470 227 3507 ι
250 3446 322 3509 verb
337 3447 422 3508 nice
433 3447 492 3508 sint
506 3447 535 3508 in
550 3447 683 3520 ciborio,
699 3463 749 3506 eas
762 3447 869 3521 etiarn,
884 3449 942 3524 ait,
958 3449 1092 3511 intendat
1105 3469 1183 3513 con·

212 3561 227 3597 n
251 3555 368 3600 secrere
382 3539 452 3597 cunr
467 3536 543 3596 absit
561 3534 729 3615 periculum
742 3553 793 3598 eas
806 3535 963 3617 perdendi.
978 3559 994 3598 u
1010 3541 1054 3601 lta
1067 3541 1098 3601 S.
1115 3539 1180 3621 Lig.

45 3603 108 3643 *ff
211 3625 325 3707 (uno,
343 3625 469 3702 nors).

252 3717 341 3780 3371.
366 3711 469 3776 Valida
492 3711 549 3776 erit
570 3712 770 3792 consecratio,
786 3715 840 3774 etsi
861 3716 1016 3780 celebrans
1033 3715 1182 3783 existimet
