2416 3954
194 240 252 305 466
421 251 561 298 urrunsa
580 250 681 296 rarius
701 249 783 295 ronrs
803 248 956 298 ennonrcr.

195 355 291 438 potuit
304 350 501 416 intentionem
515 349 678 412 lubilaeum
694 347 830 411 lucrandi
849 369 856 409 z
874 346 1096 410 controvertitur
1111 364 1149 407 au·
1183 329 1184 352 ³

195 451 258 506 tem
273 461 312 504 an
326 441 447 504 tollatur
461 438 622 502 reservatio
636 457 690 520 per
711 436 935 520 confessionem
959 436 1071 499 nullam
1088 433 1150 495 bont

197 531 256 594 lide
273 531 402 593 laetam:
428 547 545 610 negans
569 527 717 590 sententia
737 525 922 608 probabilior
940 523 1057 588 ridetur
1070 525 1098 588 S.
1115 523 1151 584 li·
1184 527 1185 558 l

197 620 303 701 garario
318 615 380 696 (lib.
398 621 432 694 6,
447 629 481 680 n⁰
494 620 565 696 537,
581 637 611 699 q.
629 619 669 696 2).

236 711 326 771 4633.
349 707 455 780 Quoad
469 707 633 788 complices
645 705 690 767 sic
702 703 793 766 habet
812 703 897 766 Bulla
915 703 1096 767 extensionis
1112 701 1153 764 lu·

198 797 276 860 bilaei
300 797 372 859 anni
401 799 512 858 1750:
541 797 637 858 aNon
666 793 887 857 intendimus...
913 791 968 855 ulli
992 791 1155 856 oentenaria

197 885 411 949 »facultatem
437 883 569 946 tribuere
595 882 769 946 absoluendi
798 883 830 944 in
858 882 993 964 quolibet
1016 879 1156 943 inhonesta

199 997 214 1035 r
239 983 344 1038 contra
362 979 480 1038 sextum
505 981 691 1056 praeceplum
711 978 836 1054 peccato
859 971 1070 1052 complicem»
1088 968 1156 1031 :tar

199 1064 275 1145 juris
284 1064 439 1146 dispositio
451 1071 564 1126 servata
577 1069 622 1125 est
636 1061 667 1124 in
682 1062 797 1123 caeteris
810 1060 957 1124 lubilaeis.
974 1063 1007 1122 ln
1024 1059 1105 1122 Bullt
1116 1077 1157 1118 au·

200 1159 263 1215 tem
280 1154 364 1216 Inter
377 1153 547 1234 praeteritos
557 1154 620 1231 Jam
638 1152 741 1226 citata,
756 1149 864 1211 dicitur
886 1149 915 1229 (ξ
928 1153 968 1212 59
982 1155 1012 1210 et
1028 1150 1081 1229 66)
1092 1143 1158 1228 nubi

201 1249 309 1324 praeler
320 1243 666 1304 excommunicationem
677 1240 822 1319 majorem
834 1237 970 1300 Pontifici
983 1245 1158 1311 reserraum,
1187 1299 1188 1316 χ

201 1331 232 1391 in
248 1330 370 1390 Constit.
383 1330 408 1390 A
412 1328 548 1408 postulari
556 1330 687 1392 muneris
697 1327 867 1409 impositam
881 1327 1027 1390 sacerdoti
1036 1325 1159 1406 complici

201 1418 231 1477 in
243 1424 364 1496 peceato
378 1415 469 1496 turpi,
486 1417 550 1497 qui,
567 1426 650 1479 extra
661 1416 945 1493 mortisarticulum‚
956 1415 1160 1478 contessionem

201 1505 310 1584 excipit
338 1505 509 1585 poenitentis
528 1524 662 1586 eumque
682 1507 827 1582 absolvit,
854 1505 901 1567 uel
921 1505 974 1586 qui
1000 1505 1030 1566 in
1052 1504 1161 1567 articulo

201 1591 307 1653 mortis
323 1591 449 1654 absoluit
468 1595 540 1655 cirm
560 1595 637 1656 alius
653 1593 793 1657 sacerdos
812 1611 874 1656 non
892 1592 990 1668 desit,
1013 1593 1075 1656 siva
1103 1595 1160 1653 rium

200 1679 277 1742 alius
301 1681 338 1743 sit
356 1680 513 1762 sacerdos,
535 1683 591 1744 sibi
614 1683 702 1763 fingit
722 1682 843 1765 quodsi
860 1681 1065 1764 poeniteosilli
1086 1679 1160 1742 mnil-

200 1775 313 1846 tcatur‚
330 1769 452 1832 infamia
475 1779 526 1833 aut
546 1772 722 1834 scandalum
739 1771 808 1832 inde
822 1772 972 1833 oriturum
987 1770 1039 1840 sit,
1066 1779 1095 1832 et
1108 1770 1162 1830 ideo

200 1857 421 1922 confessionem
436 1862 502 1939 eJ'us
516 1862 626 1942 excipit
645 1868 697 1924 aut
710 1860 849 1938 absoluit,
861 1861 1027 1941 imponitur
1043 1859 1111 1922 huic
1126 1861 1160 1920 in·

202 1943 339 2010 habilitas
366 1949 397 2008 in
411 1949 616 2031 'quocumque
643 1950 772 2013 Jubilaeo
797 1947 970 2010 absolvendi
998 1949 1162 2031 complicem

202 2037 408 2116 paenitentem.
425 2040 467 2114 (S.
483 2039 619 2119 Lignea,
635 2038 691 2112 ib..
707 2047 740 2100 n⁰
751 2041 828 2113 636,
843 2039 923 2117 llll.)

241 2129 330 2187 4634.
353 2127 437 2188 Circa
452 2129 571 2187 tertiana
584 2125 795 2208 privilepr'um.
813 2126 981 2188 notandum
997 2127 1078 2206 qudd
1088 2175 1096 2204 ‚
1107 2133 1164 2188 ants

201 2231 316 2275 annum
332 2219 426 2292 1759,
444 2234 506 2276 non
520 2214 744 2278 concedebatur
758 2235 790 2276 rn
808 2213 943 2277 tubitaers
957 2214 1114 2277 ordinariis
1130 2215 1164 2276 ia·

201 2301 297 2364 cultas
309 2309 375 2364 vota
389 2304 607 2366 commutandi.
626 2304 685 2367 Sed
703 2304 734 2365 in
748 2307 803 2366 sul
818 2301 904 2366 Bulla
922 2305 1106 2367 extensionis
1124 2307 1165 2366 lu

202 2389 299 2470 bilaei,
328 2393 392 2454 Vlll
421 2391 569 2456 llalendas
594 2393 724 2472 januarii
745 2393 818 2456 anni
845 2391 944 2469 ll5l‚
971 2393 1083 2455 Bened.
1109 2395 1164 2457 Xll'

203 2477 325 2542 indulsit
346 2481 536 2545 confessariis
556 2482 699 2545 omnibus
722 2481 895 2565 approbatis
919 2483 987 2545 «ut
1003 2491 1070 2544 vota
1087 2501 1161 2563 qum

202 2589 216 2626 a
241 2586 373 2651 cumque
387 2573 478 2634 etiam
489 2571 589 2652 jurata
605 2589 641 2634 ac
656 2569 724 2634 Sedi
741 2569 919 2652 llpostolicae
939 2578 1086 2632 reservata
1099 2575 1163 2648 (cas-

201 2679 217 2715 a
242 2659 348 2738 litatis,
364 2659 531 2742 Religionis
544 2664 595 2724 ¹et
607 2660 792 2742 obligatoriis
810 2677 880 2741 quaa
894 2659 1010 2722 atertio
1025 2667 1165 2742 acceptata

201 2766 217 2803 a
241 2745 370 2827 luerint,
387 2769 440 2812 seu
456 2750 486 2811 in
501 2749 612 2831 quibus
625 2757 731 2830 agatur
743 2748 781 2810 de
793 2747 969 2830 praejudicio
989 2749 1084 2826 tertii,
1095 2765 1162 2810 senr-

202 2855 214 2891 ι
242 2853 296 2915 per
317 2839 465 2919 exceptis,
496 2855 617 2900 necnon
645 2836 833 2917 poenalibuS‚
849 2853 919 2915 quaa
940 2837 1162 2916 proserviunt

203 2943 216 2980 a
242 2932 363 3002 peccato
378 2933 612 3008 nuncupantur,
635 2926 692 2986 nisi
706 2925 905 2987 commutatio
916 2923 1015 2986 lutura
1025 2925 1162 3005 judicetur

202 3030 217 3067 a
241 3011 388 3088 ejusmodi
404 3021 512 3076 utnon
527 3015 628 3077 minus
642 3016 792 3096 apeocato
805 3012 1024 3075 committendo
1035 3012 1162 3076 refrenet.

201 3119 217 3156 a
241 3102 334 3180 quam
356 3102 439 3182 prior
458 3101 518 3164 voti
533 3105 669 3182 materia)
693 3103 724 3166 in
739 3103 796 3164 alia
810 3103 860 3184 pia
878 3107 908 3164 et
921 3101 1061 3166 salutaria
1082 3119 1164 3183 opera

201 3209 217 3246 a
241 3199 471 3252 commutare.»

240 3281 331 3338 4633.
355 3281 387 3338 1η
402 3277 467 3342 loro
481 3281 687 3343 sacramentali
703 3281 917 3344 commutanda
927 3281 1164 3360 suntvomjuxn

203 3367 326 3426 Constit.
350 3367 435 3427 Inter
458 3369 628 3449 praeteritos
643 3369 670 3449 (§
684 3375 745 3448 63).
761 3371 836 3432 Vide
847 3372 878 3433 S.
906 3373 1028 3452 Lignor.
1051 3370 1113 3446 (lib.
1139 3371 1162 3434 ii.

202 3457 279 3528 536,
295 3456 382 3534 xlv).
398 3489 437 3500 —
450 3456 539 3519 Juxta
552 3457 691 3520 eamdem
711 3459 836 3522 Constit.
852 3459 881 3541 (ξ
899 3463 948 3538 l‘ll
970 3459 1092 3522 facultas
1108 3456 1164 3518 dis·

233 3584 242 3610 ¹
258 3578 309 3630 Nisi
321 3585 408 3645 agatur
425 3580 456 3631 rlo
467 3579 566 3630 casibus
582 3579 710 3645 inquibus
729 3597 804 3650 super
820 3583 964 3650 hujusmodi
979 3583 1042 3635 ratir
1058 3579 1163 3648 Episcopi

203 3655 305 3711 possunt
318 3649 466 3714 dispensare.
480 3649 574 3715 (Theoi.
588 3649 684 3711 Tutor.)
