2434 3940
226 177 281 240 tot
443 195 580 242 annuam
600 195 701 242 rorrus
721 194 803 242 runis
824 193 973 242 eruemur.

225 295 364 358 mentalis
377 294 446 358 data
459 301 528 356 ante
538 299 690 376 pernetam
700 291 949 368 satisfactionem
960 289 999 352 de
1012 289 1119 354 ultima
1131 289 1190 352 vert

226 385 469 449 reconciliatione
484 383 526 446 sic
533 383 630 465 pergit
639 381 720 443 idem
730 384 916 444 sozomenus
930 399 959 440 :a
969 381 1024 444 Ubi
1036 383 1107 442 vero
1116 398 1191 460 pnes

228 497 242 535 u
268 475 372 537 titutus
385 473 449 535 dies
463 472 594 546 advenit,
608 478 753 551 tanquam
768 469 868 532 debito
883 469 1015 551 quodam
1031 471 1188 551 persoluto,

226 587 241 624 ι
265 566 387 645 upoentt
409 562 563 625 rommissi
580 561 702 623 sceleris
726 561 869 622 liberatur
883 567 912 622 et
930 559 1048 640 reliquo
1062 557 1190 620 Emlesie

226 675 241 712 ι
266 653 379 736 poputo
393 653 534 714 sociatur.
550 673 565 709 u
584 651 684 731 Ergo,
700 657 757 712 etc.

267 759 356 820 3859.
368 755 521 824 Hiscirca
530 753 697 816 solemnem
706 751 916 815 Paenitentiam
931 752 1004 815 olim
1014 759 1189 834 usurpatam,

228 852 257 908 et
270 845 349 908 circa
360 845 455 906 varias
466 843 653 906 Punitentiae
668 842 797 923 specim,
813 841 1022 923 explicatis‚ad
1030 840 1191 924 quaestionis

231 935 391 1018 propositae
406 933 587 996 solutionem
603 949 685 994 nuuc
698 931 875 994 devenimus
891 950 899 992 t

270 1041 301 1099 1⁰
322 1039 442 1098 Certum
463 1034 579 1098 videtur
603 1033 685 1116 quod
713 1034 893 1096 Paenitentia
913 1033 1057 1096 solemnis
1078 1033 1123 1096 vel
1141 1051 1191 1095 non

229 1127 359 1207 amptius
379 1125 467 1187 hodie
482 1124 575 1206 possit
593 1123 726 1205 imponi,
740 1123 788 1187 vel
809 1123 916 1186 witern
934 1141 996 1186 non
1018 1123 1127 1186 debeat
1146 1121 1192 1184 uisi

231 1235 283 1296 per
297 1216 473 1296 Episcopus.

269 1325 302 1382 2⁰
315 1321 437 1382 Certum
460 1320 550 1383 etiam
571 1326 617 1384 est
638 1322 847 1384 Poenitentiam
863 1319 1017 1401 publicem
1040 1335 1104 1380 uon
1118 1334 1193 1400 posse

231 1427 285 1490 pro
299 1417 421 1490 peccato
435 1410 552 1472 occulto
566 1410 680 1491 imponi
694 1430 701 1472 :
713 1409 794 1472 unde
804 1410 835 1470 in
851 1407 971 1471 nimau
985 1407 1116 1470 Romano
1129 1405 1193 1467 dici-

229 1507 302 1560 tur:
323 1517 406 1580 «pro
425 1501 553 1582 peccatis
575 1500 700 1562 occultis
718 1499 911 1581 quantumvis
925 1497 1087 1580 gravibus,
1108 1495 1194 1558 mani·

229 1609 245 1646 u
269 1587 374 1650 festam
389 1589 596 1670 paenitentiam
613 1607 673 1650 non
689 1590 834 1671 imponat.
851 1609 866 1648 u

270 1695 359 1755 3860.
372 1727 412 1738 -
425 1695 458 1754 3·
473 1695 518 1754 An
534 1699 634 1754 autem
649 1712 704 1774 pro
719 1699 841 1774 peccato
851 1691 973 1774 publico
983 1692 1101 1774 imponi
1114 1693 1193 1774 possit

231 1781 406 1863 peonitentia
420 1783 608 1864 publicat-
623 1785 740 1864 Negant
761 1782 917 1858 nonnutti3
934 1780 987 1844 sed
1001 1783 1193 1845 communiter

230 1871 414 1947 affirmatur,
429 1878 458 1932 et
473 1872 616 1953 probatur
630 1891 665 1934 ex
686 1891 752 1953 cap.
776 1871 936 1954 Manifesta
956 1871 991 1946 l,
1021 1871 1066 1934 De
1081 1871 1192 1942 Perit,

230 1960 280 2021 ubi
296 1960 424 2022 dicitur:
445 1959 627 2022 «Manifesta
643 1970 764 2043 peccatu
780 1981 839 2023 non
855 1968 925 2023 sunt
947 1960 1063 2023 occultu
1084 1979 1194 2040 correp·

230 2069 245 2106 ι
270 2049 350 2109 tione
365 2048 544 2128 purganda»
558 2069 566 2126 ;
582 2058 656 2111 etex
668 2053 759 2114 Cone.
769 2050 902 2114 Trideut.
916 2049 1003 2133 (sess⁸
1016 2053 1068 2128 Ἃ,
1080 2055 1192 2132 eap.8t:

233 2135 340 2197 «huie
358 2137 520 2217 (peccatori
541 2139 675 2219 publico)
697 2140 881 2220 condignam
908 2158 963 2220 pro
989 2139 1081 2204 modo
1108 2139 1195 2221 culpe

230 2247 244 2283 r
269 2225 475 2306 poenitentiam
487 2226 603 2308 putttct
618 2229 735 2310 iniungi
751 2237 877 2311 oportet.
894 2250 910 2288 ι

269 2329 348 2390 Hinc
362 2327 464 2408 piures
477 2331 494 2390 a
509 2331 539 2391 S.
565 2331 707 2412 Liguorio
728 2333 808 2394 citati
830 2333 893 2410 (tib.
910 2337 944 2410 6,
967 2345 1002 2395 n·
1015 2333 1088 2411 5t2)
1102 2334 1197 2396 dieunt

229 2415 447 2479 confessarium
463 2436 523 2478 non
539 2420 637 2508 sotir-m
654 2439 757 2501 posse,
769 2422 821 2484 sed
837 2421 927 2484 etiam
938 2423 1194 2506 aliquandotoneri

229 2505 380 2588 publicam
400 2508 606 2589 poenitentium
627 2509 805 2590 imponere,
831 2512 884 2574 sed
907 2530 978 2575 casu
1003 2515 1119 2576 tanturn
1141 2530 1194 2594 quo

228 2595 405 2658 scandatum
416 2597 638 2679 utiterrepnrari
653 2617 713 2660 non
724 2610 840 2680 posset3
857 2601 991 2683 alioquin
1006 2603 1195 2665 confessarius

228 2684 318 2747 tatem
339 2685 492 2766 publicam
516 2686 723 2768 penitentiam
743 2689 898 2752 reluctanti
919 2709 980 2753 non
1000 2691 1090 2754 dehet
1103 2689 1194 2767 injun-

228 2793 317 2855 gere:
333 2776 508 2838 seendatum
524 2777 606 2836 enim
621 2784 718 2858 potest
728 2780 859 2860 reparari
876 2797 929 2860 per
944 2779 1095 2863 pubiicum
1108 2797 1196 2842 sacra

229 2870 402 2924 mentorum
417 2864 688 2944 frequentationem
710 2873 739 2928 et
756 2867 814 2928 atia
828 2868 948 2950 publica
962 2869 1080 2950 pietatis
1093 2885 1193 2950 operm

228 2951 309 3012 unde
324 2953 483 3032 Fagnanus
498 2952 589 3014 refert
611 2953 692 3034 quod
707 2957 738 3017 S.
754 2957 787 3018 G.
806 2957 936 3019 noluerit
951 2957 1103 3021 declarare
1116 2975 1151 3018 au
1166 2956 1194 3017 iu

228 3037 293 3099 toro
306 3040 513 3102 sacramentali
529 3059 583 3121 pro
597 3043 726 3124 publicis
739 3046 869 3128 peccatis
875 3046 1004 3130 publicae
1019 3045 1194 3131 paenitentiae

227 3133 328 3187 essent
341 3126 544 3208 imponendae.

267 3229 414 3292 Caeterum
428 3253 444 3290 e
458 3233 640 3315 Episcopus,
663 3235 763 3319 inquit
775 3237 909 3302 Trident.
926 3239 1015 3320 (sess.
1032 3245 1091 3320 24,
1106 3258 1132 3304 c.
1147 3239 1190 3314 8).

228 3338 242 3374 n
267 3317 395 3398 publicae
408 3319 466 3383 hoe
480 3323 663 3403 poenitentiae
677 3345 774 3407 genus
788 3327 819 3390 in
833 3329 915 3392 atiud
931 3339 1080 3394 secretum
1094 3328 1193 3412 poterit

228 3427 242 3463 u
267 3418 464 3488 commutare,
475 3411 596 3492 quando
611 3415 651 3475 ita
665 3419 763 3497 magis
773 3417 952 3497 judicaverit
965 3421 1117 3501 expedire.
1133 3441 1147 3478 u

268 3514 355 3573 3861.
375 3515 429 3575 Hic
444 3515 517 3576 utile
536 3514 677 3579 ducimus
690 3519 802 3601 aliquid
821 3521 986 3602 adjungere
999 3522 1038 3585 de
1052 3523 1189 3604 poeniten·

228 3597 346 3662 tiatibus
368 3603 554 3683 canonibus,
580 3611 613 3666 ut
633 3606 814 3687 prenitentes
831 3609 948 3672 taeitius
968 3606 1190 3676 inducenturad
