2462 3972
467 130 603 174 *Hm*
621 131 634 142 ·¹
677 121 682 128 “

211 227 268 282 rto
428 239 565 283 uerutus
585 237 685 282 mnus
704 236 786 308 runis
809 233 958 282 assumor.

210 329 305 392 alium
320 329 514 406 substituere,
530 328 601 410 quia
616 327 706 392 laicus
728 327 872 408 praesumi
888 335 987 408 potest
1007 328 1068 392 boo
1082 326 1167 391 iecisse

210 437 265 501 per
279 419 490 500 ignorantiam.

251 505 408 580 Quomodo
417 514 519 570 autem
528 505 592 569 fieri
602 504 822 568 debeateIectio
831 505 1061 587 etpraesentatio
1068 511 1165 586 anmc

212 595 313 678 plures
331 601 402 657 sunt
421 595 560 677 patroni,
581 594 648 656 ride
668 593 783 656 dictum
802 593 882 675 apud
901 593 992 656 card.
1009 595 1107 676 Soglia
1118 595 1163 669 (it,

252 777 341 835 51011.
366 775 413 834 An
434 778 535 835 cutem
558 778 658 836 curret
674 777 795 853 tempus
813 771 1057 853 presentationis
1070 769 1168 854 mando

214 863 250 924 lis
270 863 367 924 oritur
389 879 480 942 super
499 861 762 943 jurepntronctbs,
786 859 960 940 negandum
980 867 1029 922 est
1049 861 1075 921 si
1096 860 1168 921 tissi

214 951 292 1012 inter
305 951 488 1030 Episcopum
498 957 528 1010 et
541 955 718 1031 patronum,
728 948 775 1010 rel
788 949 867 1010 inter
880 949 962 1028 ipsos
976 955 1167 1029 praesentats3

215 1058 302 1101 secus
316 1039 340 1099 si
355 1038 433 1100 inter
446 1043 608 1119 patronos,
627 1056 656 1099 v.
673 1057 702 1117 g.
717 1084 726 1114 ,
741 1037 767 1098 si
789 1055 850 1098 non
869 1037 1057 1098 conveniant
1069 1039 1098 1098 in
1113 1055 1169 1116 prs

216 1125 372 1203 sentcndo,
396 1125 443 1185 vet
466 1127 489 1186 si
513 1125 551 1186 sit
573 1125 725 1186 contentio
745 1124 794 1187 cui
818 1131 970 1205 competat
990 1125 1043 1204 jus
1062 1143 1170 1205 presan-

215 1215 309 1277 tandi.
326 1217 357 1276 S.
374 1214 494 1294 Lignor.
512 1213 578 1292 (lib.
594 1218 625 1289 1,
642 1229 674 1273 n⁰
688 1213 747 1292 89);
763 1221 794 1276 et
807 1212 893 1274 Card.
911 1214 1013 1293 Sogiia
1029 1213 1104 1291 (it).

256 1307 344 1366 5110.
368 1303 478 1362 meter·
489 1302 539 1379 jus
548 1299 748 1383 praesentandi
758 1347 767 1378 ,
779 1307 849 1362 sunt
860 1300 917 1362 alia
927 1301 1000 1379 jura
1013 1299 1172 1376 honorifice,

217 1391 306 1454 veluti
331 1390 431 1452 bonor
454 1389 670 1470 processionis,
692 1387 804 1462 thuris,
825 1406 968 1470 precum,
990 1389 1093 1466 sedis,
1107 1405 1175 1470 aqua

218 1478 381 1542 benedicte
403 1483 434 1540 et
459 1477 645 1559 sepulturae:
673 1476 713 1538 de
738 1477 785 1538 his
805 1476 872 1540 vide
890 1476 979 1539 Card.
1005 1479 1106 1560 Sogtia
1125 1477 1175 1553 tit,

217 1569 235 1649 ἓ
250 1568 327 1648 105),
342 1565 411 1637 ubi,
429 1565 582 1648 loquendo
596 1563 635 1628 de
648 1564 764 1627 honore
778 1565 877 1635 sedis,
892 1563 966 1626 dicit
978 1565 1014 1628 iu
1033 1585 1071 1630 eo
1084 1565 1177 1630 corsis

219 1666 280 1720 tere
302 1655 386 1737 quod
407 1660 535 1736 patrono
557 1652 643 1716 sedes
664 1651 723 1714 rixa
743 1660 773 1716 et
788 1652 925 1735 specialis
944 1655 1141 1718 constituatur
1155 1655 1177 1713 in

220 1745 286 1808 navi
299 1741 434 1806 ecclesiae
448 1749 628 1824 patronstae,
650 1743 805 1803 autetiam
823 1759 856 1802 m
869 1740 1078 1823 presbyterio,
1092 1743 1179 1805 oborn·

220 1853 279 1916 que
293 1832 365 1896 cleri
379 1831 557 1914 proximior.

256 1925 348 1985 5111.
371 1919 468 1998 Nota,
483 1919 583 2000 quoad
598 1937 709 2002 aquam
729 1919 939 1998 benedictam,
960 1919 1046 2000 quod
1064 1921 1104 1983 sit
1122 1919 1179 1980 reri-

220 2019 285 2074 tum
298 2009 492 2092 aspergiltum
506 2009 615 2090 cuique
625 2011 778 2090 porrigere
791 2009 852 2069 sive
866 2007 1035 2086 sacerdoti,
1048 2011 1110 2070 sire
1120 2007 1181 2068 irim

221 2106 358 2180 patrono,
373 2103 498 2182 excepto
508 2097 571 2159 solo
584 2097 743 2178 Episcopo.
756 2094 854 2174 (uero.
865 2095 963 2178 Sogi,
979 2094 1180 2178 itinn-poet

221 2193 320 2247 autern
331 2187 399 2264 jura
412 2185 495 2247 utilia
508 2192 706 2264 antonemsa,
720 2182 788 2247 vida
800 2183 882 2267 apud
895 2185 1042 2248 eumdem
1055 2185 1116 2264 (o.)

261 2273 365 2346 Quoad
391 2273 512 2336 tandem
539 2293 645 2338 causas
661 2273 835 2337 cessationis
853 2273 1106 2356 jurispatronatus
1123 2269 1176 2332 ride

222 2363 301 2445 opud
315 2361 458 2425 eumdem
472 2363 496 2440 (i
499 2363 538 2440 1.,
553 2363 571 2443 ᾗ
585 2367 664 2441 106).

261 2455 350 2514 5412.
368 2487 409 2498 -
421 2453 469 2512 111.
487 2451 712 2532 Peragrepbum
730 2451 889 2514 modorum
909 2452 1026 2532 quibus
1040 2450 1184 2532 acquirun-

224 2547 270 2602 tur
282 2538 438 2615 beneficia,
454 2539 607 2602 absolvere
621 2559 684 2602 non
696 2539 844 2602 debemus
851 2539 925 2621 quin
935 2540 1063 2603 brevem
1077 2555 1190 2602 uomen-

223 2630 367 2692 elaturum
374 2627 528 2690 tradamus
535 2628 696 2696 effectuum
711 2635 806 2710 captes
814 2629 1017 2708 possessionis
1022 2649 1031 2705 ;
1042 2633 1193 2712 sequemes

224 2719 314 2798 igitur
326 2717 449 2780 effectus
462 2736 501 2778 ex
513 2720 599 2798 capit
612 2717 801 2798 possessione
814 2717 989 2798 profluunt:

265 2811 295 2868 1ο
315 2809 349 2868 In
363 2805 518 2868 beneficiis
530 2803 633 2867 liberae
646 2805 813 2868 collationis
828 2805 889 2867 vim
902 2812 932 2868 et
949 2805 1097 2870 effectum
1111 2805 1195 2869 colia·

224 2895 314 2959 tionis
330 2894 419 2957 babet
437 2899 524 2976 capta
545 2895 693 2976 possessio
710 2895 736 2956 si
758 2892 940 2958 beneficium
957 2896 1098 2959 tradatur
1116 2896 1156 2958 ab
1168 2911 1197 2954 ro

225 2985 277 3066 qui
292 2985 382 3046 habet
395 2989 572 3064 potestatem
585 2981 772 3046 conterendi.

265 3075 297 3133 2⁰
310 3072 495 3152 lteguteriter
508 3089 586 3134 onus
598 3071 746 3154 probandi
760 3073 924 3153 possessori
946 3091 1009 3136 non
1023 3073 1199 3137 incumbit:

231 3159 399 3240 «Quisquis
423 3161 506 3222 enirn
529 3159 676 3243 possidet,
702 3162 770 3240 juro
797 3159 951 3241 possidere
973 3162 1162 3226 {estimatur
1186 3179 1197 3214 ι

226 3248 260 3309 L.
277 3251 307 3322 ἓ,
325 3245 410 3320 eod,
426 3247 460 3309 de
473 3247 589 3330 acquir.
602 3257 631 3310 et
644 3256 701 3310 ret.
710 3267 787 3329 poss.
881 3285 896 3304 .-

266 3337 298 3394 3·
320 3336 353 3392 tn
368 3335 432 3412 pari
443 3339 535 3397 causo
550 3337 655 3398 melior
667 3342 713 3398 est
725 3335 859 3400 conditio
866 3336 1150 3422 possidentisssap.
1160 3341 1200 3398 31.

226 3421 261 3482 de
275 3420 445 3500 Prcabcnd„
462 3425 494 3484 in
509 3427 551 3490 6⁰.

266 3513 298 3567 1·
318 3509 470 3572 Possessio
493 3531 563 3574 cum
581 3516 664 3593 iusto
682 3516 771 3580 titulo
790 3523 821 3580 et
843 3517 925 3580 bont
940 3517 1001 3580 fide
1022 3519 1081 3598 jus
1104 3519 1204 3582 tribut

227 3595 411 3674 percipiendi
425 3597 539 3660 tructus
552 3603 747 3686 officiumque
761 3606 914 3674 spirituale
928 3607 1111 3671 exercendi.

338 3731 342 3734 -
406 3689 530 3716 -Q
