2474 3946
184 157 242 220 339
405 180 542 232 renuens
563 185 665 232 ronne
684 176 767 226 runis
790 172 938 222 0111011101.

183 301 198 338 n
225 299 277 343 eos
291 280 448 362 increpare
458 289 487 343 et
501 281 699 362 redarguere,
711 285 962 361 altergarerlens
975 269 1149 338 nonauacul·

183 390 199 428 n
224 371 296 432 tavit
315 374 358 448 (ut
373 370 436 450 ipse
450 371 564 450 asserit)
579 373 717 434 eamdem
736 369 877 444 llariam,
891 385 962 447 quae
976 381 1065 428 suum
1082 377 1148 426 cou-

183 479 198 516 u
226 477 348 520 sensum
363 460 519 540 expressit.
535 483 550 518 n
567 460 780 536 -Patavina,
799 461 833 520 ll
851 454 1026 518 1111111663.
1050 541 1056 554 Ι
1133 537 1139 551 Ι

224 547 298 607 Item
315 551 346 608 ll
367 547 466 610 martii
483 551 579 611 1673:
595 571 611 608 11
625 546 765 610 Defendit
777 548 867 609 Sacra
881 545 1077 626 Congregatm
1089 538 1151 600 ratr-

184 634 349 696 nditatcm
360 629 1151 732 matrimoniicontracticorarnparochn,qui·tanli1m
1224 639 1226 696 t

184 744 198 780 1
227 723 338 785 audivit
351 725 580 803 verbaleminae,
596 725 718 788 sednon
732 724 799 802 viri,
810 730 840 784 et
852 721 957 784 annuli
970 719 1152 782 traditionem
1225 799 1226 804 ἵ

183 832 197 868 u
222 811 356 892 aspexit,
370 814 494 876 testibus
507 813 728 896 deponentibus
742 812 780 875 de
795 811 950 893 utriusque
964 824 1121 872 consensu.
1136 826 1150 864 1

227 903 318 963 1355.
332 903 375 964 De
384 901 431 964 his
441 903 543 964 etaliis
558 902 696 984 pluribus
705 901 771 976 vide
782 900 925 964 Analecta
933 898 1057 978 (januier
1071 897 1152 969 1856,

62 1013 70 1020 ·
188 987 247 1051 001.
265 993 458 1068 18911398),
474 991 584 1072 quihus
602 997 772 1054 consonant
788 990 866 1052 dicta
880 991 897 1051 11
912 987 1075 1050 Benedicta
1094 985 1154 1046 xlv

185 1077 240 1156 (De
261 1078 400 1160 Synrdo,
417 1079 468 1140 lib.
490 1082 539 1155 l3,
559 1099 626 1161 cap.
647 1083 712 1159 23),
729 1079 780 1142 uhi
795 1078 877 1140 addit
899 1079 946 1157 (n⁰
965 1079 1002 1155 X)
1021 1095 1029 1138 :
1049 1098 1064 1135 a
1081 1071 1156 1174 Nihil

187 1188 202 1225 n
228 1186 349 1230 necesse
364 1175 408 1228 cst
421 1186 510 1230 aures
523 1168 664 1231 obturare
678 1217 685 1239 .
701 1169 799 1232 velare
814 1167 921 1230 taciem
940 1163 1157 1246 aliaquc'uhujus

185 1276 201 1315 u
227 1256 347 1336 generis
357 1255 454 1318 lacere
468 1277 537 1338 quae
547 1257 585 1319 ad
595 1257 625 1320 id
636 1259 735 1320 solirm
747 1257 862 1320 ualeant
872 1263 907 1320 ut
919 1256 1158 1318 auimoscontra·

185 1363 201 1402 r
225 1343 364 1407 hentium
384 1345 546 1426 aliquando
567 1347 718 1429 scrupulis
738 1353 898 1428 torqueant
911 1365 947 1422 r3
966 1343 1075 1407 sufficit
1088 1349 1159 1405 tuno

185 1432 316 1512 parocho
324 1433 402 1495 sarid
411 1434 584 1498 moneresic
593 1435 778 1498 clandestine
787 1435 997 1498 contrahentes
1007 1433 1088 1515 qudd
1097 1451 1159 1514 gra-

184 1521 260 1584 viter
269 1528 406 1602 peccent,
417 1530 446 1585 et
455 1522 572 1586 dolerre
581 1543 648 1587 rem
657 1543 781 1587 omnem
794 1525 830 1587 ad
841 1525 1074 1607 Episcopunr.-
1090 1521 1159 1602 (ld.)
1225 1599 1226 1616 ξ

224 1613 315 1674 1356.
331 1613 440 1674 Nolant
455 1613 561 1675 Palaus
574 1621 604 1675 et
618 1615 890 1693 salmanticenses,
906 1613 986 1694 apud
1001 1614 1032 1675 S.
1048 1611 1158 1694 Liguo-

184 1699 264 1762 rium
279 1701 342 1780 (lib.
358 1705 389 1780 6,
406 1711 439 1763 n⁰
455 1705 560 1780 1093),
577 1704 670 1785 quod,
682 1711 808 1784 urgente
824 1702 1052 1780 necessitate,si
1067 1721 1159 1784 parn-
1224 1704 1225 1711 ’

185 1789 261 1854 chus
275 1791 367 1854 nollet
380 1791 528 1869 assistere,
539 1811 596 1855 nec
607 1801 706 1874 posset
715 1792 858 1874 Superior
867 1791 954 1870 adiri,
967 1791 1073 1854 nolens
1088 1799 1160 1855 tunc

185 1887 284 1958 posset
298 1879 425 1960 adduci,
443 1881 534 1942 mudd
548 1883 592 1944 uis
606 1901 741 1964 personae
761 1899 822 1943 non
838 1881 937 1957 fieret3
954 1881 1016 1942 imd
1034 1881 1159 1961 quidam

185 1965 264 2044 apud
276 1967 529 2032 salmanticenses
542 1971 680 2032 concedit
694 1971 775 2052 qudd
786 1971 909 2052 pervim
924 1979 1023 2053 posset
1036 1970 1158 2050 adduci,

184 2051 308 2115 sialiter
331 2060 445 2118 vexatio
468 2058 531 2119 tolli
559 2061 721 2140 nequiret,
737 2060 809 2142 quia
832 2059 981 2142 parochus
1003 2077 1040 2121 ex
1059 2059 1161 2124 officio

184 2140 321 2204 assistere
335 2149 463 2206 tenetur.

222 2232 312 2292 1351.
338 2232 459 2302 Quaerit.
489 2239 522 2298 2⁰
545 2237 690 2309 Quisnam
717 2237 756 2300 sit
781 2239 923 2322 proprius
948 2201 1103 2320 parochus
1131 2243 1160 2304 in

77 2365 81 2369 .
120 2331 161 2347 ²
181 2315 336 2380 ordinead
350 2322 599 2387 matrimonium?

222 2407 312 2488 Hesp.
328 2409 497 2474 Paroehum
516 2415 610 2477 alium
631 2435 697 2479 esse
714 2415 883 2494 domicilii,
899 2417 991 2480 alium
1008 2419 1159 2500 quasido

180 2494 305 2576 micalli,
328 2498 420 2562 alium
441 2502 564 2566 tandem
581 2504 725 2588 simplicis
742 2504 955 2577 dubitationis:
970 2525 1074 2570 coram
1090 2529 1159 2572 om·

181 2583 272 2648 nibus
290 2586 347 2652 illis
368 2591 505 2672 parochis
523 2593 667 2656 celebrari
687 2602 783 2677 potest
801 2597 1045 2674 matrimonium,
1064 2599 1159 2663 etiarn

181 2691 284 2738 coram
298 2679 429 2760 parocho
442 2682 588 2764 simplicis
600 2683 790 2746 habitationis
802 2733 809 2761 ,
822 2685 850 2746 si
861 2685 891 2747 in
907 2685 999 2768 ipsius
1012 2690 1158 2768 parochia

180 2765 389 2831 contrahentes
403 2770 507 2833 saltem
518 2789 678 2854 perunum
690 2787 827 2836 mensem
841 2772 952 2837 luerint
961 2782 1154 2846 commorati.

183 2855 295 2917 -Vide
309 2858 382 2938 quid
393 2858 560 2924 dixerimus
573 2861 830 2942 deomnihushis,
846 2882 935 2945 supra¹
950 2867 1052 2944 (1313,
1066 2871 1158 2934 1311

128 2959 131 2964 “
182 2944 284 3019 aaran
300 2953 330 3006 et
344 2947 468 3028 insuper
487 2959 556 3012 nota
574 2951 656 3033 quod
674 2952 712 3014 ad
726 2953 945 3036 acquirendum
965 2955 1158 3024 domicilium

181 3031 262 3090 nulla
284 3034 454 3113 requiratur
476 3057 579 3116 mora,
599 3041 653 3103 sed
674 3043 845 3105 obtineatur
869 3048 967 3107 statim
991 3063 1027 3108 ao
1050 3046 1159 3132 incipil

179 3117 320 3182 habitatio
342 3139 413 3184 cum
434 3127 537 3188 animo
555 3130 696 3192 manendi
712 3131 798 3210 (Vide
818 3133 1013 3216 Theologiam
1032 3137 1158 3202 Tolosa-

180 3210 277 3282 nam);
295 3211 472 3274 nontamen
491 3218 655 3298 acquiritur
669 3239 722 3302 per
736 3220 949 3286 habitationem
964 3225 1058 3287 solius
1073 3228 1154 3305 diei,

180 3294 202 3355 si
228 3305 318 3360 noctu
346 3301 414 3382 quis
438 3303 467 3364 in
494 3306 586 3387 priori
609 3310 844 3373 cubaret·dom0
865 3331 873 3374 :
894 3312 936 3374 ita
960 3313 1049 3376 Croix
1071 3319 1154 3400 apud

177 3383 209 3446 S.
227 3382 400 3468 liguorium
415 3393 478 3470 (lib.
498 3398 528 3472 6,
542 3407 576 3458 n⁰
591 3401 679 3474 1086,
695 3400 727 3461 in
739 3401 821 3484 fine).

216 3478 306 3539 1338.
323 3480 451 3544 Nomine
466 3484 600 3565 parochi,
616 3488 716 3569 quoad
732 3492 970 3571 matrimonium,
983 3494 1154 3580 intelligen-

176 3561 250 3624 dum
264 3571 309 3626 cst
329 3584 390 3628 non
410 3571 508 3633 sollrrn
526 3576 665 3638 sacerdos
684 3579 738 3658 qui
751 3598 858 3644 curam
875 3581 965 3644 hahet
977 3583 1153 3652 animarum
