2434 3940
64 183 93 280 ᾗῇ
165 179 171 216 ‘³
215 183 271 252 l'ltl
430 201 568 250 ulnulas
587 202 685 248 tortus
704 201 785 250 turra
806 202 956 254 canorum.

19 278 97 374 ’
213 309 286 366 tom.
301 307 332 379 2,
349 312 382 366 n·
396 306 472 380 552,
487 304 550 366 ltu.
568 303 704 379 Bourier,
725 303 850 366 Dissert.
867 303 898 364 ia
911 311 1026 366 scutum
1044 303 1168 386 Decolopl
1213 331 1214 420 p

35 399 62 434 lat
1213 425 1214 482 1

211 400 415 476 preceptum,
436 409 498 454 non
523 391 621 454 solnm
642 391 743 474 quoad
764 391 1000 467 confessarium.
1017 393 1070 455 sed
1091 396 1169 456 etiam

152 475 153 478 ’
215 480 313 562 quoad
322 479 508 543 sacerdotem
518 481 602 542 valtle
616 481 820 563 perniciosum
834 481 1096 563 magnescandala
1109 501 1172 565 pra·
1213 483 1214 558 l

14 578 48 666 ²5*
64 571 100 628 ’Ἀ
214 567 336 636 lentem
358 575 411 632 aut
429 569 540 632 multos
560 569 663 634 fideles
683 578 948 652 corrumpentem,
968 571 1014 634 rel
1035 571 1058 632 si
1082 573 1172 652 praeri

213 655 319 720 deatur
332 656 414 740 quod
428 657 464 720 sit
477 667 672 740 corrupturus
687 679 695 721 ι
711 667 755 722 est
768 659 852 721 enim
871 661 960 741 lupus
974 660 1006 722 in
1020 661 1088 722 ovili
1101 697 1110 728 2
1123 679 1173 742 qao

214 747 294 824 viso,
316 765 441 820 omnes,
462 747 575 830 absque
594 751 695 826 morl,
719 747 849 811 clamare
871 748 993 811 debent.
1019 749 1078 812 Sed
1101 759 1173 813 extra

213 852 318 896 casum
331 835 520 917 suppositum
531 883 539 914 ,
550 837 716 916 generatim
725 837 891 919 Episcopus
905 855 967 899 non
981 844 1080 919 potest
1092 840 1174 921 proni

214 930 326 986 tentem
343 924 477 1006 obligare
489 923 527 986 ad
540 923 780 988 denuntiandum
794 925 1012 988 confessarium
1025 927 1071 989 vel
1084 947 1174 991 sacer·

214 1010 314 1074 dotem
325 1013 363 1075 ad
376 1015 473 1095 turpia
486 1013 785 1077 sollicitantemvide
795 1014 937 1078 Stremler
952 1013 1089 1100 (iotam.
1105 1019 1174 1095 tut).

214 1107 244 1163 at
256 1101 333 1164 inlra
346 1101 474 1165 dicenda
483 1101 600 1184 (5844).

686 1274 737 1339 ΙΙΙ.

340 1400 478 1478 monam
498 1399 540 1462 sit
558 1273 701 1482 ollipa§tio
720 1399 831 1482 stptttt
851 1401 1054 1485 Confessionit.

160 1570 164 1578 ·
253 1555 342 1617 3892
363 1552 421 1614 Per
441 1548 579 1632 Sigillum
599 1547 801 1612 Gonlessionls
820 1551 995 1632 intelligitur
1017 1556 1180 1616 orrtt'ssima

214 1641 354 1725 altipatio
366 1637 503 1703 servandi
516 1646 624 1701 secreta
633 1657 666 1700 ea
676 1658 741 1721 qaoe
750 1649 866 1722 accepta
877 1649 946 1702 sarit
957 1661 1012 1723 per
1027 1641 1181 1727 Confessio

212 1753 276 1796 nem
289 1729 549 1795 sacramentalem.
570 1777 573 1786 .

252 1823 325 1884 Haec
338 1829 439 1884 autem
457 1817 623 1882 arctissima
636 1815 778 1898 obligatio
796 1817 901 1880 nititur
922 1819 1034 1901 l⁰jurr
1052 1823 1181 1886 naturali

210 1911 335 1992 jubente
355 1908 464 1972 serrari
487 1911 636 1970 secretum
650 1905 729 1968 circa
746 1905 848 1969 audita
867 1909 898 1972 in
919 1907 1134 1992 mntesstone,
1150 1933 1183 1974 ne

212 2002 292 2062 lama
314 1997 443 2080 proximi
461 1995 585 2058 laedatur
608 2002 638 2056 et
659 2013 697 2057 ne
716 1995 919 2060 committatur
940 1997 1139 2066 irreverentia
1156 2005 1185 2066 in

212 2093 449 2162 sacramentnm,
462 2083 543 2165 quod
557 2084 662 2146 inutile
677 2090 708 2147 et
720 2085 858 2148 odiosum
873 2087 1063 2153 redderetur.

252 2181 283 2238 2⁰
296 2173 370 2238 Jare
381 2172 481 2236 diuino
496 2193 507 2234 .·
521 2174 601 2236 Deus
614 2173 695 2236 enim
714 2193 776 2237 non
798 2176 895 2258 potuit
912 2177 1068 2243 instituere
1084 2183 1187 2247 Sama-

212 2270 348 2330 mentum
369 2261 554 2327 Poenitentiae
572 2267 604 2325 et
620 2263 740 2343 exigere
753 2270 787 2326 ut
800 2263 837 2326 ad
854 2263 939 2344 illud,
954 2283 1009 2349 per
1022 2269 1190 2335 confessio

212 2353 391 2419 nemetiam
415 2359 579 2428 secretam,
603 2359 760 2415 recurrant
773 2353 973 2435 poenitentes,
994 2358 1072 2439 quin
1095 2362 1187 2425 samm

211 2443 312 2508 omnia
326 2443 517 2526 preceperit,
532 2441 596 2504 sine
607 2441 718 2522 quibus
732 2459 900 2526 nunquam.
911 2443 957 2506 vel
971 2445 1079 2510 saltem
1096 2454 1190 2514 raris-

211 2534 287 2598 sime
301 2539 425 2615 possent
436 2529 545 2594 adduci
554 2527 592 2592 ad
605 2529 663 2593 hoo
674 2529 841 2593 remedium
855 2531 1082 2615 adhibendum
1096 2543 1189 2620 porro

88 2633 93 2644 ’
211 2621 1193 2702 nisiadstrictissimumsecretumastringerenturminiatrisacra·

210 2713 304 2778 menti
327 2709 529 2788 Poentrenttaa,
564 2723 722 2789 nunquam
750 2709 797 2772 rel
827 2710 979 2774 rarissime
1002 2717 1192 2795 paenitentes

3 2751 44 2896 :ll-{³
115 2813 117 2816 ·
209 2803 328 2868 auaderi
362 2805 485 2883 possent
515 2797 680 2881 quominus
713 2813 769 2862 sua
802 2803 924 2882 macula
951 2801 1192 2890 wnfllefflnlurt

209 2911 243 2957 ar
263 2909 297 2966 ο,
312 2893 370 2952 eto.

243 2911 338 3042 589³.
353 3009 393 3025 -
402 2979 435 3041 a·
447 2977 520 3040 lare
533 2975 725 3040 rectea'aatr'ro
736 2995 747 3037 .·
760 2977 804 3040 sic
817 2977 900 3040 enim
916 2979 1005 3043 habet
1019 2983 1196 3068 Gregorius

208 3067 287 3152 apud
302 3067 477 3129 Gratianum
491 3063 526 3127 de
539 3067 710 3137 Paeniteat..
726 3064 795 3127 dist.
811 3069 842 3146 6,
858 3085 924 3151 cap.
941 3073 960 3131 2
977 3087 984 3131 :
1005 3073 1196 3142 «Sacer-dor

207 3175 223 3216 ι
246 3159 317 3218 ante
329 3155 431 3218 omnia
445 3161 545 3218 cureat
560 3169 598 3217 na
612 3153 650 3217 de
663 3155 725 3232 his,
741 3155 793 3236 qui
807 3156 834 3218 ei
848 3157 1032 3223 conlltcntur
1045 3177 1196 3246 paccata,

207 3261 223 3304 r
246 3243 335 3306 alicui
359 3244 482 3321 recitet,
498 3261 559 3306 non
582 3243 777 3326 propinquis,
793 3261 856 3308 non
874 3249 1041 3327 extraneis,
1057 3267 1196 3338 neque,

206 3351 222 3393 ι
246 3329 328 3415 quod
349 3332 445 3413 absit,
461 3347 516 3415 pro
538 3329 638 3414 aliquo
659 3333 817 3412 scandal03
840 3351 912 3398 nam
932 3337 956 3399 sl
975 3335 1033 3401 lroc
1053 3338 1199 3427 lecerit,

206 3441 230 3482 r·
245 3423 423 3504 deponatur,
438 3429 467 3486 et
480 3422 622 3485 omnibus
634 3421 741 3485 diebus
756 3425 823 3488 rita
836 3443 917 3505 suaa,
933 3427 1200 3516 ignominiosus,

205 3533 220 3571 r
246 3512 465 3593 peregrinando
479 3523 593 3594 pergat.
609 3532 625 3570 a

245 3599 359 3664 uadem
373 3599 507 3665 decernit
519 3600 633 3663 Goacit.
648 3602 786 3665 laurum
802 3604 852 3686 tv,
867 3604 925 3670 aab
937 3607 1133 3677 Innocentio
1143 3617 1201 3682 111.
