2416 3954
407 203 493 250 rreeu
513 204 670 252 secturus.
970 189 1029 251 403

58 324 72 362 r
97 302 333 382 recognoscendi
358 309 389 364 et
408 301 616 379 examinandi,
641 321 676 365 ac
696 301 762 382 ubi,
785 303 879 366 Nobis
906 304 1032 367 saulto-

57 412 72 448 υ
96 409 189 452 mano
205 389 343 453 Pontifici
358 409 413 472 pro
432 397 570 471 tempore
587 389 741 471 existenti,
755 392 907 470 retulerit,
923 393 1030 456 Nostra

58 499 72 536 a
95 497 148 541 seu
160 478 241 541 illius
254 479 429 541 auctoritate
442 477 608 557 rejiciendi.
623 501 639 538 n

96 568 149 629 llis
163 575 333 630 consonant
345 585 412 648 quae
427 569 548 630 sancitae
564 567 648 631 tuere
661 567 693 630 in
707 570 818 652 regulis
829 569 951 642 indicis,
966 570 984 652 ξ
997 575 1028 650 3,

60 656 345 726 retruderetur
363 675 371 718 :
391 655 676 738 «indulgentiarum
699 659 764 720 libri
783 677 908 738 omnes,
923 659 1027 739 diaria,

59 767 74 802 a
96 747 282 824 summaria,
297 745 404 822 libelli,
420 745 502 822 tolia,
522 751 596 821 etc,
615 745 771 828 inquibus
788 767 891 810 earum
905 767 1028 812 conces-

58 855 73 892 n
96 835 197 896 siones
210 833 414 906 continentur,
424 852 486 896 non
501 833 628 898 edantur
645 836 759 917 absque
772 837 892 898 licentii
906 837 938 900 S.
955 837 1029 900 Corr-

59 923 280 1005 ngregationis
310 921 478 1004 indulgent.
505 945 521 983 n
554 924 728 1005 Requiritur
759 926 883 1006 insuper
911 923 1030 989 licentia

58 1013 207 1074 Ordinarii
221 1019 272 1090 ,ut
286 1011 416 1074 diximus
431 1030 521 1094 supra
535 1014 645 1092 (losa).

96 1105 188 1164 ⁴562.
212 1100 260 1164 Ab
277 1101 425 1183 Episcopo
438 1101 644 1164 Petrocorensi
663 1103 798 1166 consulta
815 1102 894 1166 circa
907 1119 1029 1165 sensum

59 1190 188 1272 praeiatae
201 1189 313 1272 regulae
332 1189 459 1265 Indicis,
478 1191 510 1252 S.
534 1192 683 1272 Corrgreg.
707 1192 968 1274 indulgentiarum
986 1191 1030 1253 sic

58 1279 214 1362 rospondit
227 1281 276 1354 (tt
288 1277 425 1341 decemb.
442 1281 547 1356 l857)¹
562 1298 569 1339 ε
590 1302 605 1338 u
621 1285 649 1341 l⁰
660 1281 711 1343 S'ii
726 1288 770 1343 est
784 1280 923 1362 question
938 1278 1029 1342 d’une

59 1391 72 1424 o
97 1367 279 1450 indulgence
292 1365 436 1430 occorde'o
446 1385 550 1446 paruu
561 1369 677 1432 Brelou
687 1389 742 1450 par
752 1387 794 1432 un
809 1369 922 1432 Rescrit
933 1371 1028 1450 Apus·

59 1481 72 1516 u
95 1457 228 1539 telique,
243 1475 285 1518 ou
298 1455 372 1518 d'un
392 1455 501 1518 recueil
515 1456 740 1539 d’indulgences
754 1459 842 1521 tirdes
855 1459 928 1520 d'uu
942 1465 1028 1520 autre

59 1568 72 1604 u
96 1546 209 1630 recueil
229 1545 296 1626 ddja
309 1543 411 1625 pubiie
424 1561 494 1606 arec
507 1543 723 1626 l'approbation
736 1547 774 1609 de
788 1547 816 1609 la
827 1548 934 1610 Sacre‘e
948 1547 1028 1608 Con·
1133 1585 1141 1596 ·

58 1657 71 1692 n
96 1635 269 1716 gregatim,
293 1634 434 1715 l'liveque
454 1639 526 1714 peut
552 1637 697 1698 autoriser
719 1634 917 1716 l’impressiou
946 1642 976 1696 et
1001 1635 1029 1696 la

59 1747 72 1780 o
95 1723 280 1805 publication
294 1722 332 1784 de
345 1729 421 1784 cette
433 1721 614 1803 indulgence
631 1741 672 1786 on
686 1723 724 1785 de
737 1741 772 1785 ce
786 1722 1030 1784 sommuired’in·

58 1835 72 1870 n
96 1813 273 1893 dulgenoes,
288 1829 403 1893 pourvu
417 1811 490 1892 qu'il
504 1812 627 1873 n’existe
641 1831 695 1893 pas
715 1811 753 1872 de
765 1811 887 1873 de'lensc
902 1811 1030 1892 speciale

59 1925 72 1960 n
97 1897 1027 1981 etlormelleconcernantcertatuscataloguesd’indulgences.

96 2014 112 2052 n
136 1992 169 2054 2⁰
186 1991 315 2052 Econtra
334 1990 404 2052 rerd
418 1989 443 2050 si
462 2006 562 2051 sermo
585 1990 623 2050 sil
639 1989 677 2052 de
691 1988 867 2066 summario,
882 1989 928 2050 rel
942 1997 1028 2062 autea

58 2103 73 2140 o
96 2080 223 2144 collecto
241 2078 293 2142 sed
315 2095 472 2160 nunquam
489 2077 668 2159 approbato,
683 2079 729 2141 vel
745 2096 827 2140 nunc
844 2077 977 2159 primbm
991 2097 1027 2141 cr
1137 2074 1140 2080 ’

60 2192 74 2228 n
97 2169 222 2232 dirersis
243 2165 487 2230 concessionibus
509 2166 689 2248 colligendo,
704 2167 866 2249 requiritur
889 2185 1029 2250 expressa

59 2280 75 2320 u
99 2261 130 2322 S.
145 2256 392 2338 Congregationis
405 2254 662 2336 indulgentiarum
678 2257 808 2319 licentia.
824 2277 840 2316 n

99 2347 271 2408 teob-3⁰
284 2347 318 2405 ln
332 2345 458 2405 Decreto
476 2343 512 2404 ll
524 2344 625 2424 aprilis
644 2348 732 2422 4856,
749 2346 869 2408 Piule
878 2345 1030 2407 mandavit

61 2443 93 2498 ut
110 2453 217 2498 omnes
236 2451 292 2515 per
310 2433 415 2494 orbem
436 2430 584 2494 Ordinarii
616 2455 631 2492 r
652 2439 786 2514 satagant
803 2441 836 2496 ut
862 2436 986 2496 Decreta
1012 2435 1029 2494 i

62 2547 77 2582 a
100 2527 131 2587 S.
153 2522 390 2604 congregatione
404 2520 560 2582 salubriter
578 2519 672 2598 edita,
696 2541 731 2583 ac
754 2523 918 2603 praesertim
940 2541 1030 2602 super

63 2635 77 2670 n
100 2611 275 2676 earumdem
295 2609 552 2691 Indulgentiarum
574 2609 776 2690 publicatione
790 2617 819 2671 et
833 2610 1030 2690 impressione

63 2724 77 2762 ι
100 2703 305 2778 observentur,
315 2699 463 2780 imprimis
475 2699 545 2760 verb
559 2700 718 2760 Decretum
728 2698 785 2760 sub
794 2697 843 2759 die
857 2698 894 2760 ta
906 2699 1025 2776 januar.

62 2813 77 2848 r
103 2795 178 2856 1756
192 2791 304 2866 latum,
315 2795 346 2852 et
362 2790 379 2850 a
393 2789 424 2850 S.
438 2789 479 2850 itt.
498 2786 611 2848 Beued.
628 2787 686 2849 PP.
698 2788 763 2849 lllV
777 2786 826 2848 die
839 2789 879 2848 28
892 2786 1028 2865 ejusdem

64 2903 78 2938 o
103 2881 214 2942 mensis
230 2877 427 2960 approbatum
438 2924 446 2953 ,
457 2876 538 2958 quod
548 2877 587 2938 ita
599 2875 732 2938 sehabet
742 2893 749 2937 :
760 2875 833 2938 Cim
847 2875 1030 2958 experientia

64 2990 79 3026 n
101 2967 230 3048 quotidie
253 2965 449 3048 comperiatur
465 2964 626 3048 complures
646 2963 904 3046 indulgentiarum
924 2985 1028 3028 conces·

65 3079 80 3114 o
101 3057 190 3120 ainos
202 3053 504 3140 peaeralcaerpediri‚
522 3053 613 3115 insciti
624 3053 1027 3137 rpsdsoerdt'oopregotioor‚

65 3166 80 3204 n
105 3165 206 3230 aequo
225 3143 315 3207 molti
328 3149 504 3226 prornnoont
523 3141 641 3218 otono,
656 3163 691 3206 uc
710 3144 906 3224 confusiones.
922 3163 955 3208 re
969 3163 1032 3207 ma·

65 3255 80 3293 n
105 3239 166 3298 turb
181 3238 345 3318 perpensa,
362 3231 500 3316 praesenti
516 3233 642 3295 Decreto
662 3231 822 3295 declararit
839 3231 1031 3315 impetrantes

66 3343 81 3380 r
105 3327 231 3406 postbaec
244 3321 417 3404 hujusmodi
431 3321 585 3404 generales
605 3321 832 3400 concessiones,
852 3323 947 3386 teneri
974 3323 1031 3386 sub

97 3467 103 3493 ¹
119 3461 209 3514 Gallico
234 3459 352 3512 idiomata
372 3455 436 3508 banc
454 3456 648 3523 iieepomicnem
671 3457 758 3508 saltem
776 3472 807 3510 ex
823 3463 891 3523 perte
912 3457 1030 3508 tradimus

68 3537 198 3670 'godilam
211 3532 318 3598 legiruus
326 3528 352 3580 in
361 3541 435 3595 opere
442 3527 482 3579 cui
491 3527 634 3580 titulusrlc
642 3527 755 3582 cirillae
763 3527 916 3588 iclctrdmtc.
929 3529 964 3591 (p.
975 3527 1027 3581 tl&
