2452 3946
242 207 299 267 196
459 180 716 272 nominaremus
736 224 817 272 runis
838 221 986 271 aaronica.

241 321 399 403 spectatad
408 324 533 404 Papam,
544 322 626 403 juxta
635 322 727 386 decis.
740 325 771 385 S.
783 326 819 385 R.
830 324 877 399 6.,
886 326 925 384 94
935 340 1000 404 apr.
1015 324 1114 399 1696;
1126 313 1219 383 elba*

242 417 358 474 cretum
367 412 550 476 UrbaniVlll
556 411 779 474 modbrelatum
789 411 900 492 (3683).
913 413 1126 473 Potestautem
1139 409 1211 488 Epis

241 515 337 580 copus
349 499 428 562 banc
438 499 589 562 licentiam
598 499 670 563 darc
677 500 875 563 Canonicisin
885 499 977 562 cboro
986 497 1106 578 (64444,
1117 499 1211 571 39931,

241 587 287 649 vel
302 589 393 652 etiam
406 589 472 651 aliis
485 588 688 652 sacerdotibus
702 596 838 670 tempore
856 587 956 652 missae
970 605 1068 669 usque
1090 586 1132 648 ad
1145 587 1212 646 Pra-

242 673 385 740 iaticnem
401 723 410 756 ‚
433 680 476 740 uti
490 676 601 740 dicitur
614 677 646 739 in
660 678 769 740 liituali
785 677 937 742 valentin.
960 678 1002 758 (p.
1020 677 1115 756 913),
1136 671 1213 735 Belli

242 765 341 844 censi,
356 771 387 829 et
399 766 480 847 apud
495 764 608 843 Andre,
624 765 716 827 Corra
731 765 766 828 de
779 765 861 828 droit
873 784 989 840 canoa,
999 774 1028 826 ν’
1042 765 1212 846 Perruque:

243 853 422 918 contradicit
430 863 532 917 tamen
546 852 656 916 Bened.
666 856 732 916 XlV
742 855 797 934 (De
807 855 958 936 sacrific..
971 855 1023 915 lib.
1036 859 1067 931 1,
1083 871 1113 916 4.
1125 855 1177 928 lli,
1187 853 1213 924 3,

243 943 323 1023 apud
339 942 426 1008 Cara.
444 941 558 1024 Compi.
572 990 580 1019 ,
595 949 670 1004 tom.
686 945 741 1021 93,
756 944 815 1006 col.
837 947 908 1020 913)
919 991 928 1022 ,
938 949 969 1005 et
981 943 1117 1004 Ferraria
1131 961 1140 1018 ;
1155 937 1213 1002 uida

244 1047 334 1111 supra
348 1031 587 1110 (9114),-64446
600 1031 750 1094 Viaticum
763 1080 771 1110 ‚
785 1031 853 1095 vide
866 1051 958 1114 supra
971 1033 1084 1110 (3998).

284 1122 373 1182 3691.
396 1124 533 1200 Insuper,
548 1139 585 1182 ex
595 1121 683 1182 variis
697 1121 867 1184 DecretisS.
884 1123 920 1183 R.
932 1123 1025 1202 cong.
1038 1117 1214 1201 ususpilroli

244 1207 442 1289 prohibetur:
459 1213 490 1270 1⁰
505 1209 663 1271 Canonicis
676 1227 781 1290 preces
802 1215 833 1272 et
854 1211 1006 1272 orationes
1027 1208 1215 1270 cantantibus

244 1295 364 1376 pluviali
379 1296 501 1371 indutis,
517 1315 553 1360 ac
567 1297 603 1359 iis
616 1297 670 1378 qui
681 1297 767 1376 iuxta
780 1297 965 1380 Episcopum
979 1295 1079 1360 officio
1093 1291 1215 1358 Diaconi

245 1391 297 1446 aut
317 1383 498 1447 Subdiaconi
518 1385 685 1468 iunguntur
703 1392 756 1448 aut
769 1385 850 1448 aliud
868 1387 1070 1448 ministerium
1093 1383 1216 1465 implent

245 1473 290 1552 (44θ
303 1477 380 1535 4495
399 1481 429 1536 et
443 1474 523 1556 apud
538 1474 699 1553 Gardell.);
715 1479 747 1536 9ο
761 1475 918 1552 omnibus,
940 1471 1034 1536 etiam
1054 1471 1212 1554 Episcopis

245 1570 382 1644 tempore
396 1581 457 1644 quo
471 1561 700 1640 tl‘rurillcantur;
716 1567 748 1624 3⁰
762 1564 798 1625 iis
812 1563 864 1645 qui
881 1563 1060 1639 lectionem,
1081 1561 1129 1623 vel
1155 1577 1216 1641 pus

246 1651 364 1712 sionem
376 1657 518 1730 cantant,
533 1653 579 1714 vel
593 1653 646 1734 qui
661 1651 878 1734 genuflectunt,
895 1667 1001 1732 pacem
1016 1649 1090 1711 dant
1103 1657 1158 1711 aut
1172 1665 1217 1709 ac·

246 1739 382 1822 cipiunt3
398 1745 430 1802 4ο
445 1747 582 1822 tempore
595 1759 657 1823 quo
666 1746 802 1802 cantatur
811 1740 1021 1822 Evangelium
1032 1737 1217 1802 4148444144

246 1847 343 1910 usque
357 1835 424 1912 post
445 1829 523 1892 Cleri
543 1829 803 1892 communionem.
817 1829 892 1891 Vide
914 1828 971 1890 alia
984 1825 1064 1909 apud
1078 1827 1116 1888 D.
1136 1826 1216 1888 Bois·

246 1925 373 1996 sonnet,
391 1918 541 1980 Dictionc.
557 1917 606 1980 des
620 1919 750 1990 Decreta,
766 1920 798 1980 vl
813 1917 938 1982 Calotte.

286 2009 376 2069 3699.
400 2007 522 2080 Ouaerit.
540 2009 587 2068 An
602 2006 741 2069 liceatuti
755 2009 844 2069 comt
856 2005 960 2069 fictitia
973 2004 1004 2068 in
1020 2003 1183 2068 celebratio

247 2093 371 2157 blissae‘l

287 2185 376 2264 Resp.
403 2181 559 2245 4464444444
573 2183 798 2266 Pasqualigum,
808 2183 945 2267 Theoph.
961 2181 1177 2267 Reginaldum.

248 2269 365 2334 Ritualc
383 2269 596 2334 Valentinense
610 2274 651 2355 (p.
668 2277 727 2335 944
742 2275 774 2334 ic
789 2276 868 2354 noti)
884 2293 892 2337 ε
912 2277 1103 2352 «Attamen,
1126 2273 1210 2355 inqui

248 2381 264 2418 a
289 2358 402 2422 Bened.
417 2362 503 2440 XIV,
518 2367 634 2424 certum
656 2367 703 2424 est
727 2363 928 2444 Reginaldum
950 2367 981 2425 et
1007 2361 1213 2444 Pasqualigun

249 2468 265 2506 4
288 2446 366 2524 falli,
381 2453 411 2510 et
424 2447 511 2510 Card.
528 2449 716 2513 Grimaldum
736 2451 889 2533 (archiep.
907 2453 1092 2533 aquensem,
1108 2451 1160 2532 qui
1176 2469 1209 2512 sa

248 2557 265 2598 a
288 2535 402 2598 cerdati
414 2537 535 2600 cuidam
548 2537 701 2601 licentiam
717 2543 1038 2604 concesseratmissam
1051 2539 1211 2602 celebrand

249 2647 265 2688 a
289 2644 362 2690 cum
375 2629 462 2689 como
473 2627 670 2709 supposititia)
680 2646 743 2690 suae
753 2629 905 2710 potestatis
914 2629 1024 2690 limites
1036 2635 1179 2711 praetergr

249 2736 265 2778 a
288 2733 368 2779 aum.
384 2716 503 2780 Etenim
520 2734 646 2780 nemo...
664 2717 791 2779 44644444
805 2723 903 2800 potest
921 2735 976 2800 per
989 2719 1094 2780 lictum
1108 2717 1207 2798 capilli

249 2825 265 2866 a
288 2806 366 2868 tium
380 2805 542 2868 sacerdotis
550 2811 641 2887 caput
654 2807 816 2887 cooperiri;
834 2807 865 2869 in
876 2806 960 2869 altari
972 2813 1072 2869 autem
1082 2823 1193 2888 cooper

249 2916 265 2954 a
290 2895 388 2974 capite
402 2895 591 2971 ministrare,
616 2913 655 2956 ne
677 2894 826 2977 Episcopo
839 2895 963 2977 quidem
986 2896 1188 2976 permittendo

250 3005 266 3042 a
290 2981 393 3044 statuit
412 2982 570 3045 Zacharias
592 2983 674 3064 Papa
692 2981 724 3043 in
742 2984 876 3046 Concilio
899 2985 1037 3046 Romano
1059 2985 1130 3046 anni
1144 2989 1205 3045 ’144

253 3091 268 3132 r
291 3089 319 3134 c.
336 3075 373 3132 13
396 3071 482 3150 (Vide
496 3089 587 3151 supra
601 3074 690 3150 3688)
706 3090 714 3133 :
734 3071 859 3134 cuilibet
881 3073 952 3135 vero
971 3077 1160 3153 compertum
1178 3091 1213 3133 rs

248 3179 267 3224 4
292 3177 354 3222 non
369 3177 456 3240 posse
470 3158 654 3241 Episrmpum
667 3159 801 3223 relaxare
811 3161 909 3242 legem
919 3162 937 3222 a
946 3162 1109 3242 Superiora
1123 3161 1212 3222 latam

251 3271 267 3310 a
292 3266 392 3331 neque
420 3247 506 3310 alteri
534 3247 617 3309 illam
639 3247 792 3311 licentiam
812 3248 960 3332 impertiri
994 3267 1087 3329 quam
1107 3248 1214 3311 sibime

251 3359 267 3400 4
292 3337 349 3419 ipsi
362 3335 529 3398 concedere
543 3337 684 3416 nequit...
700 3337 838 3421 Cbmque
856 3339 887 3400 in
907 3337 1146 3419 Congregatione
1159 3355 1214 3419 par

251 3448 268 3488 a
290 3423 409 3487 ticulari
422 3424 460 3486 ab
475 3423 645 3487 Alexandro
659 3427 722 3487 Vlll
736 3445 818 3490 anno
834 3429 949 3490 1690...
964 3426 1056 3489 suerit
1073 3425 1205 3508 specialia

252 3536 269 3575 ι
292 3512 445 3575 discussus
454 3513 684 3588 articulus..,an
693 3515 799 3596 pileoli
808 3515 932 3578 nomine
941 3515 1197 3597 comprehendam

254 3623 269 3663 ι
294 3600 386 3662 etiam
395 3601 1215 3686 comasuppcsititia..Responsumiuittcomprebendi.
