2434 3940
360 269 447 320 curn
466 269 624 318 smmum.
921 249 977 313 res

51 375 126 424 tuen
150 363 322 448 inungetur,
357 368 414 430 nisi
443 368 613 450 periculum
641 363 762 428 tollatur
793 365 930 428 omnino.
959 387 975 424 u

78 453 149 516 3951.
168 455 333 520 Muti-surdi
347 503 355 536 ,
370 464 401 518 et
415 457 486 518 caeci
502 459 519 518 a
535 455 684 518 nativitate
699 454 788 534 hujus
802 454 977 518 sacramenti

50 549 100 600 sunt
111 559 238 624 rapaces,
253 545 277 608 si
291 554 334 608 sat
359 545 561 626 intelligentiae
585 543 716 605 habeant
734 551 766 606 ut
781 561 904 625 peccare
923 563 977 628 po-

51 629 147 708 tuerint;
164 638 192 696 cl
209 633 250 696 illi
270 635 393 716 quidem
415 634 549 716 ungendi
573 641 643 695 sunt
658 633 747 694 etism
762 651 854 714 prope
867 651 979 714 orgena

50 732 162 783 sensuum
174 722 279 804 quibus
292 729 406 802 carent,
423 742 504 799 narn,
516 723 569 786 etsi
584 739 638 804 per
652 721 841 783 illeexteribs
855 741 979 804 peceare

41 804 92 867 'non
103 811 254 890 potuerint,
275 819 437 894 potuerunt
457 819 557 874 tamen
578 829 633 894 per
646 809 801 873 interiores
814 813 978 892 potentias,

49 895 131 974 quibus
142 897 187 962 illa
199 901 447 984 correspondent.
463 899 583 964 Vides.
600 899 735 981 Liguor.,
748 899 798 960 lib.
814 902 845 976 6,
863 909 895 960 n⁰
909 905 979 967 73⁶2,

75 983 108 1046 lle
118 985 352 1070 dispositionibus
365 992 436 1053 verb
450 990 601 1072 requisitis
615 996 649 1052 ul
662 989 731 1070 quis
745 988 895 1052 fructuose
910 991 979 1052 reci

49 1069 91 1152 ¹oiat
101 1075 148 1139 boc
160 1087 378 1142 sacromentum
387 1079 454 1142 vide
467 1079 632 1146 tbeolocos.

74 1163 277 1240 desecuerit.
304 1171 335 1230 l·
357 1173 404 1232 lln
427 1168 465 1230 sit
477 1167 619 1250 obligatio
639 1167 696 1232 sub
715 1169 795 1250 gravi
817 1167 981 1252 reeipiendi

47 1251 375 1322 ExtremamUnotionem
391 1258 422 1319 in
437 1257 603 1340 periculoso
618 1257 813 1322 infirmitate?

73 1343 144 1425 llesp.
159 1350 171 1408 l
177 1357 189 1386 ⁰
201 1348 325 1410 Monsle
334 1347 415 1411 certe
424 1353 502 1409 esset
514 1365 552 1409 en
565 1353 739 1429 contemptu
752 1351 798 1410 vel
813 1368 882 1412 cum
900 1352 981 1432 gravi

47 1431 165 1512 stendale,
180 1435 260 1498 illam
276 1455 337 1498 non
354 1437 505 1520 suscipere
520 1437 550 1498 in
561 1436 727 1518 periculose
742 1438 912 1501 infirmitate
924 1461 932 1518 ;
944 1460 981 1503 ex

46 1523 160 1585 sententie
184 1535 287 1590 autem
307 1525 508 1588 communiori
533 1531 564 1588 el
582 1525 793 1606 probabiliori,
818 1528 843 1589 is
865 1533 980 1592 tantum

45 1605 126 1674 dicitur
141 1623 333 1680 contemnere
353 1617 404 1698 qui
425 1614 550 1696 negligit
567 1615 636 1696 quia
651 1615 820 1695 pemilacit,
837 1635 898 1679 nou
912 1621 982 1680 rerd

44 1699 79 1774 ¹lui
91 1720 143 1764 non
155 1705 215 1767 vult
230 1705 365 1786 recipere
378 1703 419 1768 ob
432 1703 674 1786 repugnantiam,
683 1704 728 1766 vel
738 1705 809 1785 quio
823 1713 908 1786 putat
921 1726 982 1770 non

54 1805 89 1850 oe
100 1790 133 1854 de
145 1801 306 1878 praecepto.

70 1881 94 1938 2⁰
107 1881 220 1947 Sceluso
230 1891 333 1948 eutem
344 1889 519 1964 contemptu
529 1881 574 1943 vel
586 1881 739 1958 scandalo,
749 1881 911 1964 duplexesl
920 1903 985 1948 sen·

45 1970 120 2048 tentia,
134 1973 173 2035 uti
187 1973 345 2036 videreest
357 1973 437 2056 apud
452 1973 483 2034 S.
493 1973 616 2052 liguor.
633 1969 697 2050 (iu,
710 1979 743 2032 n⁰
758 1974 837 2053 733),
853 1973 904 2054 qui
918 1974 959 2036 eit
974 1994 982 2037 :

46 2057 116 2122 «loo
131 2068 230 2125 umen
254 2080 319 2124 non
345 2062 502 2139 obstante,
530 2060 628 2142 prims
654 2061 803 2124 sententie
824 2063 985 2144 probabilis

43 2165 53 2200 ¹
71 2147 133 2229 (que
152 2152 291 2230 affirmat)
312 2151 439 2214 omnino
461 2148 612 2213 suadendo
627 2148 699 2212 mibi
715 2159 837 2233 apparet
856 2154 982 2234 u;sed,

43 2232 102 2309 juxta
115 2241 221 2305 bened.
238 2242 306 2305 xlv
321 2239 380 2322 (De
397 2239 492 2323 Syro,
513 2239 565 2302 lib.
581 2242 617 2317 8,
634 2247 666 2301 n·
680 2241 750 2320 tv),
774 2241 939 2324 Episcopus
954 2243 983 2306 in

44 2323 211 2393 suisSlatutis
226 2327 429 2412 synodalibus
451 2327 600 2392 abstinere
619 2347 651 2390 se
669 2327 757 2392 debet
775 2331 903 2394 averbis
917 2351 984 2414 que¹

42 2413 170 2482 ridentur
182 2416 507 2484 Extremas-Unctionis
520 2415 699 2499 recipiendae
712 2419 917 2482 necessitatem
932 2421 984 2483 eb·

44 2503 144 2570 solutum
156 2507 339 2592 significare.
354 2507 467 2570 Omnes
480 2513 580 2570 autem
596 2509 780 2570 conveniunt
793 2527 863 2572 eum
879 2517 986 2572 morto-

42 2589 89 2654 liter
106 2617 227 2678 peccare
249 2597 304 2680 qui
330 2595 445 2660 babens
470 2596 686 2659 conscientiam
709 2595 823 2677 peccati
853 2598 987 2658 mortalis

41 2684 165 2750 omitteret
177 2687 332 2770 suscipere
352 2685 738 2761 Extremam-ductionem,
753 2682 828 2744 dum
842 2699 904 2746 nou
917 2701 987 2765 pos-

40 2779 72 2833 set
81 2775 154 2839 eliud
163 2783 388 2840 sacramentum
403 2776 547 2856 recipere.
563 2775 606 2852 (S.
621 2771 758 2853 Ligu⁰re
772 2770 828 2850 ib.)

69 2864 146 2928 3953.
161 2865 284 2940 Ouaerit.
304 2867 337 2926 2⁰
358 2865 406 2928 Au
426 2861 692 2927 Extrema-Unctis
713 2861 806 2943 possit
828 2861 861 2924 iu
881 2860 988 2926 codem

40 2951 125 3017 uerbo
137 2949 299 3018 reiterari?

70 3041 147 3125 desp.
166 3041 212 3106 ed
227 3042 395 3113 iterandam
407 3043 791 3120 Extremum-Unctionem‚
806 3042 987 3126 requiritur,

41 3125 104 3204 juxto
116 3131 230 3196 concil.
245 3131 379 3194 Trident.
389 3133 473 3210 (sess.
486 3135 534 3210 ll,
548 3148 615 3213 cap.
626 3133 667 3209 3),
679 3138 713 3194 ut
722 3130 860 3196 infirmus
870 3135 888 3195 b
898 3133 989 3214 priori

42 3216 199 3298 ieiunitate
212 3219 414 3298 convaluerit,
435 3228 464 3282 et
477 3219 509 3280 iu
523 3218 610 3280 uliud
625 3218 724 3282 simile
743 3221 814 3284 uitoe
832 3220 990 3286 discrimen

41 3303 173 3372 inciderit.
189 3309 240 3373 Sic
254 3308 344 3370 etiam
358 3307 446 3370 lubet
459 3307 578 3371 Ritunle
591 3326 604 3370 .·
622 3310 684 3370 «ln
698 3307 804 3371 ebdom
818 3309 990 3378 infirmitate

40 3415 50 3452 t
69 3397 121 3462 boc
139 3405 361 3462 recrementum
380 3397 480 3461 iterari
504 3413 566 3459 non
579 3396 685 3470 debet,
708 3398 764 3460 nisi
778 3399 919 3463 diuturne
934 3402 988 3484 sit,

39 3503 52 3542 ι
71 3491 180 3551 uteinn
193 3485 333 3552 infirmus
345 3487 546 3566 convaluerit,
568 3485 678 3550 iterum
698 3489 867 3570 periculum
886 3491 991 3554 mortis

40 3593 51 3631 r
71 3575 244 3640 inciderit.»

72 3665 157 3730 3953.
178 3665 211 3730 Si
225 3665 295 3732 verb
308 3665 459 3730 dubitetur
471 3681 511 3728 au
529 3667 632 3730 reverit
644 3665 741 3728 morbi
755 3673 848 3728 status
861 3668 993 3728 mutatus
