2416 3954
382 234 469 280 traua
488 233 647 282 secururs.
754 281 757 290 ,
946 224 1003 283 35Ἰ

35 346 49 384 s
72 323 155 398 Oudd
176 324 199 386 si
216 341 369 406 unquam,
390 323 470 386 addit
490 325 661 404 Tourneiy,
682 325 906 408 poenitensjam
923 325 1007 388 debi-

33 419 127 476 otam
148 431 203 495 pro
225 431 281 476 suo
300 419 424 493 peccato
443 413 650 494 poenitentiam
672 414 796 493 egisset,
812 422 909 496 potest
932 424 1006 480 tunc

34 523 49 562 s
72 501 244 584 poenitentia
254 500 406 562 moderari
419 547 427 578 ,
443 501 594 562 modoino
609 503 720 563 nonsit
733 502 867 580 injuncta
880 505 897 565 a
910 505 1006 566 Poeni-

34 611 49 650 s
71 591 205 652 tentiaria
214 597 359 671 tanquam
369 590 575 652 commutatio.
588 592 635 650 Vi.
654 590 852 653 Proesentibus
867 591 1004 656 laceratis

34 677 120 740 »neb
144 678 230 760 pand
257 678 566 741 excommunicationis
587 679 657 741 latre
683 679 836 743 sententiar
853 699 867 742 .·
893 681 940 746 hae
956 683 1003 745 iit·

35 789 49 826 ι
71 775 137 830 terae
167 768 267 829 statim
285 766 452 829 lacerandas
470 773 561 842 suot3
582 767 633 828 sed
661 767 793 850 intellige
823 771 1001 851 moraliter,

35 878 49 914 u
71 873 178 938 nempe
192 857 272 918 intra
290 861 352 918 tres
365 855 429 917 dies
448 863 607 938 postquam
627 857 795 920 executioni
815 856 1002 923 demandatae

34 966 48 1004 s
70 953 148 1022 sunt,
164 951 194 1006 et
204 944 335 1026 intellige
350 945 375 1006 si
397 944 622 1008 matrimonium
635 947 699 1024 jam
717 951 904 1008 contractum
919 955 1000 1025 erat3

34 1055 48 1092 s
70 1053 155 1098 mous
174 1034 199 1096 si
220 1033 320 1097 adhuc
337 1033 576 1096 contrahendum
595 1042 640 1097 est
658 1036 739 1117 (nisi
755 1035 894 1098 laceratio
914 1037 1003 1098 etiam

34 1144 47 1181 s
69 1123 99 1184 in
114 1125 168 1186 isto
177 1142 249 1186 casu
265 1124 471 1206 precipiatur)
486 1129 580 1186 :tunc
593 1125 675 1186 enim
689 1123 872 1206 dispensatio
886 1125 1004 1188 occulte

35 1233 47 1270 s
69 1211 245 1275 asservando
263 1219 309 1274 est
327 1215 344 1274 a
360 1211 509 1294 parocho,
525 1217 577 1275 aut
590 1213 694 1275 saltem
707 1213 841 1274 adnotari
858 1212 888 1274 in
902 1213 1004 1295 aliquo

33 1323 47 1360 s
70 1303 164 1376 libro,
179 1301 233 1383 qni
253 1303 270 1363 t
291 1303 413 1364 nemine
433 1301 493 1364 aiio
511 1303 602 1383 aspici
622 1302 736 1383 possit,
752 1299 790 1363 sd
805 1301 882 1379 hoc,
904 1309 957 1380 ut,
978 1308 1001 1364 si

33 1411 47 1448 s
68 1389 1000 1473 opuserittnempesisorteimpedimentumfiaretpublicumt,

34 1503 47 1539 a
68 1482 160 1562 possit
176 1479 214 1542 de
226 1479 615 1561 dispensationeimpetratd
630 1478 720 1541 tidem
735 1477 843 1540 iacere.
855 1500 870 1537 s
884 1482 924 1542 lta
938 1481 1002 1543 Hu-

33 1589 74 1631 mo
86 1569 276 1652 apostolicus,
290 1581 323 1631 n⁰
333 1568 461 1632 anvico
475 1588 566 1651 supra
580 1573 673 1647 (797).

68 1663 158 1724 4⁴28.
183 1659 311 1721 Additur
324 1658 356 1720 in
367 1657 520 1740 rescriptis
535 1659 661 1741 «Neque
670 1679 717 1720 eas
732 1659 827 1721 latori
839 1659 1003 1721 restituas:

33 1771 46 1807 s
67 1748 146 1832 quod
164 1747 193 1809 si
215 1747 381 1809 restitueris
400 1747 478 1808 ninii
496 1748 523 1809 ei
538 1755 694 1828 praesentes
711 1747 823 1810 littera
841 1749 1001 1830 suffmpen·

33 1859 46 1898 o
68 1849 145 1900 turs
161 1855 170 1898 ε
186 1855 256 1919 quae
270 1855 332 1898 non
346 1841 418 1898 sunt
432 1836 626 1917 intelligendo
640 1835 671 1896 in
685 1854 722 1897 eo
736 1853 826 1898 sensu
841 1837 924 1918 qudd
938 1837 1016 1900 dis--
1135 1837 1138 1844 '

35 1927 164 2006 pensatio
178 1925 260 1989 irrita
274 1923 439 2003 efficiatur,
459 1924 512 1987 sed
526 1925 626 1988 solum
650 1924 731 2006 qudd
746 1924 825 1988 iliius
843 1925 944 1989 nuilus
958 1925 973 1987 i
990 1961 1003 1974 -

35 2015 248 2078 turussitrnlor.
258 2015 288 2077 in
299 2014 364 2076 ioro
373 2016 549 2076 externati.
564 2011 719 2095 Campani.
731 2015 875 2092 (lanciare,
888 2017 921 2076 n⁰
930 2019 997 2078 aar.

68 2110 156 2170 atus.
182 2104 293 2185 Adjicit
306 2103 428 2186 insuper
442 2105 473 2166 S.
493 2104 630 2184 Lignum,
646 2101 700 2178 tt,
717 2105 752 2164 n⁰
765 2107 827 2167 89:
848 2105 998 2168 ouantes-

35 2217 47 2250 ι)
69 2195 201 2257 sarius...
217 2193 249 2256 in
269 2192 473 2275 dispensando
487 2241 494 2270 ,
510 2191 699 2255 absolutione
717 2194 924 2256 sacramentali
941 2195 998 2256 im-

36 2306 47 2340 o
70 2285 193 2365 pertita,
208 2283 265 2345 hic
278 2281 406 2344 formula
420 2282 462 2344 uti
473 2282 580 2363 poterit
595 2301 603 2343 ε
619 2281 665 2343 Et
680 2281 808 2363 iusuper,
823 2284 1000 2346 auctoritate

37 2395 48 2428 o
71 2371 236 2454 Apostolicd
258 2371 334 2434 milri
355 2371 492 2442 concessi,
516 2370 647 2453 dispenso
662 2378 754 2433 tecum
775 2391 862 2453 super
875 2372 999 2454 impedi-

37 2485 48 2518 o
72 2471 162 2524 mento
174 2461 272 2545 primi
286 2461 354 2540 (scu
373 2459 503 2538 secundi,
519 2478 573 2522 seu
593 2460 688 2540 primi
700 2469 729 2521 et
746 2459 873 2534 secunde)
891 2461 1000 2540 pradis

37 2574 49 2606 o
69 2551 253 2632 proveniente
266 2569 304 2612 ca*
317 2549 418 2632 capuli
433 2549 544 2610 illicitet
561 2550 580 2610 ei
595 2557 622 2610 te
635 2547 737 2608 nobiti
751 2567 816 2608 cum
829 2567 926 2608 sorore
939 2568 1001 2608 mu-

37 2663 49 2695 u
72 2641 152 2702 lieris
174 2660 241 2702 cum
261 2638 320 2721 qut
346 2637 524 2700 contraxisti
544 2639 605 2716 (aut
618 2635 788 2698 contrahere
810 2635 947 2711 intendis)
966 2631 1001 2696 ui

38 2751 50 2787 o
72 2731 290 2791 matrimonium
304 2747 369 2790 cum
388 2725 442 2787 illi
462 2729 585 2806 (ments)
599 2723 770 2785 contradere
787 2723 899 2804 passis,
916 2742 1000 2783 reno·

38 2839 50 2874 o
73 2829 135 2882 uoto
148 2838 294 2896 cosusunu,
309 2825 338 2880 et
347 2816 464 2902 prolem
478 2816 505 2876 si
518 2834 605 2896 mam
618 2812 757 2894 suscipies
771 2811 826 2890 (vai
839 2811 1001 2892 suscepisti)

39 2929 51 2962 u
74 2908 235 2990 leoitimarn
248 2906 381 2981 motare,
397 2907 430 2966 in
442 2906 556 2966 nornine
570 2901 686 2976 Patris,
698 2908 754 2963 etc.
770 2899 829 2963 Sed
843 2901 867 2962 si
882 2899 1003 2983 dispen-

39 3017 51 3052 o
73 2997 143 3061 satio
156 3006 203 3060 est
215 3001 233 3058 a
247 3004 314 3059 voto
331 2994 490 3072 castitatis,
507 2991 586 3054 dicet
601 3011 609 3052 :
626 2991 749 3072 Insuper
772 2997 865 3052 uotum
884 2992 1002 3053 castita-

40 3107 52 3141 s
75 3088 124 3162 tis,
140 3086 218 3170 quod
230 3085 370 3156 emisisti,
387 3091 421 3146 ut
433 3083 529 3146 uoieas
541 3081 772 3143 matrimomium
785 3080 955 3144 contradere
973 3093 1002 3143 et

40 3196 52 3230 u
74 3175 122 3237 iiio
139 3177 200 3246 uti,
219 3177 349 3258 inopere
367 3193 432 3256 ques
446 3173 504 3233 tibi
514 3171 700 3254 prescripsi,
717 3170 906 3253 dispensando
925 3189 1001 3233 com·

40 3285 53 3320 s
73 3275 160 3342 muta,
177 3265 353 3340 innomine,
374 3271 428 3325 etc.
445 3263 475 3324 Si
490 3269 591 3323 autem
606 3279 665 3322 non
683 3259 820 3321 obstante
834 3265 903 3320 roto
916 3261 1002 3322 casti-

40 3373 53 3408 s
75 3355 139 3416 tatis
151 3355 261 3436 aliquis
271 3355 333 3433 jam
342 3349 567 3414 matrimonium
578 3349 786 3425 contraxisset,
801 3346 880 3410 dicet
893 3367 900 3407 :
913 3349 1000 3424 Itcro,

41 3461 54 3497 ι
74 3463 128 3504 nan
143 3444 273 3505 obstante
292 3442 440 3504 castitatis
455 3448 518 3501 cota
535 3437 612 3521 quod
624 3437 771 3510 emisisti,
792 3444 827 3497 ut
847 3435 879 3496 in
895 3435 1001 3498 matri-

42 3549 54 3585 s
74 3533 165 3594 monio
178 3551 328 3594 rnnanere
340 3539 369 3592 et
389 3529 515 3591 debitum
530 3527 680 3608 conjupole
692 3525 810 3604 ccipere
819 3523 922 3604 possis,
937 3539 1002 3582 auc-

44 3639 54 3674 t
76 3621 194 3684 taritatc
208 3619 376 3702 apostatico
391 3627 482 3680 tecum
495 3616 636 3698 dispenso,
652 3615 685 3674 in
698 3613 821 3678 mmine,
839 3617 919 3668 etc.»
