2474 3946
197 121 256 182 tlt
415 133 551 182 ulnulas
572 133 672 182 nortus
692 133 774 180 tuate
794 131 942 180 canuntur.

195 233 287 294 bilem
303 231 424 314 putabat
437 234 616 295 sententiam
635 233 817 294 tribuentem
832 228 1022 311 Principibus
1040 229 1156 292 saeculs·

195 322 278 384 ribus
292 327 469 401 potestatem
489 321 640 384 statuendi
661 320 876 402 impedimenta
890 318 1074 394 dirimentia;
1089 319 1156 380 alio·

195 409 268 490 quin
282 417 384 490 utpote
397 411 498 472 tutiori
512 410 720 474 obsecundare
732 409 902 488 debuisset
918 407 990 471 cium
1004 401 1217 491 agoturhlc
1216 469 1217 496 ,

195 497 233 560 de
246 499 393 560 validitate
408 500 603 563 sacramenti.

235 587 319 649 Idem
335 589 446 650 Bened
460 591 526 650 XIV
539 589 665 672 ‚Epist
681 587 790 652 9lebr
812 591 890 650 tata
904 586 942 650 ad
955 587 1040 650 (land
1056 586 1159 650 Ebora·
1216 581 1217 630 t

197 694 334 755 oensem,
358 677 486 759 loquens
506 678 544 740 de
569 679 633 759 lege
652 676 819 740 Theodosia
842 677 1066 740 Matrimonium
1089 677 1158 738 inter

196 765 375 829 christianos
395 774 425 828 et
442 767 559 846 judaeos
578 767 773 850 prohibente,
790 766 832 828 ait
853 768 898 844 (ιιο
911 768 966 845 7)·
958 811 965 827 .
985 767 1084 828 aHaec
1096 765 1157 842 lex,

196 875 211 914 a
236 860 340 936 utpote
359 857 377 918 a
397 855 474 918 laico
494 856 634 937 Principe
651 855 788 932 condita,
811 853 925 917 nullam
938 853 1049 916 habere
1062 854 1138 916 vim'
1131 872 1159 915 m

195 961 211 1003 s
237 944 437 1008 matrimoniis
451 945 577 1007 debet.»
595 945 749 1022 (Caruere,
765 944 810 1007 De
824 941 972 1016 Matrica..
985 953 1020 1005 n⁰
1031 945 1112 1024 576.)

235 1035 270 1095 ln
286 1033 370 1096 Brevi
394 1037 431 1096 16
449 1041 524 1116 sept.
549 1038 646 1110 1788,
667 1034 707 1096 ad
727 1033 868 1115 Episcop.
892 1031 1093 1096 lllotulensem
1113 1033 1160 1114 qui

196 1129 341 1203 tanquam
362 1121 516 1204 delegatus
537 1123 684 1205 Principis
706 1122 744 1186 de
766 1126 857 1185 causa
878 1121 917 1184 ab
935 1121 1161 1223 archiepiscopo

197 1212 393 1292 Neapolitano
411 1212 475 1290 J'am
492 1211 642 1290 judicata,
661 1230 753 1274 ausus
771 1211 868 1274 fuerat
889 1211 1104 1293 pronuntiare,
1123 1212 1163 1273 sie

197 1299 286 1362 habet
300 1301 372 1362 Pius
386 1303 425 1362 Vl
441 1319 449 1362 :
471 1323 485 1360 ιι
500 1301 576 1363 llino
591 1301 623 1362 lit
641 1309 673 1363 ut
687 1305 724 1362 ad
738 1299 830 1362 solam
844 1301 1029 1378 Ecclesiam,
1046 1301 1093 1364 cui
1107 1309 1162 1364 tota

199 1411 214 1450 o
238 1387 277 1450 de
290 1389 486 1452 sacramentis
500 1398 544 1452 est
553 1409 625 1452 cura
634 1389 816 1464 concredita,
825 1391 874 1470 jus
887 1409 978 1452 omne
990 1409 1026 1452 ac
1041 1397 1162 1472 potestas

197 1501 213 1537 n
238 1479 367 1560 pertinet
392 1497 478 1540 suam
503 1478 675 1561 assignandi
699 1477 829 1540 formam
849 1478 920 1540 huic
946 1482 1110 1542 contractui
1129 1481 1162 1542 ad

197 1589 213 1626 n
238 1567 445 1630 sublimiorem
460 1569 645 1631 sacramenti
658 1568 835 1650 dignitatem
853 1573 972 1646 evecto,
986 1585 1023 1632 ec
1044 1569 1164 1650 proinde

198 1678 213 1716 o
237 1655 276 1719 de
298 1657 560 1720 matrimoniorum
579 1657 728 1720 validitate
751 1663 804 1720 aut
826 1655 1005 1720 invaliditale
1020 1659 1165 1738 judicium

198 1767 213 1804 n
239 1747 326 1808 terre.
344 1769 359 1806 n
376 1782 416 1794 --
432 1749 497 1809 Hoc
509 1745 619 1809 deinde
638 1746 798 1809 confirmat
811 1763 928 1809 canone
948 1752 1001 1825 la,
1018 1766 1093 1810 sess.
1113 1753 1164 1826 tt,

199 1836 291 1898 Cone
308 1835 403 1912 trid„
415 1836 466 1899 ubi
481 1837 609 1898 dicitur:
627 1858 641 1894 a
656 1837 685 1898 Si
702 1835 769 1916 quis
783 1834 890 1898 dixerit
900 1854 1005 1898 causas
1018 1837 1166 1899 matrimo

199 1947 214 1983 a
239 1926 332 1991 niales
356 1943 417 1988 non
441 1933 575 2008 spectare
593 1925 631 1987 ad
652 1923 773 1987 ludices
792 1923 1031 2004 Ecclesiasticos,
1046 1926 1165 1989 anathe-

199 2037 214 2073 s
240 2033 288 2076 ma
304 2015 350 2076 sit.
367 2037 383 2074 n

240 2106 301 2166 Nec
315 2105 411 2166 obstat
425 2111 507 2186 quod
521 2103 691 2166 Concilium
704 2119 766 2165 non
784 2101 893 2166 dixerit
912 2051 953 2166 ad
964 2103 1038 2167 solor
1051 2105 1166 2170 ludices

200 2193 431 2270 ecclesiasticos;
453 2211 522 2254 nam
528 2193 648 2274 ‚pergit
662 2190 813 2269 Pontilex,
833 2191 974 2256 «scimus
988 2195 1079 2256 etiam
1094 2194 1168 2256 hano

201 2306 215 2342 p
240 2290 308 2364 capt
296 2283 462 2344 tiunculam
477 2280 602 2344 etlallax
612 2282 669 2344 hoc
683 2281 839 2344 cavillandi
854 2299 951 2363 genus
964 2284 1048 2345 omni
1068 2283 1168 2346 lunda·

201 2396 216 2431 n
241 2381 343 2434 mento
356 2371 475 2434 destitui
491 2392 506 2429 n
527 2390 534 2432 :
557 2371 640 2452 quod
655 2371 760 2452 probat
773 2371 861 2432 variis
875 2372 1056 2448 momentis;
1076 2381 1106 2434 et
1118 2371 1167 2434 de-

202 2463 286 2524 nahm
299 2465 363 2524 ait:
383 2483 398 2520 (ι
408 2461 466 2523 Sed
474 2461 538 2539 jam
551 2467 671 2541 tempus
684 2468 730 2522 est
747 2467 781 2523 ut
797 2479 900 2542 poenas
911 2461 963 2524 tibi
978 2463 1168 2544 indigitemus

201 2575 215 2611 n
240 2554 355 2633 qinein
375 2551 422 2613 his
436 2551 555 2613 casibus
569 2553 586 2612 a
603 2550 696 2612 sacris
709 2551 878 2614 canonibus
898 2553 1101 2633 inlliguntur:
1116 2573 1166 2618 au·

201 2665 217 2702 a
241 2642 309 2704 disti
322 2643 384 2722 iam
397 2658 546 2704 canonem
560 2639 693 2702 Trident.
710 2639 824 2703 Concil.
840 2659 902 2722 quo
917 2641 958 2703 illi
978 2660 1087 2705 omnes
1099 2662 1166 2706 ana·

201 2757 215 2792 n
241 2731 364 2795 themati
386 2731 587 2811 subjiciuntur
608 2729 660 2812 qui
681 2747 787 2792 causas
809 2731 1045 2796 matrimoniales
1063 2737 1166 2815 negant

203 2846 217 2880 ι
241 2823 392 2902 pertinere
414 2821 453 2883 ad
474 2820 638 2884 Ecclesiam
660 2825 689 2882 ct
708 2818 924 2883 ecclesiasticos
942 2820 1060 2901 judices
1082 2842 1089 2884 :
1110 2840 1165 2903 quo

203 2933 215 2972 a
242 2909 365 2992 qtvidem
390 2927 506 2971 canone
537 2916 654 2972 eertum
677 2926 738 2971 non
762 2928 814 2972 eos
841 2909 933 2974 modd
957 2909 1164 2992 comprehendi

202 3021 217 3058 a
241 2997 294 3079 qui
304 2997 486 3060 docentesse
496 3017 685 3061 summarum
697 3005 877 3081 potestatum
886 2999 976 3078 hujus
985 3001 1164 3080 saeeuttteges

202 3111 217 3150 n
241 3087 279 3149 de
294 3086 405 3167 nuptiis
419 3085 535 3164 dicere,
558 3087 612 3151 sed
629 3107 681 3152 eos
694 3106 816 3171 quoque
829 3089 882 3171 qui
903 3088 987 3154 luchs
1000 3089 1057 3154 hcc
1071 3091 1162 3172 ipsum

202 3200 217 3236 a
240 3175 434 3252 confirmant,
450 3183 507 3238 etc.
523 3198 539 3235 o

242 3267 297 3328 His
322 3272 490 3328 consonant
515 3285 583 3348 quae
604 3267 675 3330 Pius
694 3270 758 3330 Vlll
776 3268 819 3330 ait
840 3267 871 3330 in
890 3267 1047 3350 Encyclicd
1072 3271 1161 3344 toea,

203 3357 242 3422 do
266 3357 456 3420 llatrivnonio
480 3374 489 3417 ι
519 3377 534 3414 o
557 3357 655 3419 Sacris
679 3359 769 3420 rebus
795 3359 894 3440 ipsum
921 3355 1162 3441 (matrimonium)

203 3470 218 3507 n
243 3447 464 3510 accensendum
485 3463 568 3525 esse,
593 3445 721 3528 ideoque
743 3447 886 3511 Ecclesiae
907 3449 1021 3510 omnino
1041 3445 1161 3529 subjici,

204 3559 219 3602 o
243 3535 422 3600 clnistianus
435 3535 564 3618 populus
577 3537 715 3600 accurate
727 3535 897 3601 edoceatur.
912 3560 929 3600 s
