2416 3954
404 267 489 313 risen
510 267 666 316 secururs.
963 255 1018 318 374

65 363 213 426 salvatoris
223 369 255 428 ut
272 365 368 428 valeat
387 364 452 426 illas
466 365 575 446 gratias
597 367 755 428 annectere
773 365 862 429 certis
882 369 1022 450 precibus

63 460 108 514 aot
125 453 255 522 actibus.
269 454 432 535 quominus
454 472 507 534 per
533 452 706 532 hujusmodi
729 473 831 535 preces
850 463 902 519 aut
917 465 1018 534 ectus,

64 541 161 604 anlmae
183 548 291 606 nostree
313 541 505 604 infallibiliter
526 548 557 604 el
579 560 615 603 ex
638 560 729 623 opere
751 552 873 625 operato
895 546 1021 610 interiirs

63 629 238 694 mundentur
250 637 280 694 et
292 631 516 694 sanctificentur
532 648 540 692 ε
556 648 629 712 ergo
644 631 890 713 Sacramenlalia‚
906 654 968 698 non
983 650 1021 700 ct

63 736 144 798 opere
157 727 279 802 operato
293 721 449 782 remittunt
458 719 586 782 'venialia
598 719 651 782 sed
665 720 783 782 tantum
797 739 835 782 ex
848 740 938 804 opere
951 744 1021 807 ope

63 809 154 870 rantis.
169 809 244 871 Vide
258 807 454 887 Colletlr'llid.,
466 807 507 870 n'·
517 811 628 886 5653).
643 807 726 870 Idem
740 807 789 870 dic
797 808 835 871 de
844 813 1017 877 excitatione

62 896 169 976 piorum
180 905 316 960 motuum
327 905 357 960 et
370 897 565 979 productione
578 896 795 959 beneficiorum
807 901 1016 980 corporalium.

93 998 178 1058 4466.
200 997 281 1058 Inter
304 995 529 1057 sacramentalia
546 1001 764 1058 enumerentur
781 997 885 1076 Aquae
907 997 965 1060 net
983 1018 1018 1063 ex

61 1087 121 1144 cert
133 1087 149 1146 'a
163 1087 245 1166 Papa
258 1083 406 1148 benedicti
423 1104 430 1145 :
446 1083 569 1165 quidam
588 1083 694 1147 dicunt
712 1085 827 1147 veniale
849 1103 915 1148 esse
934 1105 985 1148 eos
1003 1107 1020 1150 3

62 1169 134 1234 laicis
151 1173 234 1256 tangi
256 1173 370 1254 absque
388 1173 489 1254 aliqua
508 1174 681 1236 necessitate
701 1175 878 1255 (Loqueux,
897 1183 930 1236 η’
944 1177 1017 1254 960,

61 1262 120 1338 llll;
137 1263 206 1342 sed,
237 1262 335 1344 lnquit
355 1263 386 1325 S.
404 1263 524 1343 Liguor.
540 1281 611 1326 cum
626 1262 762 1344 pluribus
775 1263 846 1343 (lib.
862 1267 893 1342 6,
905 1265 938 1325 n⁰
951 1267 1017 1344 94),

61 1349 203 1428 probabile
231 1357 276 1414 est
297 1352 329 1413 in
349 1351 407 1414 hoc
427 1351 545 1414 nullum
568 1370 634 1415 esse
653 1359 810 1434 peccatum
825 1353 909 1431 Juxta
929 1371 1018 1416 usum

60 1435 242 1502 hodiernum.

93 1537 164 1598 Glrm
178 1557 216 1600 ex
230 1537 316 1600 dictis
326 1539 558 1602 Sacramentalia
567 1559 620 1621 per
631 1537 871 1601 benedictionem
885 1538 1017 1602 effician-

60 1627 117 1700 tur,
131 1625 218 1708 plura
232 1625 281 1689 hic
294 1633 365 1688 sunt
377 1627 415 1689 de
430 1627 688 1691 benedictionibus
699 1626 885 1707 adjicienda:
900 1627 1016 1722 itaque:

460 1828 541 1891 ART.
565 1827 599 1892 ll.

370 1987 407 2032 ΒΕ
428 1983 697 2031 Benrntcrtottmtts.

91 2151 177 2211 4466.
190 2181 230 2196 -
245 2151 276 2209 l·
289 2145 516 2208 benedictiones
528 2143 566 2205 dc
586 2141 696 2224 quibus
709 2141 758 2204 hlc
771 2141 868 2223 agitur
887 2148 957 2206 sunt
972 2161 1016 2206 eae

58 2253 118 2315 quae
129 2237 252 2300 nomine
266 2242 295 2297 et
313 2233 486 2296 auctoritate
499 2232 639 2294 Ecclesiae
652 2230 823 2294 tminislris
836 2232 927 2294 sacris
941 2231 1016 2295 liunt

58 2323 90 2384 ad
102 2325 277 2407 applicanda
291 2323 396 2384 merita
409 2321 515 2384 Christi
527 2327 556 2384 el
569 2321 710 2383 Ecclesiae
721 2338 834 2402 preces.

92 2428 177 2486 4464.
193 2457 234 2469 -
247 2427 279 2485 2⁰
295 2423 351 2483 l’ro
368 2419 624 2484 benedictionibus
645 2417 854 2500 impendendis
871 2416 942 2478 oilli
961 2417 1015 2480 soli

58 2533 70 2568 a
91 2511 153 2574 libri
169 2510 331 2574 adhibendi
353 2511 446 2587 (sual)
461 2516 491 2570 et
503 2509 533 2570 in
548 2508 605 2569 iliis
617 2509 735 2568 tanltrm
753 2504 1017 2568 benedictionibus

57 2621 70 2656 r
91 2620 155 2682 quae
175 2600 294 2663 Ilitualr'
307 2599 435 2660 Romano
455 2603 525 2660 sunt
543 2595 741 2659 conformes»
760 2613 769 2654 :
786 2593 827 2653 ita
845 2593 875 2653 S.
892 2593 925 2652 C.
944 2593 1015 2671 itit,

58 2693 145 2771 lapr.
170 2693 247 2752 4634
262 2687 421 2768 (Gardell,
441 2698 475 2748 3ο
492 2688 601 2764 4534),
617 2683 683 2746 vide
705 2685 749 2744 De
768 2679 861 2742 Herdl
883 2681 1014 2776 (parab,

59 2789 86 2836 n·
106 2785 163 2858 37,
182 2782 242 2856 ll').
268 2779 328 2839 Nec
352 2776 419 2838 licet
436 2776 480 2838 uti
504 2772 678 2847 breviariis,
701 2767 869 2831 blissalibus
892 2766 1017 2848 aliasque

58 2863 138 2945 hujus
150 2867 271 2952 generis
285 2867 376 2928 sacris
389 2865 472 2928 libris
485 2864 537 2945 qui
552 2880 614 2924 non
629 2878 690 2942 prae
704 2877 737 2921 se
749 2856 1017 2940 leruntrcquisitas

57 2956 251 3020 tlcntiliciis
270 2955 535 3018 constitutionibus
555 2949 782 3014 Ordinariorum
802 2947 1014 3010 attestationes.

57 3045 93 3106 lte
112 3047 266 3110 decretum
289 3048 327 3107 l8
350 3041 630 3106 utereturne
654 3037 804 3102 Dirta‘oaa.
828 3035 876 3100 des
897 3036 1017 3100 lldcrets

57 3133 89 3194 ll.
108 3137 297 3212 linissonnct‚
308 3139 341 3194 'v'
355 3131 559 3202 Belae'dictica,
576 3129 828 3211 de'eeloppemeats.

90 3227 249 3288 teca-3⁰
264 3225 344 3284 luter
358 3219 591 3292 benedictiones,
604 3219 670 3280 aliae
679 3222 697 3280 3
707 3218 798 3280 meris
812 3215 1017 3281 sacerdotibus

57 3311 115 3374 sine
127 3313 311 3392 delegatione
324 3310 454 3374 conlerri
466 3310 581 3385 valenl;
597 3308 663 3370 aliea
676 3308 715 3370 ab
728 3307 802 3389 ipsis
815 3305 948 3388 praestari
963 3325 1016 3371 ne·

57 3411 163 3480 quirunt
177 3401 234 3466 nisi
257 3407 405 3484 quatenus
419 3400 457 3462 ab
479 3398 643 3481 Episcopis
654 3396 782 3478 delegati
797 3395 928 3471 luerint;
951 3395 1018 3459 aliae

57 3491 168 3555 landem
185 3491 338 3575 Episcopis
352 3495 422 3552 sunt
435 3495 609 3554 reservatae:
620 3485 701 3549 unde
712 3487 744 3546 in
761 3483 874 3544 llituala'
886 3482 1015 3544 dicitur:

61 3601 74 3636 t
92 3581 208 3644 Noverit
220 3579 360 3644 sacerdos
373 3595 502 3660 quarum
515 3577 617 3639 rerum
626 3573 849 3637 benedictiones
857 3569 895 3630 ad
905 3567 1015 3666 ipsene,
1070 3616 1072 3618 .

59 3687 70 3724 a
92 3675 121 3730 et
141 3689 208 3756 quae
225 3668 265 3732 ad
279 3668 463 3750 Episcopum
477 3683 533 3730 suo
548 3665 616 3746 iure
630 3662 816 3746 pertincant,
838 3673 878 3718 na
896 3661 1019 3728 ntalem
