2452 3946
222 112 276 174 itt
436 133 571 180 atroam
591 131 692 180 rorrus
711 131 793 178 sums
813 128 963 179 ceroma.

256 230 347 310 Resp.
365 229 486 312 Requiri
502 227 688 312 spiritualem
702 227 749 291 vel
767 227 963 309 temporalem
983 225 1190 290 nenessitatem

218 336 287 399 quae
300 318 406 382 saltem
421 321 567 398 majorem
582 326 698 400 partem
713 317 939 380 communitatis
953 315 1077 390 allicim,
1092 337 1121 380 r.
1139 337 1189 398 g.,

218 425 323 488 pacem
336 407 553 487 obtinendam,
579 409 771 473 serenitatem
790 407 867 468 seris
886 404 1123 480 restituendam,
1146 423 1192 468 re·

217 497 421 577 superandam
436 498 593 560 maitatem
608 497 639 558 S.
656 495 822 572 Pontificis,
832 495 984 578 Episcopi,
1000 497 1101 574 Regis,
1115 502 1191 567 etc..

221 585 330 664 gratias
343 585 475 666 agendas
489 604 545 667 pru
557 604 669 667 anagnu
683 583 830 647 beneficio
845 585 967 666 publico
980 591 1117 664 accepto,
1135 590 1192 644 etc.

219 673 276 735 Sed
292 693 346 756 pro
361 674 406 738 his
417 693 478 738 noa
493 682 589 756 potest
605 676 695 736 missa
710 672 802 736 iudici
817 673 1054 755 inperpetuum,
1070 672 1126 734 sed
1142 691 1197 753 pro

220 766 280 825 und
294 763 358 826 vice
378 765 421 841 (S.
432 765 468 826 li.
486 764 533 842 C.,
546 768 567 824 4
581 770 656 845 sept.
672 766 761 838 lidii,
779 764 812 824 nl
824 765 961 839 ditm„
974 761 1029 838 sic,
1042 761 1098 823 etsi
1112 779 1198 822 exer-

219 851 322 914 citium
338 853 489 922 missionis
503 852 542 914 sit
558 870 648 914 causa
671 850 824 916 sufficiens
846 857 880 914 ut
898 854 960 912 unt
978 849 1043 912 vice
1056 858 1198 912 cantetur

219 941 314 1002 votiva
327 941 366 1004 de
380 943 492 1023 Spiritu
507 941 627 1016 Sancto,
643 941 667 1002 si
683 941 801 1004 licentia
816 939 963 1002 Ordincrii
981 939 1117 1013 coemat,
1135 959 1198 1002 non

219 1029 328 1092 sufficit
341 1038 389 1108 ut,
406 1031 532 1112 singulis
547 1030 698 1092 missionis
712 1030 819 1092 diebus
829 1078 837 1105 ,
847 1030 953 1092 eadem
965 1029 1055 1091 missa
1065 1029 1200 1091 celebre

220 1125 268 1180 tur
290 1137 361 1182 curn
382 1119 544 1202 privilegiis
568 1139 658 1200 supra
679 1119 862 1182 enumeratis
884 1121 999 1199 (distin
1023 1137 1081 1180 nec
1103 1119 1199 1180 etiam

220 1205 354 1271 adoratio
368 1217 514 1291 perpetua
539 1215 584 1274 est
601 1208 753 1272 sufficiens
774 1209 850 1271 ratio
873 1207 911 1270 ed
925 1205 1146 1272 celebrandum
1160 1209 1201 1272 de

221 1297 274 1359 SS.
292 1299 497 1361 Sacramenta.

260 1387 350 1450 3750.
365 1389 522 1462 Praeterea,
538 1406 593 1470 pro
607 1395 696 1450 cause
710 1387 790 1470 gravi
804 1393 837 1450 et
848 1385 1006 1450 sufficienti
1020 1387 1058 1449 sd
1072 1395 1203 1452 esulan-

220 1475 290 1539 dom
313 1477 440 1541 votivam
454 1479 638 1550 solemnem,
655 1495 716 1540 noa
738 1475 865 1539 habetur
884 1478 991 1540 electio
1007 1476 1200 1555 stuatissae,

222 1584 320 1649 neque
340 1567 455 1630 sestilio
477 1567 522 1630 vel
549 1566 695 1649 professio
722 1565 880 1646 religiosa,
904 1584 1001 1646 ireque
1024 1570 1202 1648 processio,

223 1675 322 1738 neque
340 1675 498 1734 novenae,
525 1673 625 1738 neque
647 1655 787 1736 primitiae
806 1653 1076 1731 neosscerdotum,
1097 1674 1204 1739 neque

221 1745 376 1826 jubileum
399 1746 488 1808 etiam
510 1749 550 1808 50
571 1762 737 1822 annorum,
760 1761 816 1806 nec
834 1744 929 1806 votiva
951 1743 990 1806 de
1013 1745 1068 1806 SS.
1095 1747 1203 1810 Sacra-

223 1845 335 1911 mento,
351 1855 419 1916 quae
433 1841 531 1917 potest
543 1835 655 1896 cantari
670 1832 886 1914 singulisleriis
900 1835 937 1908 V,
952 1835 977 1896 si
992 1833 1115 1896 ruluics
1133 1857 1203 1918 per-

223 1926 334 2001 mittat,
351 1932 380 1985 el
401 1943 462 1987 non
483 1923 578 1985 aliter.
602 1925 717 1986 liceret.
745 1925 784 1984 28
801 1939 866 2002 apr.
893 1926 971 1985 tros
992 1924 1035 1999 (nl
1049 1926 1204 2006 363Ἱ,6);

222 2017 260 2073 id
272 2013 327 2089 jul.
345 2016 422 2074 1683
437 2014 634 2090 (n02880,513
650 2015 688 2072 26
704 2029 774 2092 aug.
791 2015 868 2073 etot
884 2012 928 2090 (ni
940 2014 1049 2090 3482);
1069 2018 1105 2074 tl
1120 2035 1204 2078 ruar-

223 2101 254 2162 tii
279 2103 355 2162 l83r
370 2102 414 2176 (m
427 2103 534 2177 4663);
551 2101 571 2162 8
589 2107 676 2162 mort.
703 2105 781 2163 l'ldtl
800 2103 844 2178 (n⁰
858 2105 966 2178 toto);
989 2104 1008 2162 6
1029 2101 1099 2165 dec.
1124 2109 1206 2168 totta

223 2191 266 2266 (n⁰
282 2190 383 2267 lddtl;
399 2193 418 2250 S
433 2195 508 2270 sept.
522 2189 767 2266 toaotntsots,5
778 2197 806 2252 et
821 2189 946 2266 divide
960 2191 1121 2269 lleHerdt,
1135 2213 1208 2276 pars

224 2281 253 2355 l,
270 2279 302 2338 n⁰
315 2285 334 2340 S
349 2279 384 2352 V;
396 2285 428 2339 et
439 2278 510 2339 Rev.
527 2277 575 2339 des
588 2279 711 2340 scientes
724 2279 836 2354 eccles,
851 2283 962 2344 enarr.
979 2285 1068 2353 litto,
1082 2300 1115 2362 p.
1130 2289 1206 2347 uto.

262 2369 351 2428 3751.
368 2368 489 2440 Quaerit.
505 2369 536 2430 S·
550 2367 708 2440 Quodnam
723 2367 760 2428 sit
778 2379 935 2448 peceatum
955 2368 1111 2434 celebrare
1129 2377 1207 2437 mis·

223 2473 286 2517 sam
301 2457 440 2531 votivam,
455 2456 501 2519 vel
516 2457 560 2520 De
575 2457 726 2539 deputem,
737 2455 844 2518 diebus
854 2459 975 2520 vetitis?

263 2545 352 2627 lissp.
376 2545 502 2618 Quidam
521 2547 627 2609 dicunt
641 2545 670 2607 id
685 2563 751 2607 esse
765 2547 910 2623 mortale3
926 2547 980 2610 sed
993 2556 1207 2618 communiter

223 2633 280 2698 hoc
296 2643 442 2718 negatur,
465 2637 589 2699 seclusis
603 2634 744 2698 scandalo
758 2641 788 2697 et
801 2644 988 2718 contemptu,
1007 2640 1082 2720 quie
1097 2643 1132 2704 in
1150 2647 1206 2710 lroo

224 2745 284 2790 non
297 2726 412 2789 ridetur
422 2725 526 2788 adesse
537 2725 676 2786 notabilis
686 2725 836 2806 perversio
846 2727 936 2788 ritds:
950 2727 979 2788 in
989 2729 1086 2790 Festis
1098 2740 1207 2800 tarrren

223 2817 427 2893 solemnibus,
443 2815 468 2877 si
482 2816 573 2876 missa
591 2821 667 2876 esset
681 2813 820 2895 publice,
835 2816 884 2876 vix
902 2824 1001 2896 posset
1016 2835 1079 2878 non
1095 2821 1207 2888 adesse

224 2924 311 2986 graue
323 2904 518 2980 scandalum,
534 2903 699 2984 praesertim
723 2903 747 2964 si
766 2903 857 2965 missa
877 2913 955 2966 esset
969 2923 1023 2988 pro
1036 2905 1205 2988 destrueris.

224 2994 298 3056 Vide
313 2995 343 3054 S.
360 2992 502 3072 Lig.,lib.
516 2993 719 3067 outremer
735 2995 775 3054 De
790 2991 898 3068 Herdt,
916 3013 984 3076 pars
998 3001 1028 3072 l,
1038 3001 1073 3058 n⁰
1088 3003 1133 3064 lo
1143 3005 1204 3066 vlt.

263 3085 352 3143 3752.
375 3080 498 3153 Ouaerit.
521 3082 555 3142 6⁰
575 3087 621 3141 Aa
639 3082 788 3163 obligatus
806 3082 905 3146 dicere
927 3085 1048 3146 missam
1069 3091 1205 3154 sotir-am

224 3169 269 3231 De
283 3169 377 3230 Beotd
399 3177 450 3231 aut
468 3169 512 3230 De
531 3167 661 3249 Sancto,
683 3173 728 3232 vel
753 3171 796 3234 De
817 3173 953 3254 ltequieat
962 3220 972 3250 ,
990 3176 1111 3240 ratione
1126 3182 1202 3243 elce

225 3273 375 3337 mosynae,
396 3257 441 3318 vel
464 3259 657 3340 capellaniae,
681 3261 858 3336 satisfaciat,
877 3261 1057 3324 celebrando
1074 3269 1206 3331 missam

224 3355 411 3502 pprppzppprp,
427 3346 534 3409 diebus
548 3349 658 3430 quibus
672 3351 851 3431 permittitur
866 3352 957 3412 missa
974 3354 1072 3416 votiva
1093 3360 1145 3420 vel
1162 3361 1206 3420 lle

152 3568 155 3574 -
264 3455 353 3606 ltesp.
383 3528 499 3607 Negare
525 3527 674 3606 Larman,
702 3534 788 3606 eto,
815 3527 885 3610 quia
911 3529 1051 3600 sacerdos
1077 3540 1206 3600 tenetur
