2474 3946
474 287 561 334 uara
581 284 736 334 sacoaras.
893 274 899 279 '
1033 270 1092 331 263

117 427 134 466 a
162 403 246 484 iique
261 419 321 484 quc
339 400 367 462 ia
381 407 551 464 sacrament
575 398 652 458 n’est
669 414 722 478 pas
741 414 802 458 une
817 395 930 478 qualite
951 397 1096 460 acciden-

117 515 134 550 s
162 493 231 554 tede
249 489 421 570 surajoute'e
440 507 478 550 66
497 492 630 560 contrat,
648 487 723 546 mais
737 486 810 566 qu'ii
832 495 876 548 eat
896 487 935 548 de
951 487 1096 550 i'essencc

122 604 135 640 a
164 583 263 642 meme
274 579 316 640 du
332 579 488 656 mariage:
503 575 541 638 de
553 575 621 636 tede
636 581 715 636 sorte
731 593 790 654 que
804 575 920 638 i'union
934 577 1095 658 conjugale

119 693 133 730 c
162 677 249 729 entre
267 669 309 728 ies
329 667 479 730 66666665
500 664 576 726 n’est
598 665 730 744 legitime
745 683 804 744 que
818 665 894 726 dans
916 665 943 727 ie
962 668 1095 747 mariage

118 779 134 818 a
156 761 340 828 sacrament,
351 754 540 833 horsduquei
551 751 572 813 ii
584 751 764 832 n’yaqu’un
777 771 833 831 pur
845 754 1092 836 concubinage.»

121 845 245 926 (Rauca,
259 843 349 918 itit„
363 862 393 922 p.
404 842 469 922 86.)
486 843 510 910 V
539 857 626 920 prop.
642 843 682 902 66
695 839 1096 922 SyllobietEnadrcanam.

152 939 355 1000 6666166666
386 936 488 1018 quoad
515 937 671 1000 Materiam
700 940 879 1000 sacramenti
907 939 1089 1000 Matrimonii

108 1028 298 1088 6665666666
312 1043 420 1088 ornnes
433 1032 621 1088 contractum
636 1043 701 1087 esse
716 1025 799 1089 iilam
810 1027 984 1104 Materiam,
1000 1027 1091 1108 siqui-

108 1114 184 1178 dem
207 1116 371 1196 ipsummet
391 1114 616 1176 Matrimonium
637 1113 691 1176 suit
713 1117 730 1176 6
753 1115 868 1178 Christo
894 1123 1029 1178 evectum
1052 1116 1089 1178 ad

110 1205 300 1266 Sacramenti
323 1203 520 1285 dignitatem3
540 1211 570 1264 et
592 1205 711 1284 concipi
728 1205 834 1286 nequit
847 1205 1002 1286 quomodo
1017 1203 1089 1270 ittud

110 1299 194 1355 esset
207 1311 326 1368 uerum,
342 1295 365 1354 si
381 1293 486 1354 saitem
500 1299 671 1354 contractus
686 1311 747 1354 non
761 1301 840 1356 esset
854 1295 933 1356 iilius
947 1295 1070 1356 Materia
1078 1316 1086 1370 ;

110 1382 198 1444 unde
225 1381 387 1460 rejicienda
411 1389 456 1442 est
479 1381 627 1442 sententia
651 1383 691 1442 Le
714 1383 823 1444 Ridant
844 1384 977 1448 advocati
1006 1385 1088 1446 Pari-

111 1471 234 1546 siensis‚
250 1471 400 1546 Mauitrot‚
418 1472 523 1552 Agim,
538 1471 714 1543 Tattaraud,
731 1479 801 1548 etc,
817 1473 869 1553 qui
884 1473 1088 1535 auctoritatem

73 1639 75 1642 Ι
111 1561 257 1622 Ecclesiae
282 1560 312 1621 in
336 1559 501 1622 statuendis
522 1559 745 1640 impedimentis
765 1562 992 1623 matrimonium
1014 1562 1088 1624 diri-

113 1649 267 1711 mentitos
291 1658 454 1729 negantes,
485 1649 705 1711 contenderunt
729 1657 917 1712 contractum
941 1669 1003 1711 non
1024 1669 1089 1713 esse

113 1739 344 1800 Sacramentum
362 1755 460 1818 nequo
475 1745 590 1818 partem
612 1738 709 1814 illiue,
725 1737 777 1798 sed
796 1755 861 1799 esse
884 1740 1000 1799 tantam
1016 1739 1088 1801 illud

112 1829 194 1890 circa
209 1827 292 1908 quod
305 1835 437 1888 uersatur
451 1829 691 1908 Sacramentum,
703 1827 784 1906 quod
792 1828 877 1906 Juxta
889 1844 942 1888 eos
955 1828 1090 1890 consistit

114 1917 146 1978 in
161 1917 220 1978 ritu
234 1915 363 1978 omniud
382 1915 553 1976 distinctoa
577 1921 749 1991 contractu,
772 1915 884 1976 scilicet
902 1916 967 1995 eius
980 1917 1090 1982 Forma

114 2006 145 2066 in
170 2004 399 2076 benedictione,
423 2005 546 2065 Materia
566 2005 636 2064 aero
657 2003 689 2064 in
711 2004 900 2084 impositione
915 2023 1062 2069 stanuum
1079 2029 1086 2070 :

114 2093 196 2156 unde
220 2095 307 2173 juxta
332 2111 404 2170 ecs,
437 2099 609 2154 contractus
632 2097 677 2153 est
705 2111 753 2154 res
787 2096 870 2156 mere
894 2097 1085 2178 temporetis,

1 2181 2 2188 ’
115 2182 251 2263 potestati
270 2181 348 2243 civiti
370 2181 566 2260 subjicienda.
591 2181 667 2244 Vide
689 2181 770 2264 apud
794 2183 928 2248 Carriere
949 2186 1005 2265 (De
1025 2189 1088 2250 Μα-

115 2272 212 2346 trt‘m.‚
226 2270 266 2331 11¹⁵
282 2273 321 2334 90
331 2277 361 2332 66
374 2271 440 2350 96).

153 2391 244 2449 4666.
268 2386 373 2459 Quoad
386 2395 487 2449 autem
509 2387 666 2466 Formam,
680 2390 764 2468 juxta
785 2392 907 2474 eosqui
925 2399 1030 2456 tenent
1044 2412 1087 2456 56-

112 2475 267 2539 cerdotem
283 2493 348 2538 6556
361 2477 544 2552 Ministrum,
560 2477 623 2557 ipsa
637 2481 741 2559 reponi
760 2480 851 2542 debet
863 2482 893 2542 in
909 2482 955 2544 his
967 2483 1085 2546 verbis:

116 2587 133 2622 a
153 2566 222 2646 Epo
235 2585 377 2646 conjuaqo
390 2583 438 2627 vos
452 2566 483 2626 ia
497 2566 731 2640 matrimonium,
748 2573 806 2628 etc.
829 2589 844 2626 6

153 2687 221 2746 Ν66
236 2685 363 2746 omniuo
376 2684 558 2747 concordant
568 2683 610 2744 iiii
626 2686 676 2764 qai
688 2685 792 2746 dicunt
803 2684 1014 2747 contrahentes
1023 2705 1088 2751 esse
1110 2737 1112 2742 ι

111 2773 266 2836 Ministros
280 2793 287 2836 τ
303 2773 352 2835 aiii
368 2773 449 2834 enim
461 2765 599 2835 asserunt
612 2771 701 2832 verba
718 2789 920 2852 sponsorum,
940 2781 1088 2854 quatenus

111 2863 288 2944 exprimunt
297 2861 486 2924 traditionem
501 2878 675 2942 corporum,
687 2877 751 2922 esse
762 2861 927 2938 Materiam,
939 2873 1088 2944 quatenus

110 2954 183 3014 verti
197 2952 370 3033 exprimunt
392 2952 629 3032 acceptationem
644 2967 709 3011 esse
725 2951 866 3012 Formam
879 2971 886 3026 ;
902 2952 951 3014 aiii
965 2955 1088 3018 econtra

110 3039 225 3121 quibus
239 3040 335 3121 magis
349 3039 481 3102 adhaeret
494 3039 525 3101 S.
543 3038 664 3118 liguor.
680 3040 864 3102 contendunt
875 3042 1028 3105 Materiam
1044 3062 1088 3107 re·

110 3137 226 3190 motam
237 3147 303 3190 6556
314 3131 364 3207 Jus
379 3137 518 3190 mutuum
534 3129 564 3188 iu
579 3145 690 3210 corpus
706 3129 841 3190 alterius:
856 3132 1010 3196 Materiam
1022 3153 1088 3216 pro

111 3220 247 3296 nimam,
273 3218 369 3299 ipsam
387 3218 464 3297 iuris
484 3219 515 3280 iu
535 3234 663 3298 corpora
684 3217 873 3280 traditionem
896 3221 1005 3286 factam
1033 3245 1087 3308 per

112 3307 201 3368 rerba
215 3326 399 3369 consensum
414 3307 628 3388 exprimentia,
639 3307 778 3368 Formam
788 3310 859 3370 6666
870 3327 934 3373 6556
949 3322 1086 3380 mutuam

111 3399 349 3478 acceptationem
363 3397 462 3458 verbis
475 3405 524 3458 aut
540 3395 632 3476 signis
645 3414 817 3477 expressam
834 3417 841 3458 :
863 3401 941 3462 sicut
958 3407 1039 3466 enim
1055 3408 1086 3468 in

112 3485 178 3546 aliis
196 3487 400 3547 contractibus
418 3505 466 3548 res
481 3486 519 3546 de
539 3486 649 3566 quibus
669 3486 854 3548 contrahitur
874 3497 946 3551 suut
965 3495 1087 3554 Materia

115 3583 240 3649 remota,
256 3593 357 3636 rerum
372 3575 490 3636 traditio
505 3575 626 3635 Materia
640 3575 795 3655 proxima,
809 3583 839 3636 et
853 3595 1020 3639 consensus
1035 3598 1087 3659 per

111 3661 202 3725 rerba
215 3671 261 3726 est
276 3665 405 3742 Forma,
424 3665 466 3726 ita
482 3665 513 3726 in
531 3665 742 3742 Matrimonia,
761 3663 843 3743 quod
860 3665 934 3724 nihii
948 3665 1028 3724 atiud
1042 3673 1083 3726 est
