2416 3954
181 230 239 292 372
400 243 536 287 ltttn'ttutn
556 241 656 286 'l'Ole‘S
676 240 757 283 tultis
778 237 924 284 canonici.

182 367 196 403 n
221 341 377 420 Dignitatis
390 357 516 401 munera
530 340 643 401 tenuere
657 346 708 400 eut
722 337 860 420 imperite
873 355 1010 419 unquam
1024 341 1135 418 usurpet

182 457 196 492 ι
221 433 341 515 propria
356 429 540 490 auctoritate.
556 450 571 486 n

226 526 269 582 An
285 521 452 582 incurratur
466 517 667 598 irregularitas
677 516 700 577 si
711 514 1044 597 bencdictinllpiscopis
1058 531 1138 576 rescr-

181 603 1137 690 ratatsimplicisacemotennpendnnr,videdictasupratleoe).

222 700 289 758 Non
304 703 513 778 potestantem
527 693 622 754 valide
632 700 683 754 aut
697 693 775 755 licite
787 692 849 754 lieri
866 691 1035 755 benedictio
1048 691 1140 754 nisiab

183 805 220 850 eo
234 787 285 867 qui
300 785 338 847 nd
352 785 410 846 tale
426 801 538 846 rnunus
551 782 737 862 designatur.
757 781 832 844 Vide
846 783 890 844 De
902 781 1015 860 Herdt,
1031 800 1097 866 pars
1110 785 1139 856 5,

184 884 217 936 n⁰
232 877 268 935 37
283 921 290 950 ,
306 875 335 950 1;
351 875 513 954 Lequcux,
530 880 562 932 n⁰
577 875 646 932 054.

223 967 313 1026 4409.
340 961 566 1025 benedictiones
580 959 736 1041 Episcopis
749 959 877 1041 propriae
890 966 962 1023 sunt
975 959 1034 1022 ittae
1047 959 1142 1040 innui·

185 1054 242 1116 bus
257 1053 415 1114 interuenit
428 1069 511 1112 sacra
525 1051 645 1127 unctio,
667 1051 745 1111 sicut
765 1050 856 1110 etiam
871 1049 1093 1112 benedictiones
1104 1067 1143 1110 ss·

97 1141 101 1150 '
186 1143 379 1204 cenlntnlium
407 1139 678 1215 indumentorum,
713 1155 902 1218 mapparum,
925 1138 1141 1221 muneralium,

187 1231 390 1293 tabernaculi.
414 1228 540 1299 ciborii,
566 1245 650 1288 norae
672 1227 788 1302 crucis,
811 1227 998 1308 imaginum,
1021 1226 1142 1310 primarii

187 1317 292 1400 lapidis
302 1365 310 1393 ,
321 1317 455 1379 ecclesie.
467 1364 475 1390 ‚
485 1316 660 1378 crrmctrrii.
677 1351 716 1363 -
729 1317 858 1379 Observa
872 1325 975 1378 tamen
994 1317 1088 1380 solam
1101 1317 1141 1378 bc

187 1406 388 1468 nedictinnem
403 1407 569 1467 solemnem
584 1405 682 1467 crucis
695 1412 726 1467 ct
739 1405 905 1488 imaginum
923 1424 990 1468 esse
1003 1406 1143 1488 Episcopis

187 1503 377 1570 reservatam,
390 1513 450 1557 non
465 1503 565 1578 autom
579 1494 723 1574 priuatam
738 1512 806 1575 quae
819 1495 853 1556 ln
866 1513 937 1557 cum
950 1495 1043 1558 unico
1055 1495 1143 1556 minis·

187 1591 234 1646 tro
255 1585 413 1666 privatim,
429 1583 542 1665 absque
560 1601 709 1646 concursu
724 1589 754 1644 et
767 1589 868 1646 cantu.
885 1587 916 1647 S.
933 1583 968 1645 R.
985 1585 1018 1647 C.
1040 1587 1076 1647 {2
1090 1583 1142 1662 julii

189 1677 284 1750 4704,
300 1683 334 1736 n⁰
348 1677 442 1756 3448;
461 1676 502 1735 lle
516 1671 631 1750 Herdt,
647 1691 715 1753 pars
730 1677 768 1749 5,
786 1685 818 1734 n⁰
832 1677 888 1752 37,
904 1676 929 1736 ll
938 1693 946 1750 ;
962 1681 993 1736 et
1004 1673 1141 1737 Dicticnn.

189 1761 235 1825 des
248 1763 359 1826 de'crets
383 1765 419 1824 lt.
436 1763 614 1825 Boissnnnct
629 1765 669 1832 (r0
683 1761 892 1840 Birrediction,
907 1774 941 1824 4ο
953 1765 995 1844 l).

227 1855 308 1915 Inter
322 1853 374 1916 has
387 1852 612 1914 benedictiones
625 1849 763 1931 quedam
778 1851 934 1934 Episcopis
947 1859 1019 1915 sunt
1032 1853 1071 1916 ita
1088 1871 1141 1936 pro·

190 1943 262 2021 prise
276 1948 309 2002 ut
323 1941 360 2002 ab
374 1941 447 2020 ipsis
462 1947 610 2019 nequeant
621 1937 826 2001 sacerdotibus
839 1942 1000 2018 committi;
1016 1943 1142 2005 alienent

190 2029 313 2090 ameris
335 2027 517 2109 presbyteris
530 2028 568 2088 ab
590 2027 748 2090 Ordinatio
767 2027 911 2110 delegatis
933 2030 1067 2113 impendi
1087 2050 1141 2114 pos

190 2125 269 2178 sunt.

229 2209 318 2268 4470.
343 2205 459 2266 Priorz's
471 2206 586 2284 generis
602 2213 673 2268 sunt
686 2225 793 2269 omnes
806 2207 1032 2273 benedictiones
1045 2210 1140 2292 episto

190 2293 273 2376 pales
305 2295 336 2354 in
368 2293 478 2375 quibus
504 2293 675 2358 adhibenda
696 2303 741 2358 est
763 2297 887 2374 unctio,
917 2305 951 2360 ut
977 2299 1142 2362 consecratio

191 2383 400 2458 ecelesiarum,
426 2383 752 2463 altariun1,calicum,
777 2395 976 2468 polenorum,
998 2407 1141 2472 canigena-

190 2491 279 2550 rum,
295 2471 463 2535 benedictio
479 2473 567 2556 ltegis
580 2480 610 2535 et
625 2475 758 2554 llcginae,
775 2475 898 2537 Abbatis
913 2483 942 2538 et
955 2476 1110 2540 Abbatissae
1121 2485 1142 2538 et

189 2561 389 2626 verisimiliter
398 2562 742 2644 consecrationirginum
751 2563 958 2628 etbenedictio
969 2568 1036 2628 noni
1047 2567 1140 2642 militis,

190 2653 245 2717 etsi
261 2653 345 2716 ineis
357 2651 460 2715 unctio
472 2669 532 2712 non
547 2650 741 2714 adhibeatur:
756 2653 824 2716 vide
837 2671 928 2735 supra
938 2656 1038 2734 (3002)
1051 2665 1079 2718 et
1089 2657 1142 2718 Fer·

126 2751 127 2754 ’
190 2744 266 2805 ranis
280 2744 320 2820 (v⁰
334 2741 449 2819 Abbce,
474 2749 507 2802 n⁰
527 2745 593 2818 44);
615 2740 696 2802 idem
716 2747 762 2803 eat
780 2743 982 2806 communiter
1000 2744 1102 2808 dicitur
1114 2743 1141 2805 de

190 2830 400 2894 benedictione
418 2829 647 2892 sacerdotalium
666 2829 930 2908 indumentorum,
945 2835 1139 2916 corporalium,

191 2936 370 2999 macinarum
393 2919 454 2981 sinc
469 2920 678 2982 linteaminum
697 2920 817 2983 altaris:
837 2929 968 2984 attamen
979 2925 1010 2986 S.
1027 2923 1140 2987 Pontilrr

191 3006 263 3068 Pius
275 3009 315 3068 lx
331 3005 404 3068 mihi
421 3009 548 3068 asseruit
561 3027 593 3071 se
611 3009 729 3072 dedisse
743 3011 886 3073 omnibus
898 3013 1055 3096 Episcopis
1066 3012 1140 3076 lacid-

191 3099 283 3157 tatem
305 3093 462 3174 delegandi
477 3112 577 3158 meros
592 3099 761 3161 sacerdotes
774 3118 829 3182 pro
844 3101 1057 3165 benedicendis
1068 3102 1140 3166 sacris

192 3182 376 3264 parententis
397 3189 429 3244 et
451 3182 676 3250 linteaminibus
704 3187 814 3250 altaris.
843 3193 885 3252 De
916 3192 1085 3254 necessitate
1104 3191 1139 3252 itta

192 3269 402 3343 benedicendi,
417 3270 484 3332 vide
497 3269 577 3333 dicta
590 3291 680 3354 supra
693 3280 793 3356 (3047,
804 3281 909 3356 36404
927 3280 1006 3342 idem
1020 3280 1139 3342 debere

191 3357 323 3419 dictione
341 3357 523 3420 tabernaculi
539 3377 592 3422 seu
607 3365 718 3426 vasculi
732 3383 788 3446 pro
801 3369 996 3431 sacrosancte
1009 3367 1140 3432 Eucharie

192 3447 232 3507 tie
261 3445 487 3523 conservande,
516 3465 602 3511 nove
634 3453 753 3530 crucis,
781 3454 971 3538 imaginum,
1003 3474 1138 3541 cagnamn

192 3552 247 3615 pro
260 3534 405 3614 reliquiis,
421 3553 591 3615 armorum,
606 3541 704 3618 ensis,
719 3543 818 3606 vexilli
832 3545 946 3623 bellici;
961 3545 1042 3610 idem
1054 3547 1087 3610 dc
1099 3545 1137 3606 be·

192 3620 362 3684 nedictioue
375 3629 406 3684 et
419 3623 611 3702 impositione
633 3629 737 3691 Crucis
750 3631 1009 3710 pronciscentibus
1022 3636 1053 3698 in
1064 3633 1138 3698 aulici
