2498 3966
185 211 244 276 'lud
403 229 542 280 utuntur
562 233 665 282 rnrrm
683 234 762 284 mnu
783 235 935 288 cuuonrcr.

187 353 338 431 optimam
367 364 433 408 esse
455 347 586 412 humani
608 351 735 427 generis
764 353 928 416 custodem
945 372 983 417 ne
1001 353 1161 424 vindicem

186 439 373 516 Ecclesiam
386 439 476 516 cujus
494 437 647 517 sapientia
673 448 704 501 et
715 438 822 522 lugam
835 451 1028 524 temporum,
1055 452 1088 506 et
1115 446 1162 508 iu-

186 529 283 610 jurias
303 530 482 601 bominum,
509 535 539 588 et
559 544 664 589 rerum
693 527 892 610 publicarum
921 531 1159 595 vicissitudines

187 619 434 682 innumerabiles
445 614 554 678 victrix
568 617 677 678 erosit.

226 705 298 786 Sed,
314 707 474 770 adnitente
485 705 615 766 humani
629 706 752 784 generis
763 707 863 779 hoste,
877 724 942 770 con
955 707 1076 771 desunt
1092 712 1159 792 qui,

187 797 266 858 sicut
281 805 391 860 coetera
400 792 626 875 redemptionis
642 793 793 857 beneficia
821 797 942 877 ingrate
971 797 1157 878 repudiant,

187 885 231 946 sic
246 887 474 948 restitutionem
487 883 775 966 perfectionemque
790 885 983 948 matrimonii
994 896 1054 950 aut
1068 908 1156 969 sper·

188 983 275 1049 nunt,
291 973 485 1038 automnino
501 990 563 1034 non
579 985 765 1052 agnoscunt.
780 1007 819 1020 -
833 973 1000 1055 Flagitium
1016 980 1158 1040 nonnul-

187 1064 291 1126 lorum
311 1076 451 1126 veterum
478 1069 525 1124 est
548 1061 693 1123 inimicos
720 1060 815 1126 luisse
845 1064 965 1145 nuptiis
986 1064 1018 1126 in
1049 1067 1156 1148 aitqua

188 1153 328 1234 ipsarum
347 1160 431 1234 parte
441 1151 510 1226 3sed
524 1150 624 1212 multo
638 1159 728 1212 etate
741 1159 845 1214 nostra
858 1161 989 1232 peccent
1001 1157 1159 1234 peruicio-

189 1242 252 1304 silas
265 1243 319 1324 qui
334 1257 441 1305 earum
458 1249 614 1308 naturam,
632 1239 798 1320 perlectam
814 1241 1036 1323 expletumque
1051 1245 1160 1306 omni-

190 1331 247 1392 bus
259 1333 324 1393 suis
339 1331 478 1393 numeris
492 1338 521 1391 et
537 1327 689 1410 partibus,
708 1327 829 1392 malunt
857 1329 1001 1392 funditus
1029 1349 1158 1412 peruer-

189 1429 263 1481 tere.
281 1419 482 1500 Atquelrujus
497 1420 540 1480 rei
555 1435 648 1479 causa
663 1418 694 1478 in
707 1435 744 1478 eo
758 1419 914 1500 praecipue
928 1421 988 1480 situ
999 1429 1058 1492 est.
1071 1423 1160 1502 quod

189 1508 300 1569 imbuti
316 1505 399 1570 lelrae
413 1507 624 1587 plrilusophiae
640 1505 844 1584 opinionibus
859 1517 1071 1588 corruptaque
1081 1529 1161 1572 con·

189 1597 354 1660 suetudine
373 1596 470 1658 animi
484 1596 705 1676 plurimorum,
718 1595 797 1656 nihil
815 1604 877 1656 tarn
894 1595 1026 1658 moleste
1040 1596 1160 1675 lerunt,

189 1705 285 1766 quem
304 1685 431 1748 subesse
445 1691 474 1746 et
490 1701 616 1765 perere;
632 1686 845 1762 acerrimeque
860 1683 1015 1761 laborent,
1044 1696 1079 1748 nt
1095 1707 1161 1752 non

189 1776 285 1837 modo
299 1773 415 1852 singuli
439 1772 594 1846 homines,
610 1773 662 1834 red
678 1773 771 1834 etiam
788 1771 913 1833 lumiliae
934 1781 1029 1853 atque
1056 1780 1164 1841 omnis

190 1865 330 1924 humane
346 1865 476 1925 societas
490 1861 657 1944 imperium
675 1861 727 1924 Dei
743 1861 878 1944 superbe
895 1871 1112 1928 contemnent
1126 1899 1163 1914 -

190 1951 268 2014 (lum
285 1951 357 2013 rerb
371 1961 401 2013 et
412 1949 537 2013 lamiliae
551 1960 581 2012 et
593 1950 689 2012 totius
704 1949 1019 2014 humanaesocietatis
1039 1953 1074 2014 in
1091 1972 1161 2016 mu-

191 2039 459 2102 trimoniufonset
472 2040 559 2120 origo
572 2039 818 2114 consistet‚illud
830 2041 935 2119 ipsum
945 2036 1159 2116 jurisdictioni

190 2127 335 2191 Ecclesiae
349 2128 475 2192 subesse
488 2129 576 2190 nullo
593 2127 687 2190 modo
699 2128 878 2210 patiuntur3
894 2125 957 2190 imo
972 2125 1109 2206 dejicere
1119 2133 1157 2192 ub

189 2217 275 2278 omui
292 2215 454 2277 sanctitate
470 2215 679 2294 ceruendum,
695 2225 726 2278 et
754 2218 784 2278 in
806 2215 933 2278 illerum
962 2233 1068 2279 rerum
1095 2223 1156 2280 eri-
1234 2279 1235 2314 p

189 2321 287 2387 guum
302 2319 377 2366 sane
391 2323 503 2384 gyrum
513 2304 712 2386 compellere,
729 2323 801 2385 quea
815 2304 999 2367 auctoribus
1024 2305 1149 2368 homiui-

191 2391 507 2467 businstitutaesunt,
535 2393 648 2472 etjure
675 2391 763 2455 cirili
787 2391 980 2474 populorum
1009 2404 1150 2475 reguntm

192 2493 285 2565 atque
300 2481 572 2545 administrantur.
586 2479 674 2543 Unde
686 2483 775 2562 sequi
791 2497 916 2543 necesse
930 2493 999 2544 erat
1014 2493 1051 2546 ut
1076 2483 1156 2564 prin-

192 2573 316 2655 cipibus
339 2571 521 2652 reipublice
541 2569 595 2650 jus
613 2571 645 2631 in
676 2569 834 2632 connubia
863 2587 958 2632 omne
973 2571 1160 2650 tribuerent,

193 2663 316 2727 nullum
329 2659 473 2723 Ecclesire
486 2677 552 2720 esse
564 2658 787 2734 decernerent;
801 2677 883 2740 quae,
900 2660 926 2722 si
954 2661 1087 2740 quando
1107 2682 1162 2743 po·

192 2759 332 2816 testatem
349 2750 415 2830 ejus
429 2746 554 2829 generis
568 2747 718 2825 exercuit,
742 2747 774 2809 id
788 2747 891 2829 ipsum
905 2765 973 2808 esse
987 2757 1045 2810 aot
1055 2749 1166 2812 indul-

193 2843 295 2920 gentie
312 2838 505 2920 principum,
519 2843 574 2896 aut
590 2835 704 2912 injuria
719 2835 846 2899 lactum.
862 2834 922 2898 Sed
943 2835 1011 2916 jem
1036 2845 1167 2919 tempus

193 2948 259 2991 esse
273 2929 432 3010 inquiunt,
449 2932 483 2987 ut
508 2924 563 3006 qui
584 2923 814 3004 rempublicam
827 2931 952 3006 gerunt,
977 2925 1078 2987 iidem
1109 2945 1167 2990 sua

190 3019 261 3098 jare
302 3015 421 3078 fortiter
453 3014 625 3087 vindicent,
653 3021 747 3094 etque
782 3031 911 3076 omnem
936 3013 1169 3095 conjugiorum

191 3106 344 3167 rationem
364 3104 492 3166 arbitrio
508 3121 563 3166 suo
595 3101 749 3162 moderari
772 3099 1009 3182 aggrediantur.
1029 3137 1070 3150 -
1084 3103 1170 3168 Hine

192 3193 247 3253 illa
268 3201 351 3264 nata,
375 3209 446 3272 qnae
473 3189 665 3254 matrimonia
692 3190 797 3252 civilio
825 3189 919 3270 vulgo
940 3191 1167 3272 appellitatum

192 3279 362 3338 lrinescitae
380 3289 460 3358 teges
474 3282 512 3340 de
534 3280 647 3352 causis,
672 3296 743 3358 quse
759 3277 914 3358 coniugiis
936 3279 1170 3360 impedimento

192 3366 266 3438 siut,
280 3363 355 3424 hinc
367 3365 532 3442 J'udiciales
543 3367 705 3428 sententie
721 3367 760 3428 de
770 3367 983 3429 contractibus
1011 3368 1168 3450 coujuga-

193 3449 286 3510 libus.
301 3467 412 3528 jurene
432 3452 500 3512 initi
517 3453 700 3528 fuerintne
727 3454 817 3518 vitio.
848 3453 1007 3519 Postremo
1033 3473 1168 3521 ornnem

194 3533 372 3597 facultatem
389 3537 419 3598 in
443 3537 503 3600 boc
517 3555 631 3616 genere
653 3541 735 3618 juris
749 3543 961 3606 constituendi
985 3552 1017 3604 et
1037 3543 1168 3608 dicendi
