2416 3954
208 199 268 262 511
429 212 566 286 uuuuuuu
586 210 686 258 cortus
706 211 788 258 sunu
808 209 958 258 cnuomcr.

209 337 222 372 o
248 313 327 377 dicto
346 312 468 394 (scilicet
489 328 649 392 suppresse
670 309 709 372 ab
728 307 852 373 Urbano
870 309 945 386 Villi
963 309 1054 392 possit
1066 307 1158 374 contir-

210 429 223 460 »
250 420 344 480 mere,
360 399 434 461 adeo
449 405 481 460 ut
496 401 555 460 sint
569 396 754 478 obligatoriu²
770 404 800 458 et
813 416 851 459 nn
866 397 924 460 otia
938 397 1010 460 testu
1028 399 1161 460 instituere

211 515 225 549 n
249 485 1160 572 depueceptopreeteriilequoeindicteBuiideupressasunt.‚‚

210 603 225 638 u
250 581 280 642 S.
300 580 410 660 Congr.
429 575 547 639 censuit
560 573 806 658 respondendum
888 574 926 636 ud
940 579 979 636 2³
995 573 1158 656 Nepotes„

239 668 296 734 nde
312 686 374 729 non
394 666 511 730 ridetur
530 682 618 746 posse
636 663 777 726 sustineri
795 663 878 745 quod
900 664 1041 745 Episcopi
1056 663 1162 726 hebrunt

212 775 294 820 nunc
314 761 492 838 potestatem
504 753 579 817 festu
595 751 631 816 de
645 759 791 836 precepto
805 751 998 830 instituendi,
1020 751 1104 815 modo
1116 753 1162 812 sri-

211 852 440 928 temperpetuo

253 949 318 1010 Hoc
332 964 437 1009 rerum
451 951 495 1008 est
498 942 813 1028 ‚preserttmhodiej
805 963 837 1005 m
852 945 961 1007 Gallie·
953 952 1164 1028 ,postsupprre

214 1037 331 1100 sionem
341 1035 422 1097 onim
437 1035 545 1097 iactum
559 1033 773 1115 plerorumque
785 991 932 1096 'festorum
944 1040 1096 1116 ‚tempore
1107 1035 1164 1096 too

215 1125 328 1186 cordati
350 1126 443 1200 1801,
465 1139 527 1184 non
549 1121 666 1184 videtur
684 1139 772 1203 posse
792 1102 932 1184 sustineri
948 1123 1034 1206 qudd
1051 1123 1163 1206 Episcopi

215 1214 331 1276 valeant
348 1219 398 1274 out
412 1212 564 1274 instituere
578 1229 671 1273 noros
684 1210 748 1274 dies
761 1213 870 1289 festos,
890 1218 943 1274 eut
960 1213 1096 1274 minuere
1113 1230 1164 1292 pau

215 1321 266 1366 cos
280 1303 469 1385 superstites3
485 1319 546 1362 non
555 1300 685 1382 primum
695 1299 827 1382 quidem,
843 1301 915 1362 cium
925 1301 984 1364 hoc
994 1301 1164 1364 essetunnui·

216 1393 277 1454 lere
290 1390 501 1453 concessiones
520 1392 550 1451 S.
578 1387 681 1468 Sedis,
697 1407 785 1470 quae,
801 1389 1033 1472 adpetitionem
1048 1389 1165 1452 Gubernii

215 1479 324 1559 uoluit,
344 1501 361 1540 u
378 1485 412 1542 ut
431 1485 523 1540 status
538 1495 684 1540 numerus
698 1476 854 1556 festorum,
876 1479 963 1559 isque
977 1498 1042 1560 quo
1055 1487 1165 1541 contrac-

215 1591 230 1629 ι)
255 1569 313 1632 tier
330 1567 395 1630 fieri
413 1573 529 1648 posset,
545 1566 577 1628 iu
591 1573 653 1629 toto
667 1565 851 1648 Reipublicae
865 1567 1029 1630 Gallicanee
1044 1567 1167 1630 territorio

217 1681 231 1718 o
255 1658 432 1721 retineretur
445 1660 454 1694 ¹
469 1676 499 1732 »3
516 1673 573 1718 nec
588 1655 677 1717 etium
695 1655 866 1732 secundum,
881 1657 953 1737 quia
967 1653 1167 1720 imminutioni

217 1767 288 1810 suos
302 1753 451 1808 extremos
465 1745 574 1808 limites
584 1749 705 1807 extense
716 1743 788 1806 fuit:
801 1743 883 1807 unde
896 1745 1074 1808 scandaloso
1086 1743 1169 1808 etsut»

217 1837 329 1898 rcrsiva
342 1835 419 1897 foret
432 1835 604 1918 suppressio
614 1851 780 1915 paucorum
794 1839 894 1896 ettam
903 1834 1168 1897 commendabitur

217 1925 363 1988 festorum
378 1943 446 2006 quae
461 1923 559 1986 adhuc
571 1929 741 2005 supersunt.

256 2033 345 2091 tuoe.
369 2028 520 2108 Quidquid
531 2029 570 2089 sit
578 2027 616 2089 de
623 2026 767 2110 pretatis,
778 2033 809 2089 et
817 2027 973 2109 suppositi
986 2027 1170 2111 probabiiitutr

217 2118 372 2177 sententiae
386 2116 527 2177 secundae
546 2135 636 2197 supra
655 2117 755 2178 retatae
773 2117 887 2194 (4900),
903 2116 1013 2180 saitem
1027 2137 1082 2201 pro
1094 2117 1170 2197 regiu-

218 2204 307 2264 nibus
320 2203 350 2264 in
365 2204 475 2284 quibus
490 2203 627 2266 nondum
641 2204 718 2268 iactu
731 2203 786 2267 fuit
803 2211 865 2267 tem
879 2211 1037 2269 contractu
1051 2207 1169 2269 festoruu

217 2291 405 2371 imminutio,
424 2291 577 2354 dubitetur
595 2311 634 2355 un
652 2292 691 2355 ed
713 2293 871 2356 statuenda
889 2293 963 2356 festa
985 2293 1026 2356 de
1046 2301 1171 2377 precepto

217 2379 359 2464 Episcopi
372 2381 525 2462 indigeant
536 2396 691 2445 consensu
704 2382 781 2446 Cleri
795 2389 825 2444 et
835 2382 940 2465 popuii
956 2403 964 2444 :
980 2383 1170 2445 affirmandum

219 2479 279 2550 cst,
293 2472 376 2552 juxta
390 2471 421 2533 S.
434 2469 554 2552 Liguor.
566 2471 628 2550 (tib.
646 2473 676 2549 3,
692 2482 726 2533 n⁰
740 2473 809 2552 266)
824 2473 876 2553 qui
891 2472 994 2553 piures
1013 2473 1096 2548 citat3
1111 2476 1172 2532 notu

219 2567 321 2623 tumen
332 2559 484 2623 sufficiens
493 2578 558 2623 esse
568 2560 592 2622 si
602 2559 705 2622 Gierus
715 2565 744 2622 et
753 2561 884 2642 populus
895 2579 955 2622 non
965 2561 1171 2624 contradicent.

220 2657 250 2712 ct
264 2651 332 2713 licet
341 2649 564 2726 contradicent,
580 2667 668 2730 posse
681 2648 881 2730 Episcopum,
898 2651 1037 2730 quumvis
1051 2669 1108 2712 non
1122 2668 1172 2730 prr·

221 2741 332 2821 petuo,
347 2745 449 2801 temen
468 2755 524 2820 pro
541 2739 602 2800 unt
615 2735 661 2798 vel
676 2736 767 2798 attere
787 2736 852 2799 vice
872 2737 948 2800 testu
966 2737 1107 2802 indicere.
1127 2741 1172 2796 troo

222 2831 332 2890 Suerez
341 2835 371 2890 et
384 2829 432 2890 elii
445 2828 546 2910 plures
556 2825 660 2887 dicunt
670 2823 807 2888 sufficere
816 2843 853 2889 eu
864 2827 1084 2890 consuetudine
1096 2825 1172 2888 soiuu

222 2917 297 2978 Cleri
321 2933 524 2992 consensum
541 2913 593 2976 sed
612 2913 683 2976 huic
696 2914 908 2978 contradicunt
923 2915 1096 2978 Salmantic.
1108 2916 1172 2992 jin-tr

218 3005 269 3081 jus
282 3005 443 3084 antiquum
455 3005 536 3085 (cap.
554 3003 748 3085 Commotus,
759 3003 792 3064 de
806 3004 900 3083 Fen).
917 3005 1015 3066 Nemo
1028 3011 1084 3080 ost,
1099 3001 1172 3080 inquit

223 3091 337 3152 Bened.
348 3094 412 3152 XIV
423 3138 431 3168 ,
443 3092 495 3172 qui
506 3091 643 3153 eccludot
657 3111 821 3154 consensum
833 3091 969 3174 Capituli
975 3093 1031 3170 (De
1044 3089 1171 3170 Recede,

223 3179 274 3240 lib.
291 3183 328 3255 4,
345 3197 413 3261 pers
428 3183 466 3250 1,
483 3197 511 3240 c.
528 3185 582 3256 15,
594 3192 627 3242 n⁰
643 3183 691 3259 te)
701 3201 710 3257 ;
722 3181 789 3242 vide
799 3181 891 3242 etiem
904 3181 1036 3244 Ferraris
1049 3182 1087 3262 (u
1096 3180 1171 3244 Fun,

225 3267 265 3327 n¹·
281 3271 357 3346 tte,
383 3271 461 3345 116).
483 3269 573 3330 uodo
593 3268 725 3331 diximus
749 3269 831 3350 qudd
854 3287 890 3332 ex
911 3270 1024 3333 concii.
1047 3267 1171 3339 Trident,

255 3472 264 3498 ¹
281 3467 354 3518 trtic.
372 3469 398 3517 u
418 3467 488 3533 Legis
501 3471 624 3534 organico
640 3472 677 3524 sic
693 3471 786 3524 hehet:
806 3491 816 3519 r
833 3473 934 3522 ducune
947 3471 1009 3535 tero,
1025 3471 1036 3522 i
1051 3465 1172 3532 t'exceptiu

228 3551 239 3578 ι
257 3537 289 3587 du
304 3537 444 3656 Dinponche.
459 3555 488 3588 ne
500 3555 589 3603 pourra
606 3543 658 3592 etre
669 3543 760 3592 etrbiic
776 3557 834 3594 sans
851 3543 873 3593 la
886 3543 1029 3607 permissicn
1043 3542 1075 3592 du
1086 3550 1172 3606 gouer·

229 3622 238 3650 r
259 3621 345 3656 riomen
361 3641 365 3654 .
383 3626 393 3654 ι
