2474 3946
203 274 260 339 331
420 285 558 335 uacuare
578 282 681 329 rorrus
697 281 783 328 aunrs
807 277 955 324 cananaei.

203 411 271 456 sum
285 393 302 453 h
318 389 407 452 Sacra
421 384 660 467 congregatione
683 381 773 444 relert
796 377 977 442 Benedictus
997 380 1081 457 xlv,
1096 365 1183 462 apud'

206 481 347 543 Analecta
357 475 482 556 (janvier
498 478 593 548 18511,
607 472 666 536 coi.
683 474 782 548 1886).

242 571 332 632 1363.
352 602 387 614 -
402 571 434 626 4⁰
452 564 557 626 aChm
571 562 615 623 vir
633 569 663 623 et
677 561 785 623 matier
801 556 1017 637 Traiectensis‚
1041 557 1168 623 timentes

206 679 220 716 1
245 654 496 738 impedimentum
510 653 527 714 a
542 649 689 733 parocho,
705 648 744 711 ad
757 649 886 710 vicinam
903 647 1010 710 urhem
1026 649 1168 730 111113313-

206 771 220 808 1
245 763 370 808 oensem
384 761 416 805 se
431 742 640 813 eontulissent,
655 744 686 801 et
702 739 743 800 ibi
757 736 932 818 aliquandiu
948 738 1068 813 morati,
1079 739 1168 799 matri-

207 859 220 896 n
245 831 621 905 moniumeontraxissent,
631 829 722 890 Sacra
733 828 932 906 congregatio
942 827 1081 888 consulta
1091 843 1169 908 saper

207 948 221 984 1
245 920 540 1000 validitate‚eensuit
552 915 784 999 exprimendum
799 923 992 996 tempusque
1003 915 1169 978 contrahen-

207 1034 221 1073 1
247 1020 290 1075 tes
306 1012 502 1093 Aquisgmnae
517 1014 690 1070 manserant
706 1025 713 1067 :
734 1003 816 1087 qndd
837 1004 862 1065 si
877 1001 967 1065 luerit
978 1004 1085 1067 sallem
1096 1005 1170 1066 uniat

208 1127 222 1162 1
254 1101 370 1177 menate,
385 1099 516 1161 dandam
531 1115 596 1158 esse
606 1095 795 1158 Deeisionem
810 1111 865 1175 pro
878 1092 1040 1171 validitate,
1061 1094 1129 1156 alias
1140 1093 1170 1156 dc

208 1217 222 1251 1
249 1209 325 1253 novo
340 1187 530 1250 referendum
545 1185 576 1247 in
591 1185 840 1266 Congregatione.
854 1204 870 1240 1
888 1185 931 1244 lta
946 1184 1114 1264 lagoenas,
1128 1202 1169 1264 ap.

210 1282 342 1341 Carridrc
365 1275 605 1356 (compactam,
631 1285 664 1336 n⁰
684 1276 766 1352 aad).
784 1305 822 1319 -
835 1271 981 1333 Eamdem
994 1273 1171 1334 Decisionem

209 1370 342 1430 velarunt
360 1365 537 1428 henedictus
551 1366 616 1426 XlV
641 1363 686 1441 (in
702 1361 917 1424 Constitutione
939 1361 1049 1425 Paucis
1065 1361 1170 1440 alhr'nc)

209 1467 237 1520 et
248 1459 348 1536 Soglia
363 1454 576 1528 llnslt‘tallencs
583 1451 806 1533 jarr'sprr'aali,
822 1450 840 1531 ἓ
854 1453 933 1528 tet).

249 1552 339 1610 atvar.
362 1547 405 1606 Ex
416 1544 471 1604 htte
483 1542 637 1604 liceisione
646 1539 787 1603 concludi
803 1539 1172 1603 lieet-matrimoniumessa

210 1635 361 1712 validum,
378 1633 432 1696 etsi
447 1651 483 1694 cx
499 1630 603 1693 lraudc
621 1629 832 1693 contrahentes
846 1633 964 1690 mutent
977 1629 1170 1692 domicilium.

211 1726 302 1788 morth
324 1742 377 1806 per
397 1721 550 1786 sulliciens
570 1729 689 1802 tempus
712 1727 794 1782 extra
815 1719 973 1801 proprium
997 1718 1172 1782 domicilium

210 1820 450 1878 commorentur.

23 1889 195 1932 '⁵⁸⁸
250 1906 340 1966 laea.
363 1900 531 1964 Concilium
542 1898 753 1962 'tridentinum
768 1915 829 1959 non
844 1896 900 1960 luit
913 1897 1134 1980 promulgatum
1147 1895 1172 1957 in

211 1994 364 2056 Britannia
375 1990 479 2078 hiajari
494 2012 501 2050 ;
514 1987 640 2070 proinde
650 1988 709 2049 hirc
719 1991 924 2049 commeanles
935 1997 1063 2068 possunt
1074 1987 1172 2049 ibidem

212 2083 330 2163 nuptias
345 2079 440 2140 aalide
454 2077 631 2138 contrahere
645 2077 760 2157 absque
774 2075 931 2158 prasentia
946 2076 1066 2156 parochi
1081 2086 1108 2140 et
1121 2083 1172 2138 tes-

212 2171 286 2232 tium
299 2216 307 2245 ‚
322 2168 377 2230 etsi
393 2167 545 2228 veniente
561 2163 632 2226 locis
651 2165 702 2226 uhi
716 2165 831 2227 dictem
852 2165 1020 2227 Concilium
1035 2167 1094 2228 vim
1107 2165 1172 2228 ohli-
1212 2183 1213 2200 ¹

211 2267 331 2339 gaietem
346 2255 472 2316 ohtinet.
488 2287 526 2301 -
541 2257 686 2325 Quanam
701 2255 772 2316 vcrd
786 2253 894 2315 debeat
909 2271 974 2316 esse
989 2256 1172 2333 commoratio

211 2347 241 2408 in
256 2345 311 2409 hac
325 2345 466 2426 regione,
483 2350 515 2406 ut
529 2344 572 2405 sie
585 2342 681 2405 valide
700 2341 917 2405 contrahatur?
931 2343 1053 2406 Certum
1071 2344 1173 2406 videtur

210 2435 292 2518 oadal
306 2434 413 2497 decem
426 2431 491 2495 dies
505 2451 566 2494 aon
581 2434 748 2508 salictam,
765 2439 799 2494 ut
811 2431 962 2512 colligitur
976 2449 1014 2496 ex
1028 2434 1172 2496 licoisiane

212 2525 354 2588 relataah
369 2522 519 2586 Analach's
537 2523 666 2602 (janvier
681 2527 774 2600 1836,
794 2520 852 2584 eol.
878 2521 985 2601 taath
1011 2521 1173 2604 quindecim
1211 2595 1212 2604 ἵ

210 2626 312 2680 autern
332 2614 397 2678 dies
420 2611 558 2676 sullicere
579 2611 651 2672 mihi
674 2617 822 2673 assertam
837 2611 892 2674 luit
910 2612 1069 2674 occasione
1083 2612 1173 2674 1111111-
1211 2627 1212 2662 t

212 2706 306 2768 rhemi
326 2707 360 2768 D.
377 2703 420 2766 du
439 2701 615 2783 Bouchage,
630 2701 685 2762 viri
702 2700 809 2762 nohilis
823 2699 913 2780 hujus
926 2699 1063 2764 dioecaeis
1078 2703 1174 2766 Valen-

212 2795 345 2866 tinensis,
358 2793 411 2875 qui
424 2791 592 2854 Londinunr
603 2793 692 2852 causat
702 2788 819 2871 nuptias
830 2789 1172 2855 ineundisecontulerat.

211 2884 373 2946 Observant
387 2888 489 2944 autern
504 2879 648 2942 Analecta
660 2877 759 2958 (itia,
775 2878 832 2941 col.
850 2881 939 2962 1889)
953 2880 1036 2960 qudd
1051 2881 1081 2943 in
1095 2882 1173 2944 causa

211 2991 304 3053 quam
328 2971 477 3048 referunt,
497 2971 588 3032 Sacra
607 2968 805 3048 Congrcgatie
819 2968 1002 3050 praescripsit
1012 2977 1046 3034 ut
1058 2971 1174 3052 diligens

211 3059 365 3141 inquisitio
399 3058 483 3120 heret
513 3059 593 3120 circa
625 3057 814 3119 durationem
844 3059 1091 3124 commorationis
1122 3065 1173 3121 tam
1210 3075 1211 3094 ¹

211 3147 339 3211 Londini
353 3149 445 3229 quam
460 3145 491 3206 in
500 3151 563 3208 toto
572 3146 721 3208 Vicariatu
733 3145 903 3227 Apostolico
916 3166 923 3206 :
935 3148 1018 3228 quia,
1030 3149 1172 3232 inquiunt,

215 3261 230 3298 a
250 3237 278 3300 le
292 3236 394 3298 decret
411 3233 452 3298 du
467 3235 588 3298 Concita
608 3234 646 3297 dc
659 3237 769 3298 Trente
792 3237 905 3298 n’e'tant
924 3253 978 3317 pas
999 3255 1040 3300 en
1061 3241 1174 3322 vigucur

211 3349 225 3387 a
251 3344 290 3389 en
305 3325 532 3407 angleterre...
554 3325 574 3386 il
593 3341 632 3386 ne
652 3323 744 3386 latiait
763 3343 817 3406 pas
831 3327 1000 3390 seulement
1012 3328 1173 3390 considerer

212 3439 226 3476 1
251 3416 279 3480 13
301 3421 399 3498 temps
416 3433 475 3497 que
495 3413 541 3478 les
563 3414 663 3498 e'poux
685 3415 803 3477 avaient
829 3414 928 3478 habite
951 3415 980 3480 le
1002 3411 1063 3480 lieu
1084 3420 1123 3480 oh
1143 3415 1172 3476 ils

211 3527 226 3567 1
250 3507 368 3568 avaient
380 3504 552 3581 contracte,
578 3503 654 3566 mais
667 3521 778 3567 encore
791 3504 819 3568 le
839 3511 937 3588 temps
957 3505 1048 3588 qu’ils
1069 3506 1173 3570 avaient

211 3617 226 3657 1
250 3595 337 3677 passe
350 3612 389 3656 cn
407 3593 622 3675 angleterre.»

251 3685 419 3747 latita-60
427 3679 541 3745 Eadem
555 3681 697 3747 Analecta
707 3681 837 3764 (ididan,
845 3684 904 3748 col.
914 3689 1001 3763 1898)
1008 3689 1136 3752 referunt
1142 3703 1171 3746 er

1206 3849 1209 3941 Ι
