2452 3946
209 231 272 312 ⁸¹28
436 253 573 299 nanuum
593 247 695 300 rorrus'
713 255 795 300 runis
814 252 961 300 eruemur.

213 365 233 402 ι.
253 345 329 407 ritirs
353 347 558 429 semidupiiois
573 359 747 432 paramenta
769 351 888 413 tantiam
909 349 995 428 nigra
1023 347 1175 411 offerantur

212 453 228 490 ι
253 433 457 498 sacerdotibus
470 455 553 499 saara
573 439 805 502 celebraturis...

252 543 268 582 n
287 527 317 583 t⁰
333 523 433 586 uuhtt.
451 530 497 586 An
514 527 598 589 liceat
612 529 816 591 sacerdotibus
829 529 871 590 uti
883 527 1066 607 paramentis
1079 526 1172 607 nigris,

211 631 225 666 n
252 616 281 671 et
295 611 445 674 celebrare
464 616 584 677 missam
602 617 799 700 peraequum
815 625 847 680 ut
866 615 1048 677 satisfaciant
1069 615 1176 696 obliga-

211 720 225 755 »
253 699 324 760 11οηί
347 719 438 780 quam
459 715 656 786 susceperunt
670 706 840 768 celebrandi
856 703 1021 766 seeundum
1044 703 1176 765 intentio-

210 808 224 843 »
253 805 322 848 nem
336 787 434 852 dantis
444 791 811 875 eleemosynamquando
822 794 1093 874 prorsirsignorant
1104 813 1178 875 quae

210 897 224 931 n
252 895 323 937 nam
337 877 375 939 sit
389 877 468 944 iltius
482 881 624 954 intentio,
642 903 696 965 pro
710 883 877 957 detmretis,
893 899 999 944 necne.

250 987 266 1023 n
291 972 322 1026 2⁰
337 967 437 1030 uuntt.
461 973 505 1029 An
517 969 604 1032 liceat
616 973 820 1034 sacerdotibus
835 971 875 1034 uti
891 969 1075 1052 paramentis
1090 971 1177 1052 nigris

208 1075 223 1110 n
250 1060 279 1114 et
292 1055 443 1118 celebrare
458 1058 578 1120 missam
598 1060 642 1122 De
656 1061 806 1142 Requirere,
827 1067 860 1121 ut
873 1058 1056 1120 satisfaciant
1068 1059 1176 1142 obliga-

208 1163 223 1198 »
250 1142 320 1204 tioni
337 1163 427 1224 quam
444 1157 642 1225 susceperunt
656 1148 825 1211 celebrandi
843 1165 896 1228 prn
910 1147 1009 1209 viris?

250 1249 266 1288 a
286 1277 306 1292 ..
340 1235 402 1293 Em.
419 1242 448 1293 et
462 1232 521 1295 itu.
535 1237 647 1312 Patres,
663 1238 755 1299 saeris
766 1237 869 1298 ritibus
884 1235 1003 1298 tuendis
1017 1241 1175 1319 praepositi,

209 1339 224 1374 n
251 1319 377 1400 singulis
391 1325 507 1383 mature,
523 1327 693 1406 perpensis,
709 1325 898 1388 tolerandum
914 1325 1039 1387 minime
1053 1345 1176 1390 censue-

210 1429 223 1463 r>
249 1417 318 1468 sunt
336 1409 462 1471 abusum
481 1411 519 1474 de
538 1433 600 1494 quo
619 1413 648 1474 in
668 1415 845 1496 precibus...
867 1413 923 1474 irae
945 1414 1060 1477 ratione
1081 1417 1177 1498 impe-

210 1517 224 1543 *
248 1495 347 1558 diendi
372 1501 535 1578 quantinus
556 1503 654 1582 tegere
678 1498 746 1584 praa
762 1505 855 1566 lubitu
879 1503 991 1583 possint
1005 1505 1112 1568 missas
1134 1509 1175 1569 rel

207 1607 222 1640 1
246 1583 319 1645 testo
338 1590 627 1669 rurrespnndentes,
647 1593 691 1652 rel
714 1595 825 1654 votivas
844 1595 928 1670 juxta
948 1593 1175 1673 permissionem

207 1695 221 1729 n
248 1673 390 1750 rubricam
408 1681 625 1761 propositisque
639 1681 739 1744 dubiis
752 1683 915 1746 rescribere
929 1683 983 1742 rati
998 1690 1088 1745 sunt:

246 1785 261 1821 p
288 1764 331 1825 Ad
348 1771 384 1826 1¹²²
400 1767 584 1831 atiirmatire.

244 1874 260 1910 n
287 1855 330 1916 Ad
347 1860 385 1916 2¹¹¹
396 1858 580 1936 atiirmatird,
590 1859 756 1923 dummouo
766 1881 827 1924 riou
838 1861 953 1925 diverse
963 1863 1174 1948 praescl·t'pserii

204 1962 220 2001 ι
245 1944 295 2022 qui
307 1943 388 2004 dedit
401 1946 635 2028 eleemosynam.

245 2053 259 2088 r>
285 2033 337 2092 Die
352 2037 389 2094 19
406 2041 600 2098 nor.185o'.u
621 2039 696 2100 Vide
713 2037 846 2115 Univers,
864 2045 902 2104 18
913 2041 979 2118 julii
992 2045 1079 2106 1857.

182 2153 187 2162 ·
244 2121 332 2181 3755.
349 2121 431 2182 Circa
447 2123 511 2186 haec
528 2133 629 2188 tamen
651 2127 864 2200 referendaest
882 2129 939 2192 alia
953 2131 1065 2196 decisio
1086 2135 1118 2196 S.
1135 2139 1172 2202 R.

203 2209 330 2288 Congu,
348 2215 384 2270 11
407 2221 481 2291 sept.
506 2217 583 2276 1810
602 2216 646 2293 (n0
661 2222 740 2280 4750
757 2223 807 2298 1);
821 2235 891 2300 puae
913 2219 957 2282 sie.
978 2217 1091 2286 habet:
1110 2248 1125 2284 a
1141 2229 1174 2289 in

201 2318 217 2354 n
241 2299 328 2358 variis
346 2299 523 2364 dioecesibus
544 2305 673 2386 Belgii...
695 2325 768 2370 usus
791 2309 913 2370 invaluit
935 2317 986 2386 ut,
1005 2309 1051 2373 his
1064 2312 1174 2378 diebus

200 2407 215 2444 n
240 2387 350 2467 quibus
371 2407 423 2468 per
441 2391 574 2455 rubricas
593 2395 661 2457 iicet
674 2398 779 2458 missas
793 2397 838 2459 De
857 2397 996 2479 aequum
1010 2407 1041 2461 et
1060 2405 1173 2468 votivas

199 2497 214 2534 n
239 2477 410 2554 celebrare,
426 2481 612 2556 sacerdotes,
635 2484 741 2546 missas
755 2487 902 2566 privatas,
918 2486 1017 2550 oblato
1036 2495 1172 2557 manuali

198 2585 213 2623 u
238 2566 485 2649 stipendiopro...
501 2569 656 2652 defunctis,
668 2575 1171 2664 rel...iuhonoremaiicujusMps·

197 2676 212 2713 n
239 2659 301 2717 terii
323 2659 367 2718 ret
384 2660 483 2720 Sancti
499 2659 659 2737 habentes,
675 2663 827 2726 eelebrent
840 2665 1012 2729 doniormes
1029 2669 1169 2752 officio„

196 2767 211 2802 n
236 2743 401 2808 dummodo
413 2748 515 2810 tideies
529 2753 668 2832 expresse
681 2769 742 2813 non
752 2753 988 2834 rogaverintdici
1003 2759 1111 2821 missas
1126 2763 1171 2824 De

194 2855 210 2890 u
236 2834 377 2917 Reperiam
395 2836 440 2896 rel
465 2839 613 2900 votivas...
634 2839 784 2902 Petitur...
804 2861 843 2904 an
862 2841 975 2924 praesati
997 2848 1171 2914 sacerdotes

194 2945 209 2980 a
233 2924 415 2985 satisfaciant
432 2944 494 2987 suae
508 2927 706 3009 obligationi?
720 2933 758 2992 Et
770 2933 801 2993 S.
818 2933 854 2994 it.
870 2935 902 2995 C.
919 2935 1168 3014 respondendum

193 3033 208 3068 u
232 3012 348 3073 censuit
361 3017 716 3098 z-Affirmatiui,quuod
727 3019 829 3082 missas
840 3019 1058 3103 prodefunatis,
1070 3027 1167 3106 juxto

192 3121 207 3157 s
231 3119 330 3179 pener.
346 3099 433 3161 decis.
444 3099 506 3162 diet
519 3106 537 3163 5
550 3124 618 3185 nup.
638 3112 766 3184 16623-
776 3109 808 3170 in
821 3110 955 3194 reliquis,
973 3109 1126 3194 Nepotr'ue.
1146 3143 1162 3178 n

232 3189 315 3248 Ratio
331 3190 429 3270 inquit
443 3193 485 3253 De
500 3194 591 3254 Herdt
601 3201 642 3276 tp.
661 3203 689 3274 1,
707 3200 814 3278 n⁰21)‚
830 3219 885 3262 cur
898 3219 952 3284 per
966 3203 1091 3266 missam
1104 3207 1166 3271 diei

190 3277 314 3338 satisfiat
324 3279 496 3358 obligationi
505 3283 674 3348 celebrandi
687 3307 741 3368 pro
750 3287 912 3368 defunctis,
920 3299 965 3352 est
978 3291 1166 3374 dispensatio

84 3373 87 3382 ¹
190 3366 234 3426 rei
258 3366 460 3448 interpretatio
482 3371 513 3432 S.
532 3371 685 3438 Pontidois
705 3378 863 3458 quitatem
883 3378 972 3442 habet
985 3389 1166 3464 potestatem

190 3455 288 3536 quoad
301 3455 512 3538 bmesactorum
524 3462 588 3542 pias
598 3465 780 3540 voluntates,
793 3487 853 3530 non
864 3471 933 3530 vero
943 3469 1044 3551 quoad
1053 3491 1165 3540 omues

189 3561 294 3606 eorum
309 3545 473 3610 voluntates
487 3551 575 3611 etiam
590 3551 654 3633 pias
667 3558 720 3616 sed
735 3575 797 3618 non
811 3557 1038 3624 benefactorias.

227 3633 401 3696 Notandum
427 3644 472 3698 est
498 3643 730 3722 summoned,
756 3645 807 3708 ubi
835 3647 901 3710 ioco
928 3649 1029 3713 missa
1055 3651 1164 3718 votiva
