2498 3966
410 219 494 314 crona
514 264 670 312 secaturus.
966 248 1025 314 139

48 361 104 444 qui
127 381 235 426 eorum
252 363 320 444 jura
343 363 494 428 rdlcneibs
516 368 667 428 tueantur.
691 367 819 448 Insuper
845 369 917 430 sunt
941 365 1025 448 plura

49 452 237 512 monasteria
248 453 364 533 amplos
378 453 510 515 redditus
520 452 713 533 possidentia,
722 472 851 535 qumque
863 453 1027 517 infortunio

47 547 226 620 temporum
246 559 358 622 paucos
380 543 498 604 tontum
522 541 687 604 monachos
713 541 806 605 alunt.
834 544 926 604 Porrb
953 549 1027 606 tune

49 628 148 709 arnpli
160 628 202 690 illi
215 627 348 692 redditus
358 630 527 711 opportune
536 629 599 692 dari
611 631 892 712 poteruntPraelatis
902 632 1028 714 aliisque

49 715 172 779 clericis
184 716 221 779 iis
234 717 456 799 indigentibus,
473 725 502 780 et
514 721 569 781 sut
582 719 722 790 scientia,
741 720 882 801 ingenio,
897 720 1028 784 auetori-

49 812 125 878 tete,
140 810 210 882 ete,
225 805 366 869 Ecclesiae
380 825 522 888 magnam
536 807 695 871 utilitatem
713 807 918 872 afferentibus.
934 810 1028 874 Utiles

51 913 130 975 ergo
144 901 173 959 et
186 894 326 976 legitimae
344 913 409 958 esse
423 901 551 978 possunt
561 895 751 958 commende
768 917 776 958 :
791 895 874 959 unde
889 899 1029 978 Synodus

50 982 230 1045 Tridentino
241 1001 305 1045 rem
324 1002 447 1046 ornnem
459 983 627 1066 prudentiae
640 1004 675 1047 ao
693 985 796 1067 pietati
813 987 930 1048 Sanolae
945 986 1029 1049 Sedis

52 1072 187 1148 dimisit,
201 1071 353 1153 voluitque
372 1091 437 1134 esse
459 1073 665 1136 ¹aestimandam
682 1075 765 1154 juxte
783 1074 931 1136 rationem
951 1084 1029 1138 tem·

52 1177 168 1244 porum
180 1160 268 1241 (sess.
281 1165 331 1237 25,
347 1177 414 1242 esp.
434 1165 484 1239 11,
498 1162 542 1223 lle
558 1161 688 1242 lupuli.
705 1161 797 1224 Sedes
816 1167 918 1224 autem
938 1166 1030 1246 lpos

54 1250 147 1311 tolles
166 1267 227 1312 non
248 1249 323 1312 solet
335 1249 532 1312 commendas
545 1250 712 1312 concedere
726 1250 784 1312 nisi
804 1268 840 1313 ex
856 1251 1031 1330 justissimis

53 1337 172 1416 causis,
194 1357 230 1400 ao
249 1357 382 1420 persaepe
405 1339 495 1400 etiam
519 1338 693 1421 Principum
715 1340 907 1421 importunas
927 1359 1031 1422 preces
1092 1413 1096 1419 ,

54 1427 168 1508 repulit
187 1445 195 1487 ε
211 1427 350 1490 Clemens
375 1429 401 1485 V
422 1429 550 1506 (Extrav.
575 1431 612 1504 2,
642 1429 687 1490 De
708 1428 884 1508 prebendis)
913 1431 1031 1493 sustulit

54 1515 253 1578 commendas
274 1533 353 1597 quae,
378 1533 441 1578 non
464 1516 541 1578 bene
555 1517 682 1598 cognitis
702 1518 903 1600 expensisque
923 1519 1028 1596 rebus,

54 1605 136 1666 datae
153 1603 289 1680 fuerant3
307 1605 419 1666 Bened.
444 1607 497 1667 XII
517 1623 552 1667 ao
573 1608 632 1668 Leo
647 1608 672 1666 x
693 1607 889 1668 commendas
907 1610 1029 1689 quasin

56 1693 224 1776 perniciem
243 1692 495 1754 monasteriorum
520 1701 609 1774 atque
635 1692 843 1755 ecclesiastieae
865 1693 1031 1775 disciplinas

55 1781 227 1844 redundare
258 1780 548 1854 animadverterant,
579 1782 774 1860 aluo'gbrunt.
799 1782 939 1864 Synodus
969 1786 1032 1846 Tri·

56 1870 181 1932 dentina
196 1869 377 1932 monasteria
390 1869 421 1930 in
434 1875 585 1951 posterum
606 1874 744 1931 vacatura
759 1869 947 1951 regularibus
963 1879 1030 1934 tan·

55 1961 123 2021 tirm
142 1958 363 2038 spectamine
382 1957 507 2020 concedi
524 1959 626 2038 J‘ubot,
646 1975 741 2039 eaque
759 1961 940 2022 monasteria
962 1981 1030 2042 quae

56 2051 129 2109 sunt
142 2046 288 2108 Ordinum
300 2047 397 2129 capita
407 2065 442 2109 ac
453 2047 610 2128 primates,
620 2047 688 2124 jure
697 2047 886 2109 commendae
896 2047 1029 2130 aliquem

57 2137 188 2198 retinere
202 2153 324 2217 prorsus
342 2141 435 2211 retat3
451 2138 648 2215 Romanoque
670 2135 807 2197 Pontifici
826 2138 986 2199 committit
998 2145 1031 2200 ut

58 2245 112 2306 pro
136 2228 190 2287 sub
212 2224 368 2306 prudentie
384 2243 419 2286 ao
441 2225 570 2307 pietate,
592 2225 740 2305 quanlbm
763 2225 837 2287 ratio
859 2231 1031 2308 temporum

57 2315 136 2376 ferre
148 2313 276 2395 poterit,
293 2313 416 2394 reliquis
436 2313 624 2375 monasteriis
636 2315 698 2391 iarn
713 2312 931 2378 commendatis
945 2335 1030 2399 regu·

56 2401 136 2464 lares
150 2401 323 2482 preficiens.
340 2403 476 2481 (beloti,
492 2401 548 2479 it,
563 2402 581 2482 ἓ
595 2405 645 2478 26,
661 2405 724 2480 27.)

97 2494 188 2552 5455.
212 2491 412 2553 Nihilominus
434 2498 500 2571 post
521 2489 689 2552 Concilium
713 2489 920 2553 Tridentinum
944 2510 1029 2554 com·

55 2579 178 2642 urendae
191 2579 387 2642 substiterunt
405 2598 413 2638 t
429 2579 520 2640 rideri
535 2583 633 2660 potest
652 2577 733 2658 apud
754 2579 878 2640 [iurand
893 2579 1030 2644 (1911111-

56 2669 160 2744 lnnne,
172 2677 200 2729 1·ο
215 2667 346 2748 Abbope,
361 2668 519 2743 Prieure's,
535 2666 721 2728 enumeratio
735 2666 951 2729 beneficiorum
963 2689 1031 2751 quae

55 2759 89 2821 in
104 2756 197 2818 Gallia
210 2757 241 2817 in
254 2755 468 2818 commendam
481 2753 677 2816 tradebantur
690 2761 760 2816 ante
774 2757 1031 2837 perturbationem

56 2848 152 2920 l'l8ll;
169 2844 220 2906 sed
234 2843 323 2906 bodie
336 2843 415 2925 apud
432 2862 486 2905 nos
501 2843 690 2905 commendas
704 2843 806 2906 locum
824 2845 954 2926 amplibs
969 2865 1030 2910 non

55 2934 172 2995 habent
191 2933 266 2994 :ubi
281 2939 381 2994 autem
405 2931 502 2993 adbuc
516 2932 680 2994 subsistunt
700 2935 715 2994 b
736 2932 799 2994 solo
823 2935 902 3014 Papa
926 2953 1031 2998 conce-

55 3023 182 3100 duntur,
194 3021 331 3103 adquem
345 3021 442 3082 solum
452 3027 564 3101 spectat
577 3021 709 3081 relaxare
719 3040 851 3082 canones
865 3023 916 3103 qui
930 3030 1031 3088 vetant

55 3109 252 3174 saecularibus
265 3109 413 3192 regularia
423 3107 559 3170 conferre
573 3108 719 3171 beneticia
729 3114 804 3191 (cap.
822 3116 858 3172 27
874 3110 908 3173 de
917 3113 948 3174 E
950 3113 1029 3194 lect

54 3219 126 3280 cap.
143 3199 218 3264 com
235 3198 270 3260 de
284 3197 431 3276 beneficio
450 3195 485 3258 de
498 3197 702 3275 Proebendrs
696 3202 785 3274 1n6⁰;
802 3200 914 3262 Concil.
930 3201 1027 3282 trid,

55 3306 132 3351 sess
150 3291 187 3350 lt
199 3305 284 3369 ‚.cap
300 3285 430 3368 dores)

96 3381 189 3439 5456.
210 3376 317 3438 Verbis
338 3382 439 3437 autern
465 3379 566 3456 potius
595 3381 687 3456 quam
710 3393 764 3454 re,
801 3376 898 3458 inquit
925 3381 1029 3443 Devoti

55 3465 124 3543 ((1,,
140 3465 236 3546 ξ18),
259 3483 342 3528 nuno
362 3467 378 3525 b
399 3463 552 3526 beneficiis
571 3463 760 3526 commendae
780 3463 937 3542 differunt,
953 3489 1029 3548 quo-

56 3555 141 3616 niam
156 3563 187 3616 et
199 3554 245 3616 lue
259 3555 290 3614 in
302 3558 481 3634 perpetuum
495 3552 618 3628 dantur,
629 3558 659 3614 et
677 3575 691 3611 «
705 3551 827 3613 titulum
841 3563 983 3633 praestant
992 3558 1028 3617 ad

57 3663 74 3702 r
99 3643 219 3704 ordines
239 3641 463 3718 suscipiendos,
482 3647 512 3700 et
532 3640 630 3701 clerici
651 3639 900 3701 commendatarii
922 3641 1027 3703 iisdem
