2416 3954
425 151 510 202 trum
530 151 687 202 0000000000.
983 141 1041 203 llll

113 252 256 318 Actiones
268 250 442 334 huiusmodi
456 255 587 334 quatuor
600 253 818 330 numerantur,
832 249 973 314 videlicet
985 253 1044 334 pol-

74 345 197 407 luuntur
210 341 346 406 ecclesiae
362 361 369 402 :

112 449 202 510 tros.
227 478 264 492 -
285 446 308 506 l.
331 444 389 504 Per
411 441 631 520 uoluntariam,
658 441 834 524 injuriosam
856 463 891 505 αι·
911 443 1047 526 praviter

75 534 298 618 peccaminoscm
313 532 466 614 conpulsis
480 531 666 613 effusionem,
679 532 776 612 qualis
785 534 962 616 contingere
972 534 1048 596 solet

76 643 109 686 ex
124 624 247 686 vulnere
262 621 406 701 injuriose
421 621 501 682 illato
518 641 525 682 :
542 619 656 682 eruitur
675 639 712 682 ex
725 638 792 701 cop.
809 621 996 705 Proposuisti
1009 628 1043 700 l,

76 719 104 774 ct
125 731 194 794 cap.
211 709 294 772 tinali
310 708 344 770 de
365 707 463 772 eccles.
481 707 628 784 Consecr.;
645 709 717 770 item
731 727 769 770 ex
782 727 849 791 cap.
865 711 956 774 unico
970 713 1044 792 ejus

75 800 143 862 dem
165 799 242 862 tituli
255 845 263 876 ,
277 799 309 860 in
323 802 368 877 6⁰,
381 803 411 860 et
423 816 491 860 cun.
508 798 539 860 E
540 796 668 876 eclesiis,
684 795 719 859 de
732 808 886 863 consecrat.

114 903 203 964 Dicit.
223 904 254 963 1ο
268 901 325 962 Ρο0
338 898 534 962 voluntariam
548 897 714 980 effusionem
728 917 741 962 .·
755 899 860 981 quiesi
870 917 941 964 casu
952 902 1044 982 lieret,

77 997 125 1052 aut
140 992 180 1052 nb
189 995 322 1067 amente,
337 989 464 1051 ecclesia
478 1006 539 1051 non
552 987 745 1070 pollueretur.

115 1093 206 1155 Dicit.
230 1095 262 1154 2·
286 1090 466 1172 Injurr'oscm
487 1107 500 1154 :
527 1091 598 1172 quia
626 1091 651 1154 si
673 1091 842 1173 percussio,
867 1093 921 1152 etsi
949 1092 1049 1156 volun·

77 1183 162 1258 laria,
177 1187 256 1244 esset
268 1186 369 1242 tomen
376 1181 467 1258 justa,
477 1199 506 1241 v.
523 1201 567 1260 g.,
581 1180 621 1241 ob
627 1181 739 1259 justam
754 1183 800 1244 sut
817 1179 1023 1244 defensionem
1041 1228 1049 1258 ,

77 1279 193 1332 seruato
216 1268 422 1332 moderamine
446 1268 607 1350 inculpatae
629 1269 749 1348 tutelae,
782 1287 844 1332 non
867 1269 1052 1352 pollueretur

77 1359 224 1436 00010010,
240 1357 311 1440 quia
324 1357 381 1438 ipsi
397 1375 458 1419 non
474 1357 558 1419 fieret
572 1357 693 1436 injuria.

114 1463 207 1525 Dicit.
218 1465 250 1525 3⁰
262 1460 1050 1544 Grauiterpecccminoscm:quiapariterecclesianon

77 1552 263 1634 pollueretur
272 1551 295 1612 si
311 1549 933 1631 effusiosanguiniscausareturexactione
949 1554 1051 1618 leuiter

76 1640 289 1724 peccaminoso
299 1657 308 1700 t
319 1637 344 1700 si
354 1655 465 1720 nempe
479 1639 563 1720 pueri
573 1639 740 1702 seinvicem
756 1647 957 1722 percuterent,
967 1650 1017 1705 ant
1027 1645 1051 1705 si

77 1737 162 1811 pater
174 1728 220 1790 vel
236 1727 387 1806 magister,
403 1731 494 1790 cause
508 1728 713 1806 correctionis,
729 1729 831 1792 leviter
845 1729 1011 1806 excederet,
1023 1737 1053 1793 et

76 1826 181 1882 tamen
200 1817 322 1898 eopiosa
346 1817 503 1898 sanguinis
530 1815 637 1878 effusio
659 1834 696 1878 ex
717 1818 841 1880 naribus
861 1825 912 1881 aut
932 1817 1053 1881 aliunde

75 1907 281 1988 contingere13
297 1905 484 1986 probabilius
498 1911 599 1966 autern
611 1910 696 1986 putat
709 1906 741 1968 S.
758 1906 880 1988 Lignor.
891 1925 961 1970 cum
976 1908 1051 1988 eliis,

76 1995 233 2078 copiosam
245 1993 423 2057 etlnsionem
431 1992 588 2074 sanguinis
599 1993 1053 2080 enaribusecclesiampolluore

76 2086 100 2146 si
114 2102 153 2146 ex
168 2090 292 2165 peccato
306 2081 423 2144 mortali
438 2081 555 2144 accidat
569 2081 633 2156 (lib.
649 2086 684 2160 6,
699 2084 733 2145 n⁰
747 2084 831 2166 ³65).

116 2183 209 2243 4793.
232 2180 406 2260 Requiritur
421 2183 451 2241 l·
470 2185 503 2242 ut
516 2177 622 2242 effusio
642 2180 680 2242 sit
695 2181 816 2263 copiosa
833 2201 840 2244 τ
859 2183 940 2246 unde
960 2183 1053 2248 ecclc-

76 2271 121 2332 sia
143 2287 206 2331 non
227 2267 387 2350 polluitur,
402 2269 456 2331 etsi
476 2269 630 2350 percussio
649 2269 739 2332 luerit
752 2273 925 2353 gravissime
938 2279 1052 2337 etcum

76 2361 200 2421 summe
221 2357 350 2437 injuria,
369 2357 393 2419 si
408 2357 508 2420 solinu
531 2357 638 2440 aliquae
663 2367 753 2440 gutte
774 2362 929 2442 sanguinis
952 2363 1051 2424 effun-

77 2447 205 2523 dantur,
221 2453 251 2508 et
270 2446 416 2509 bfortiori
438 2447 463 2508 si
482 2445 583 2509 nullus
605 2449 728 2528 sanguis
742 2447 816 2510 linat
834 2469 841 2510 :
857 2451 946 2511 verba
969 2451 1052 2511 enim

76 2553 232 2600 canonum
245 2535 395 2617 sanguinis
409 2535 574 2617 cffilst'onem
588 2582 596 2613 ,
617 2539 737 2618 copiam
752 2535 906 2598 denotant.

119 2638 210 2698 4791.
233 2635 407 2716 Requiritur
420 2636 451 2696 2⁰
461 2641 493 2696 nt
504 2633 610 2697 effusio
620 2634 776 2715 sanguinis
785 2634 908 2716 physice
916 2641 1056 2698 causetur

78 2727 159 2789 intra
173 2724 347 2802 ecclesiam,
362 2723 444 2785 unde
455 2743 516 2786 non
530 2724 657 2785 violatur
667 2722 793 2784 ecclesia
807 2724 832 2784 si
847 2723 916 2804 quis
927 2732 1010 2786 entra
1024 2726 1057 2786 il·

79 2815 152 2890 lam,
162 2813 209 2876 vel
224 2813 255 2875 in
265 2813 488 2895 porticu,turri,
500 2819 551 2874 aut
561 2811 666 2874 subtus
676 2811 1054 2894 inspelunctt¹percussus,

81 2905 176 2986 lugiet
198 2903 229 2964 in
249 2901 427 2980 ecclesiam,
446 2901 548 2982 ibique
567 2901 747 2982 sanguinem
766 2900 899 2963 effundat
922 2903 1053 2986 copiose.

83 2993 433 3069 sensumsensurn,
449 2990 473 3052 si
488 3007 649 3071 percussus
662 2990 695 3051 iu
714 2989 851 3069 ecclesie,
875 2997 958 3054 extra
973 2993 1054 3056 illam

82 3081 216 3161 primirm
241 3079 346 3141 tundat
368 3080 548 3160 sanguinem
571 3080 747 3161 copiosum,
772 3081 842 3163 quia
862 3081 894 3143 in
909 3081 966 3144 boo
985 3101 1056 3148 casu

82 3186 174 3230 cause
187 3165 343 3230 effusionis
357 3168 491 3230 ecclesie
505 3169 651 3247 inJ'uriosa
665 3169 696 3230 in
710 3171 746 3232 ed
760 3171 882 3251 ponitur
902 3190 910 3233 ε
932 3173 1058 3236 ecclesia

82 3258 165 3319 enim
180 3256 324 3338 polluitur
336 3275 398 3318 non
413 3257 534 3338 proprie
549 3275 602 3339 per
616 3257 795 3321 effusionem
816 3261 982 3342 sanguinis,
1004 3261 1056 3324 sed

82 3363 136 3429 per
152 3345 269 3409 crimen
284 3345 366 3407 illam
380 3345 560 3408 effusionem
573 3365 711 3425 causans,
727 3347 818 3412 modo
832 3350 965 3412 ecclesiae
980 3351 1058 3430 inju-

112 3497 120 3527 ¹
135 3493 163 3546 Si
175 3499 259 3544 tamen
272 3498 354 3559 crypta
375 3498 441 3545 esset
456 3493 614 3560 singulariter
630 3494 774 3560 benedicta,
787 3503 831 3548 eut
849 3495 998 3548 0000010000
1014 3509 1058 3547 00-

82 3564 197 3629 nurture,
210 3563 302 3617 0101010
314 3565 457 3618 mactilda
468 3563 495 3617 S.
506 3565 606 3631 Lignor.
618 3565 673 3628 (1110.
685 3567 710 3632 ti,
722 3578 752 3617 n·
763 3565 831 3630 ³62.)
