2474 3946
393 118 477 165 arum
498 118 655 164 sucnuous.
959 101 1019 164 ain

81 223 159 282 ltem
174 221 300 298 magor.
316 219 383 278 xvl
397 216 428 278 in
439 214 664 296 sutEncyclica
676 214 750 276 anni
761 217 838 278 l832
851 213 911 276 ait:
932 215 1020 279 ultie-

47 331 59 368 ι
84 325 188 370 mores
202 307 296 369 sacris
309 303 383 367 illud
405 304 654 382 (matrimonium)
670 303 760 366 rebus
779 303 971 366 adnumerari
992 310 1023 368 ct

48 421 60 457 r
84 396 231 460 Ecclesiae
245 393 372 476 proinde
393 393 518 472 subjici,
537 392 717 474 praestitutas
736 391 775 455 de
797 392 862 475 ipso
884 393 1022 470 ejusdem

48 509 62 544 l
86 484 232 548 Ecclesiae
246 483 328 564 leges
340 481 472 544 habeant
484 482 524 544 ab
541 481 656 558 oculos,
672 479 770 562 iisque
783 489 908 562 pareant
921 484 1023 546 sancte

1 569 2 622 l
50 598 64 632 s
87 573 303 653 accurateque,
313 589 351 634 ex
364 589 493 654 quarum
510 571 685 634 executione
699 569 815 630 omnino
825 569 931 651 pendet
943 573 1023 651 eins-

52 685 66 721 »
88 661 160 724 dem
174 658 321 724 connubii
334 661 397 736 vis,
412 660 525 736 robur,
547 677 583 722 ac
596 660 676 738 justa
689 658 882 720 consociatio.
898 681 914 718 r
931 661 1027 723 Porro

53 751 82 812 in
95 750 248 813 sententia
261 748 519 824 adversariorum,
534 748 589 822 ais,
605 746 697 809 robur
709 747 896 808 matrimonii
905 747 943 809 ab
956 767 1026 810 exe-

53 840 174 901 cutione
191 837 296 919 legnm
309 837 450 902 Ecclesiae
463 855 526 900 non
540 836 685 918 penderet
698 835 814 897 omnino
822 851 837 912 ;
853 835 1002 918 siqnidem
1019 883 1027 914 ,

1 955 2 1002 t
53 926 177 990 serratis
190 927 333 990 Ecclesiae
353 925 487 1007 legibus,
508 926 602 989 robur
622 943 684 988 non
706 925 855 988 obtineret
875 926 1030 987 matrimo-

1 1015 2 1026 ’
53 1017 162 1094 nium,
176 1021 301 1098 propter
321 1015 554 1097 repugnantiam
574 1015 676 1096 legum
696 1014 829 1078 civilium
843 1014 944 1098 ipsum
964 1014 1031 1076 irri-

53 1108 208 1168 lamium:
223 1123 308 1185 ergo,
322 1111 381 1167 etc.

95 1195 153 1256 llis
170 1191 281 1256 addere
301 1192 424 1256 tandem
442 1192 590 1256 debemus
608 1212 677 1274 qum
691 1196 722 1256 S.
740 1193 877 1256 Pontifex
893 1193 964 1256 Pius
976 1195 1030 1266 lx,

55 1283 159 1344 aiebat
178 1282 209 1343 in
228 1281 417 1344 Allooutionc
430 1287 469 1344 2⁸1
491 1291 566 1364 sept.
584 1286 677 1357 1852,
693 1282 763 1361 ubi,
778 1289 846 1364 post
859 1283 1034 1364 reprobatos

55 1371 244 1452 Reipublicae
278 1371 549 1434 Neo-Granatensis
580 1389 719 1433 excessus
759 1380 863 1434 contra
893 1371 1034 1434 Ecclesiae

54 1461 145 1540 jura,
161 1458 331 1536 concludit,
350 1481 366 1520 a
381 1459 504 1522 Omnino
515 1467 645 1541 spectare
658 1459 697 1522 od
708 1460 851 1522 Ecclesiae
863 1467 1035 1542 potestatem

0 1608 2 1613 ,
58 1573 73 1610 u
99 1567 137 1610 ea
151 1549 254 1610 omnia
267 1547 429 1610 decernere
449 1566 518 1630 quae
531 1547 570 1610 ad
582 1548 808 1612 matrimonium
822 1550 929 1630 quavis
946 1548 1037 1610 modo

59 1660 76 1697 s
100 1643 232 1718 possunt
245 1636 404 1718 pertinere.
419 1659 436 1698 n

102 1729 179 1788 ltom
202 1725 234 1786 in
258 1725 390 1807 Epistola
412 1725 451 1789 ad
468 1728 584 1802 Regem
607 1725 772 1802 Sardiniae,
788 1730 827 1790 tt]
848 1730 924 1806 sept.
949 1729 1037 1800 lasa,

64 1815 136 1876 Pius
158 1816 197 1876 lX
226 1820 271 1876 sat
298 1814 465 1878 luculenter
487 1813 617 1876 affirmat
644 1819 820 1896 potestatem
846 1813 965 1876 civilem
990 1814 1041 1894 ius

63 1903 175 1965 habere
198 1901 237 1964 de
257 1902 329 1964 solis
346 1902 501 1965 effectibus
519 1902 656 1966 civilibus
673 1902 856 1965 Matrimonii
877 1901 1038 1979 statuendi,

64 1999 96 2056 et
116 1991 155 2054 ad
178 1991 344 2053 Ecclesiam
366 1991 517 2073 pertinere
543 2009 611 2074 quae
638 1991 677 2053 ad
703 1991 883 2054 validitatem
908 1989 1040 2072 conjugii

5 2082 15 2185 j
65 2087 214 2162 spectant.
231 2079 308 2142 Vide
323 2080 476 2158 Cernere,
494 2079 701 2162 Cornpmdt'am
714 2079 749 2142 de
763 2081 867 2152 Matr„
886 2093 920 2142 n⁰
933 2083 1003 2144 302.

8 2202 12 2212 ν
106 2169 227 2232 Probat.
244 2171 276 2230 3⁰
291 2170 417 2231 Ratione
435 2169 602 2250 theologica
618 2188 626 2230 :
645 2169 788 2253 Princeps
805 2171 957 2234 saecularis
972 2170 1038 2232 nul·

67 2259 126 2320 lam
148 2277 185 2320 ex
208 2276 241 2320 se
262 2257 375 2320 habere
397 2264 493 2339 potest
515 2259 721 2322 auctoritatem
744 2259 775 2321 in
796 2259 980 2341 spiritualia,
1001 2277 1041 2323 nc

66 2347 189 2428 quidem
212 2345 388 2408 indirectam
403 2367 410 2422 ;
427 2347 509 2428 atqui
530 2355 702 2410 contractus
721 2349 923 2426 matrimonii,
938 2355 1041 2430 utpote

67 2437 297 2498 Sacramentum
311 2442 362 2498 aut
376 2435 481 2497 saltem
495 2437 673 2498 sacramenti
688 2437 821 2498 Materia.
836 2445 882 2497 est
895 2455 942 2496 res
954 2436 1041 2516 spiri-

66 2525 174 2600 tualis,
191 2531 225 2588 ut
236 2531 334 2606 palet3
350 2543 423 2604 ergo
436 2523 467 2585 in
482 2525 580 2606 ipsum
595 2524 669 2586 nihil
683 2529 781 2606 potest
794 2523 937 2604 Princeps
951 2541 1041 2584 saecu·

9 2682 14 2701 Ι
67 2613 156 2692 laris,
176 2631 234 2676 nec
248 2613 374 2695 proinde
396 2612 611 2694 impedimenta
633 2617 764 2675 statuere
783 2628 852 2692 quae
870 2609 957 2671 illum
970 2609 1042 2671 diri·

9 2752 14 2761 .
68 2709 154 2764 mant
165 2722 172 2764 :
183 2703 231 2766 vel
246 2703 327 2765 enim
342 2721 390 2764 res
405 2702 444 2763 ita
458 2707 519 2778 est,
533 2703 578 2764 vel
589 2700 724 2763 Ecclesia
737 2697 893 2778 subjicitur
906 2697 1042 2780 potestati

67 2793 226 2874 temporali
248 2793 338 2853 etiam
352 2789 453 2872 quoad
473 2790 653 2852 validitatem
666 2792 938 2864 sacramentorum
954 2785 1043 2868 porro

69 2880 125 2943 tale
139 2899 331 2962 consequens
344 2880 470 2942 omnino
490 2885 534 2940 est
553 2875 771 2956 rejiciendum,
786 2893 880 2956 erga,
898 2882 956 2939 etc.
970 2874 1043 2940 Vide

72 2969 255 3046 llumarelli‚
271 2969 407 3050 Moriope
421 2988 456 3030 en
472 2974 536 3028 tant
548 2986 604 3048 que
617 2965 798 3028 Sacrament.

106 3063 199 3122 slas.
216 3058 384 3140 Propositio
405 3064 505 3119 nostra
519 3057 560 3118 ita
581 3061 662 3118 certa
679 3055 829 3137 plerisque
847 3055 993 3139 theologis
1014 3061 1042 3121 et

72 3147 233 3208 canonistis
255 3149 317 3208 uisa
336 3145 408 3222 luit,
422 3151 456 3207 ut
478 3145 605 3226 ipsemet
626 3145 835 3227 Van-Espen‚
851 3145 883 3208 in
902 3146 958 3209 hac
978 3165 1040 3210 ma-

71 3237 142 3298 teria
167 3235 296 3298 minime
322 3242 494 3316 suspectus,
523 3240 658 3298 asserat:
684 3255 699 3294 a
726 3236 866 3298 Unanimi
893 3255 1041 3302 consensu

70 3345 83 3382 a
107 3333 265 3406 receptum
276 3331 322 3386 est
330 3341 435 3386 causas
444 3331 699 3386 sacramentomrn
713 3341 778 3387 esse
792 3327 874 3388 mere
887 3326 1041 3388 ecclesias·

69 3435 83 3472 ι
107 3415 194 3490 tices,
205 3431 317 3494 easque
328 3415 475 3494 quantum
486 3413 726 3476 adsutostantiam
738 3429 843 3476 eorum
853 3413 891 3474 ad
903 3413 1040 3475 iudicem

69 3523 83 3562 r
107 3503 347 3567 ecclesiasticum
361 3501 498 3584 privatim
518 3509 671 3584 spectare,
685 3501 820 3584 nihilque
839 3501 917 3564 circa
935 3515 1039 3562 eorum
