2498 3966
199 215 258 278 rto
422 234 559 282 utuotrs
574 234 680 282 rorum
700 233 783 282 ruera
804 234 956 284 cruenter.

199 361 393 412 sacramento
420 351 672 430 disjungentem
697 369 772 413 sane
801 351 946 425 oonsilio,
963 357 1010 424 ut,
1036 349 1176 412 Ecclesia

199 439 362 501 reservatis
376 440 561 502 sacramenti
577 441 764 514 rationibus,
778 448 977 502 contractum
991 440 1122 501 tradant
1149 440 1175 499 in

199 535 382 610 potestatem
393 527 624 609 arbitriumque
637 527 819 609 principum
834 528 980 590 civitatis.
997 529 1175 590 -Etenim

199 634 261 679 non
277 625 377 698 potest
392 616 576 696 hujusmodi
591 617 765 692 distinctio,
789 635 845 678 seu
869 617 974 679 verius
1000 617 1174 690 distractio,

199 703 341 788 probari3
358 723 431 768 cum
450 705 649 788 exploratum
665 707 703 767 sit
726 706 758 767 in
774 705 980 768 matrimonio
1005 705 1177 770 christiano

198 803 395 858 contractum
411 813 428 857 a
443 804 641 858 sacramento
653 813 715 858 noo
732 813 801 858 esse
814 795 1071 870 dissociabilem:
1088 805 1178 875 atque

198 884 269 948 ideo
284 901 348 948 nou
365 903 454 967 posse
468 893 666 950 contractum
682 902 792 947 verum
807 893 838 948 et
853 883 1031 965 legitimum
1060 887 1177 948 consis-

199 982 275 1050 tere,
304 975 382 1056 quio
410 975 449 1037 sit
484 993 522 1038 eo
556 975 626 1056 ipso
652 980 898 1038 sacramentum.
924 971 1005 1036 Nam
1037 975 1177 1038 Christos

200 1063 352 1127 Dominus
378 1063 530 1146 dignitate
557 1063 748 1126 sacramenti
776 1064 864 1126 auxit
900 1065 1142 1128 matrimonium
1164 1085 1174 1140 ;

201 1154 437 1216 matrimonium
468 1163 572 1216 autem
598 1167 644 1216 est
671 1153 739 1235 ipse
754 1159 949 1228 contractus,
969 1154 995 1217 si
1019 1156 1116 1217 modo
1141 1156 1176 1215 sit

201 1243 301 1304 laotos
310 1243 393 1322 iure.
411 1277 446 1290 -
463 1243 672 1318 llueaccedit‚
686 1243 771 1324 quod
782 1241 824 1306 ob
840 1242 923 1304 hanc
933 1261 1064 1306 cansam
1078 1245 1177 1304 matri

200 1335 344 1394 monium
360 1339 406 1394 est
427 1342 673 1410 sacramentum,
688 1333 764 1414 quia
788 1341 836 1395 est
860 1350 987 1396 sacrum
1009 1333 1136 1413 signum
1150 1343 1175 1392 et

200 1421 342 1482 alliciens
363 1423 507 1500 gratiam,
544 1429 574 1485 et
601 1421 771 1500 imaginem
798 1418 937 1483 reterens
975 1423 1174 1502 mysticarum

201 1509 384 1590 nuptiarum
400 1509 515 1572 Christi
532 1529 604 1574 cum
625 1511 771 1574 Ecclesia.
797 1509 930 1572 letarum
947 1517 1054 1572 autem
1081 1509 1175 1574 forma

201 1619 237 1660 ac
253 1601 351 1680 ligura
363 1599 497 1682 illoipso
517 1599 705 1680 exprimitur
720 1617 851 1662 summae
861 1598 1095 1678 conjunctionis
1111 1601 1174 1660 rin·

200 1689 285 1762 culo,
302 1707 366 1770 quo
388 1691 434 1752 vir
454 1697 485 1751 et
500 1689 615 1750 mulier
641 1689 723 1751 inter
750 1707 783 1750 se
796 1689 1000 1766 colligantur,
1029 1689 1175 1769 quodque

202 1779 286 1840 aliud
306 1777 638 1859 nihilest‚nisiipsum
652 1776 903 1838 matrimonium.
918 1775 1171 1859 ltaqueapparet,
1227 1801 1228 1818 .

201 1886 296 1929 otone
308 1868 388 1929 inter
404 1867 593 1929 christianos
604 1867 726 1944 justum
743 1864 927 1943 conjugium
941 1865 973 1926 in
989 1883 1023 1926 se
1037 1877 1067 1927 et
1080 1885 1134 1947 per
1146 1884 1174 1926 ss

202 1977 269 2019 csse
285 1965 536 2019 sacramentum:
554 1953 699 2035 nihilque
715 1955 815 2033 magis
823 1953 995 2016 abhorrere
1010 1957 1170 2024 aroritote,

202 2063 300 2126 (ruam
328 2063 397 2109 esse
424 2053 656 2108 sacramentum
672 2044 768 2106 decus
793 2043 954 2124 quoddam
981 2042 1169 2122 adjunctum.

203 2145 259 2197 out
272 2136 493 2216 proprietatem
509 2133 662 2215 allapsam
678 2131 887 2206 extrinsecus,
902 2149 1004 2212 quaea
1018 2145 1167 2196 contractu

202 2223 342 2301 disjungi
356 2241 392 2284 ac
404 2223 558 2302 disparari
570 2222 739 2285 homiuum
755 2220 910 2284 arbitratu
924 2230 1032 2301 queat.
1050 2255 1085 2268 -
1098 2220 1165 2294 Oua·

205 2320 333 2394 propter
347 2329 406 2374 neo
427 2313 550 2376 ratione
565 2311 713 2388 efficitur,
733 2327 791 2373 neo
818 2317 895 2372 teste
917 2318 1095 2391 temporum
1111 2311 1159 2369 lis
1226 2345 1227 2366 t

204 2401 282 2464 toria
298 2399 523 2482 comprobatur
537 2407 722 2483 potestatem
739 2399 770 2462 in
784 2399 988 2461 matrimonia
998 2399 1161 2462 christiano·
1226 2369 1227 2431 l

204 2509 275 2554 rom
291 2490 331 2554 ad
347 2490 506 2573 principes
522 2487 704 2570 reipublice
720 2489 869 2566 essejure
883 2487 1076 2550 traductam.
1092 2485 1166 2560 uuor

205 2579 231 2642 si
250 2581 309 2643 hac
323 2581 357 2642 iu
378 2597 411 2642 re
426 2579 566 2641 alienum
593 2577 745 2641 violatum
761 2579 813 2654 ius
837 2585 896 2652 est,
924 2594 1020 2640 nemo
1045 2573 1170 2659 prolecto

204 2670 317 2732 dixerit
331 2687 398 2732 esse
413 2669 453 2730 ab
468 2667 607 2730 Ecclesia
622 2665 788 2730 violatum.

245 2758 370 2820 Utinam
393 2775 468 2820 vero
492 2757 750 2819 naturalistarum
768 2753 909 2830 oracula,
925 2761 961 2816 ut
987 2763 1064 2818 sunt
1089 2755 1173 2836 plena

208 2847 350 2910 lalsitatls
365 2854 395 2910 et
410 2847 583 2928 injustitiae,
601 2847 643 2907 ita
659 2863 722 2908 non
734 2845 830 2907 etiam
848 2853 953 2907 essent
965 2841 1114 2906 foecunda
1127 2843 1174 2906 de·

206 2939 428 2998 trimeotorum
443 2945 474 2997 et
489 2935 720 2998 calamitatum.
753 2932 811 2995 Sed
828 2931 921 2995 laoile
945 2939 990 2994 est
1019 2933 1176 3014 pervidere

205 3033 358 3104 quantam
388 3023 551 3105 profanata
586 3023 732 3102 conjugia
777 3021 949 3104 perniciem
981 3021 1175 3095 attuleriot;

206 3121 359 3194 quantam
374 3111 507 3176 allatura
521 3115 584 3174 sint
600 3115 753 3175 universae
769 3112 934 3173 hominum
948 3111 1173 3174 communitati.
1224 3173 1225 3178 ,

207 3201 555 3281 -Principioquidem
571 3200 623 3263 lex
645 3210 692 3262 est
713 3201 834 3281 provisa
864 3197 1016 3261 diuinitus
1052 3211 1088 3261 ut
1113 3217 1175 3280 que

207 3291 270 3351 Deo
285 3297 437 3350 etnatnra
451 3289 633 3352 atrctoribus
655 3291 797 3352 instituta
825 3296 911 3360 sunt,
939 3304 976 3350 ea
1004 3286 1094 3350 tantd
1113 3291 1175 3368 plus

207 3378 296 3438 utilia
311 3394 348 3437 ac
356 3377 502 3438 salutaria
514 3379 725 3458 experiamur,
739 3375 857 3454 cruento
868 3379 967 3458 magis
981 3383 1064 3437 statu
1079 3377 1175 3439 nativo

207 3471 337 3524 manent
362 3465 483 3540 integra
498 3475 592 3545 atquc
611 3465 902 3540 incommutabilia;
920 3463 1174 3546 quandoquidem

205 3556 386 3627 procreator
400 3567 505 3612 rerum
519 3553 665 3616 omnium
675 3555 756 3616 Deus
773 3557 870 3636 probe
885 3551 1062 3632 novitquld
1075 3553 1172 3630 singu·
