2474 3946
393 243 477 295 trouu
499 241 657 296 teourtoos.
952 227 1013 295 253

66 359 114 404 oon
130 349 221 424 posset
235 343 279 406 vir
299 341 361 406 tieri
380 343 556 424 religiosus,
571 339 773 422 relinquendo
789 359 932 422 sponsam
946 360 1016 424 quae

65 431 95 492 ob
103 433 244 495 infamiam
259 433 399 514 nequiret
407 431 499 494 atium
510 431 651 493 maritum
666 430 810 493 invenire.
822 431 866 510 (S.
877 431 1014 512 Lignum,

66 516 287 598 mmmmm

95 612 173 670 tter.
193 608 418 671 Observandum
432 615 477 672 est
487 627 543 690 pro
557 607 651 670 ortua
664 605 767 688 quod,
782 609 854 671 cirm
869 609 886 670 1
899 608 1018 690 tegibus

66 694 178 758 ciritibus
191 715 253 759 non
274 704 453 777 agnoscatur
474 696 523 759 hio
542 695 652 758 modus
669 696 896 758 matrimonium
909 696 1018 760 dissot-

66 783 150 858 reodi,
172 785 292 846 nonnisi
312 784 486 847 difficillime
509 803 546 847 eo
566 785 609 847 uti
629 790 754 866 possent
773 785 918 864 conjuges
938 784 1019 865 apud

66 887 124 932 ros:
136 872 213 934 uode
232 872 257 934 si
276 889 363 936 casus
382 879 539 948 occurrat,
557 871 596 934 ad
614 873 800 954 Episcopum
813 879 911 935 totum
929 890 1020 954 nego

68 959 123 1020 tium
135 967 177 1022 est
188 960 398 1025 deferendum.
415 961 491 1023 Vide
500 979 591 1042 supra
605 959 717 1038 (8603).

95 1052 173 1112 uta.
202 1049 324 1122 Quaerit.
352 1053 398 1111 tn
425 1051 507 1131 Papa
533 1049 628 1130 possit
650 1049 766 1114 solvere
790 1048 1020 1114 matrimonium

65 1140 144 1198 ratum
155 1147 183 1200 et
197 1139 542 1218 non-consummatum?

94 1226 173 1307 Hesp
194 1227 355 1308 Duplice'm
375 1227 414 1289 de
433 1227 492 1290 hoo
511 1245 576 1290 essa
597 1228 844 1303 sententiam;'et
856 1227 1020 1309 probantis
1051 1271 1055 1278 -

65 1317 307 1395 utraque-vocatur
319 1318 338 1377 a
351 1317 382 1378 S.
397 1317 517 1397 Lignor.
533 1317 596 1394 (tib.
612 1321 642 1388 6,
656 1326 688 1380 n⁰
703 1315 1018 1398 ttdttttPr'r'monrgat,
1058 1346 1063 1352 ·
1092 1317 1100 1324 '

27 1479 30 1490 ,
65 1401 120 1479 quia
144 1403 349 1470 romasotubita
377 1411 422 1466 est
445 1405 513 1482 jure
545 1405 646 1466 divino
673 1405 1019 1467 matrimonium'etiam
1060 1415 1064 1422 '
1100 1415 1104 1420 '

27 1537 29 1570 r
65 1489 255 1568 ritum‚·etS'.
276 1491 415 1554 Pontifex
438 1493 544 1572 nequit
564 1492 740 1572 dispensare
763 1492 793 1552 in
816 1494 883 1570 jnre
903 1492 1017 1555 divino.
1057 1499 1077 1506 ““
1108 1497 1116 1508 “

27 1589 29 1642 Γ
64 1573 176 1641 Secundo
193 1580 344 1658 affirmat,
364 1580 434 1661 quia
447 1581 560 1662 pturies
571 1579 628 1642 hac
645 1585 790 1661 potestate
813 1581 860 1642 usi
874 1590 950 1642 sunt
964 1583 1018 1654 88.

65 1663 220 1746 Pontifices,
235 1677 270 1732 ut
284 1667 384 1730 videre
398 1677 442 1730 est
455 1667 535 1749 apud
553 1668 665 1730 Bened.
681 1670 747 1730 xtv
762 1671 803 1748 (q.
819 1671 890 1744 516,
902 1679 936 1728 n⁰
949 1673 1020 1748 36),

65 1753 105 1830 qui
124 1759 223 1819 asserit
235 1757 297 1822 hoe
310 1756 413 1819 haberi
430 1756 520 1818 hodie
534 1763 568 1818 ut
586 1763 728 1818 certum:
749 1763 779 1817 et
798 1756 875 1818 ratio
894 1763 938 1818 est
951 1757 1022 1836 quia

66 1839 88 1900 S.
97 1845 234 1924 Pontifex,
249 1853 396 1926 tanquam
407 1845 668 1921 ChristiVicarius,
679 1851 776 1924 potest
785 1861 821 1905 ex
828 1845 908 1922 justa
918 1847 1020 1922 causa,

65 1925 236 2013 iratiquibus
249 1941 413 2016 quaeactus
423 1933 572 1995 humanos
585 1937 790 2007 concernunt,
802 1931 976 2012 dispensare
991 1932 1022 1995 in

64 2016 117 2090 jure
134 2021 249 2096 divino,
275 2040 304 2083 v.
326 2041 357 2102 g.
380 2023 411 2084 in
431 2027 520 2098 toto;
543 2039 634 2084 causa
654 2027 755 2082 autem
774 2021 855 2098 iusta
878 2027 956 2082 esset
976 2022 1022 2084 vel

65 2103 221 2187 impotentia
244 2111 482 2191 superveniens,
501 2117 553 2172 aut
573 2109 748 2172 scandatum
771 2107 951 2188 imminens,
976 2109 1022 2173 rel

65 2195 182 2262 eterititas
194 2199 328 2262 denovo
341 2199 479 2279 cognita,
495 2197 618 2278 quando
632 2199 799 2261 necessaria
813 2203 857 2260 est
871 2199 969 2280 proles
983 2199 1022 2261 ad

66 2279 161 2349 bonum
175 2288 353 2369 publicum;
369 2288 435 2349 atiae
448 2305 545 2349 causae
559 2287 742 2363 afferuntur,
758 2287 811 2349 sed
826 2305 887 2348 non
902 2287 940 2349 ab
954 2306 1021 2349 om-

66 2369 139 2436 nibus
152 2377 362 2440 admittuntur.
380 2375 453 2437 Vide
468 2376 499 2437 S.
510 2375 632 2457 Liguor.
649 2375 757 2455 (ibid.);
774 2375 907 2437 Carriere
921 2375 1019 2453 (ibid,

65 2459 203 2542 388389).
220 2465 327 2526 Plures
340 2481 428 2528 casus
442 2464 473 2526 in
493 2465 603 2545 quibus
616 2482 758 2527 concessa
772 2463 827 2524 tuit
839 2462 1022 2542 dispensatio

65 2547 141 2612 videri
155 2559 284 2634 possunt
295 2552 377 2634 apud
386 2553 539 2629 Analecta,
548 2553 646 2633 juillet
659 2559 689 2615 et
698 2555 769 2613 aotrt
778 2553 865 2622 1858,
877 2551 935 2610 cot.
952 2555 1022 2614 338·

64 2636 127 2715 tu,
140 2641 298 2721 etjanvier
322 2643 418 2718 1851,
433 2641 491 2704 661.
507 2646 577 2719 698,
589 2644 647 2703 ’183
664 2659 672 2701 :
696 2637 839 2718 ‹Depuia
861 2637 969 2698 Martin
983 2639 1020 2713 V,

63 2741 75 2778 t
95 2729 374 2792 senseraminerles
387 2730 492 2793 sidetes
506 2729 703 2812 pre'ce'dents,
717 2725 884 2805 jusqu'itN.
901 2725 933 2784 S.
944 2724 979 2783 P.
996 2722 1023 2785 le

63 2831 75 2866 a
95 2813 167 2899 Pape
180 2819 236 2880 Pia
250 2820 300 2892 lx,
317 2825 384 2880 tous
398 2812 441 2880 ies
452 2817 585 2880 Pontiies
598 2813 769 2877 romaius...
785 2819 838 2872 ont
851 2809 952 2872 donne
965 2809 1024 2872 dis-

65 2919 76 2956 t
96 2907 230 2983 pensede
240 2907 373 2988 mariage
383 2905 660 2971 nonconsomme'.n
672 2899 838 2979 (Analecta,
850 2917 918 2962 nov.
931 2902 1020 2980 1855,

65 2992 111 3051 661.
127 2997 225 3075 1815).

96 3093 178 3156 ttae.
190 3127 232 3141 -
245 3095 283 3158 11.
298 3094 344 3158 De
356 3092 543 3156 dissolutione
555 3090 741 3154 matrimonii
753 3089 849 3172 quood
862 3090 978 3153 tiromm
992 3097 1023 3152 et

66 3173 272 3244 intitutionem.
299 3216 340 3230 -
362 3183 549 3264 Regulariter
569 3180 658 3243 simul
681 3182 825 3262 conjuges
852 3179 1022 3242 cohabitare

66 3260 180 3345 dotent,
195 3279 225 3334 et
234 3271 292 3334 hoc
301 3271 425 3353 quidem
435 3289 471 3333 ox
482 3271 608 3351 ipstmet
618 3269 802 3331 matrimonii
816 3269 1018 3332 institutione:

69 3371 81 3408 t
97 3353 216 3440 Propter
228 3359 309 3437 hoc,
325 3361 423 3442 inquit
435 3357 587 3434 Christus,
603 3357 732 3419 dimittet
749 3356 840 3419 homo
862 3367 976 3440 patrem
991 3363 1021 3419 et

67 3457 78 3494 t
97 3455 219 3510 matrem
233 3448 437 3512 etadhaerebit
450 3447 536 3510 uxori
551 3465 638 3508 suae»
656 3446 695 3525 (S.
709 3445 826 3523 matth,
841 3463 869 3507 6.
881 3449 967 3526 tom.
976 3447 1019 3521 5).

69 3528 130 3595 tide
143 3538 231 3598 etiarn
247 3537 388 3600 Codicum
402 3537 519 3599 civitem
533 3583 540 3608 ,
555 3541 610 3598 art.
625 3539 695 3596 att.

97 3622 221 3688 Tenetur
235 3633 337 3688 autem
352 3643 427 3688 uxor
440 3623 525 3705 sequi
538 3623 635 3685 virum
649 3622 765 3686 etiamsi
786 3627 881 3685 mutet
894 3613 1020 3682 domici-

173 3743 202 3789 τ.
218 3745 264 3790 ur.
527 3739 533 3746 '
903 3721 923 3777 8
