2474 3946
190 210 249 273 330
415 225 554 274 nauuncr
572 227 673 274 nonus
693 227 775 274 tonis
796 225 945 274 aaronica.

190 347 251 391 non
266 334 378 411 posset,
399 329 487 390 caute
497 335 574 390 esset
588 328 752 410 agendum,
762 327 898 410 nihilque
908 324 1155 391 laciendumessel

191 418 361 480 inconsulto
375 416 544 492 Ordinario,
561 419 632 499 quia
647 419 713 480 licet
729 417 956 480 matrimonium
971 418 1046 479 toret
1058 415 1152 478 iurati·
1214 411 1215 468 ἶ

190 507 285 584 dum,
309 507 401 570 satius
424 513 501 567 esset
523 507 686 589 aliquando
706 508 878 589 relinquere
899 505 1104 568 contrahentes
1125 504 1153 564 in

193 595 272 657 bona
286 594 345 659 lide
357 643 366 674 ,
380 597 418 658 eb
436 596 531 678 magis
544 595 626 678 qubd
641 615 703 658 non
724 601 842 659 constet
855 595 977 658 illorum
990 593 1152 675 conjugium

192 702 258 747 esse
271 683 447 747 invalidum.

232 775 323 836 4351.
339 775 461 848 Quaerit.
476 778 505 836 l¹¹
520 775 621 848 Qualis
634 775 794 857 prasentia
803 773 927 858 parochi
941 769 1121 856 requiratur?

234 863 325 946 Resp.
340 864 462 947 Requiri
478 863 557 927 illius
575 865 785 947 praesentiam,
804 881 865 926 non
878 871 1026 946 tanquam
1043 858 1157 923 llinistri

195 953 401 1033 sacramenti,
426 952 478 1016 sad
501 959 646 1035 tanquam
670 953 752 1016 testis
775 952 950 1035 principalis
972 951 1011 1014 ab
1036 949 1160 1012 Ecclesia

195 1041 344 1124 deputati,
360 1062 432 1120 seu,
447 1049 481 1104 ut
495 1042 627 1124 loquitur
640 1041 821 1128 Benedictus
833 1043 899 1104 xlv
911 1089 919 1120 ,
930 1049 1075 1124 tanquam
1086 1039 1163 1100 testis

196 1133 394 1194 autorisabilis
410 1150 464 1212 pro
483 1133 615 1194 Baetasii
631 1151 685 1214 per
698 1150 789 1214 quem
807 1131 862 1213 ipsi
881 1148 993 1212 nempe
1008 1135 1120 1192 constet
1130 1128 1165 1189 de

197 1219 666 1304 initomatrimonio(DcSynodo,
678 1221 728 1282 lib.
741 1223 790 1288 ta,
801 1239 868 1302 cap.
880 1224 932 1291 23,
942 1217 1168 1297 milit—[nde

197 1309 233 1370 ad
247 1309 427 1370 validitatem
438 1309 622 1372 matrimonii
634 1311 759 1372 minime
769 1309 1024 1372 estnecessarium
1034 1314 1066 1370 ut
1079 1308 1169 1369 bane·

196 1396 287 1458 dictio
311 1398 452 1478 nuptialis
479 1397 689 1480 impendatur,
705 1417 762 1462 nec
783 1398 947 1481 requiritur
969 1403 1004 1462 ut
1025 1396 1171 1480 parochus

198 1485 276 1548 dicat
289 1505 296 1547 :
311 1485 378 1569 Epo
391 1487 535 1569 conjanqo
548 1507 614 1559 cos,
632 1498 690 1551 etc.

237 1579 327 1638 ⁴352.
344 1579 410 1638 Non
429 1575 535 1639 suflicit
559 1579 719 1659 praesentia
734 1577 877 1660 physico,
895 1577 948 1640 sed
969 1575 1133 1659 requiritur
1146 1583 1173 1640 el
1215 1567 1216 1582 ¹

198 1663 307 1728 suttioit
319 1666 478 1748 praesentia
491 1667 624 1744 naorob's,
640 1667 737 1748 qualis
752 1685 862 1749 nempe
877 1667 1045 1730 necessaria
1060 1674 1104 1728 est
1120 1685 1174 1748 pro

199 1753 323 1818 ferendo
345 1755 539 1836 testimonio,
561 1757 614 1820 etsi
638 1757 786 1839 parochus
808 1775 869 1820 non
894 1757 1066 1837 interponat
1088 1775 1174 1819 suam

199 1846 421 1922 auctoritatem,
437 1863 494 1908 nec
509 1845 598 1909 luerit
612 1849 808 1928 praemonitus
822 1851 874 1908 aut
887 1846 1028 1928 expresse
1042 1854 1172 1922 vocatus

199 1933 262 1994 imb
279 1937 333 1996 etsi
348 1934 437 1996 luerit
450 1944 572 1998 coactus
592 1941 644 1998 aut
657 1954 710 2016 per
730 1933 835 1996 dolum
856 1933 1020 2010 adductus;
1037 1934 1081 1996 sic
1093 1937 1174 1996 enim

198 2019 334 2082 decisum
344 2023 360 2083 h
372 2023 462 2085 Sacra
475 2025 713 2105 Congregatione
727 2023 850 2086 Concilii
861 2022 1015 2085 referturai
1029 2023 1174 2091 Zamboni

199 2110 239 2186 (v⁰
252 2109 489 2186 Matrimonium,
504 2112 522 2190 ξ
537 2115 584 2188 lu,
601 2123 634 2172 n⁰
648 2117 682 2188 9,
699 2115 789 2190 etc.):
810 2134 825 2170 u
840 2112 967 2184 1.ουὸά
982 2114 1005 2176 si
1022 2112 1134 2176 invitus
1148 2122 1175 2176 et

198 2217 214 2254 o
239 2197 413 2277 compulsus
427 2217 480 2279 per
494 2200 554 2260 vim
572 2199 648 2260 adsit
669 2201 828 2280 sacerdos,
844 2201 1033 2283 precedente
1048 2202 1093 2264 vel
1114 2221 1174 2266 non

198 2284 427 2366 »praeinedente
449 2285 528 2349 dicta
556 2287 775 2369 prohibitione,
797 2289 842 2352 vel
868 2291 917 2352 tali
948 2289 1172 2372 interdictione,

198 2396 214 2434 n
239 2379 340 2436 utrum
362 2375 420 2436 tale
441 2377 669 2439 matrimonium
690 2377 851 2441 subsistat?
866 2379 957 2442 Sacra
977 2381 1175 2462 congregatio
1216 2397 1217 2450 l

198 2485 213 2524 n
238 2463 399 2528 subsistere
425 2467 544 2528 censuit
559 2469 581 2526 ¹.
599 2469 681 2528 -2.
707 2469 737 2529 Si
761 2467 900 2530 sacerdos
922 2467 1072 2540 adiuerit,
1101 2470 1174 2532 nibil
1216 2469 1217 2536 ἔ

198 2575 213 2612 o
237 2559 338 2616 tamen
353 2573 459 2618 eorum
475 2573 543 2636 quae
557 2555 723 2637 agebantur
734 2557 806 2618 vidit
821 2575 920 2637 neque
930 2557 1042 2620 audiuit
1054 2579 1061 2619 ε
1074 2563 1174 2622 utrum

199 2666 213 2702 o
238 2643 296 2708 tale
310 2643 537 2708 matrimonium
557 2644 654 2707 valide
675 2645 888 2722 contrahatur,
903 2645 968 2717 uel,
984 2647 1088 2710 elom?
1102 2649 1173 2712 itas·

198 2755 213 2792 n
238 2733 387 2816 pendetur
409 2753 470 2796 non
501 2733 599 2796 valere
622 2735 647 2796 si
671 2735 810 2798 sacerdos
843 2753 904 2797 non
929 2734 1093 2816 intellexit,
1117 2740 1173 2802 nisi

198 2845 213 2880 o
239 2831 339 2884 tamen
354 2823 520 2886 affectasset
539 2841 601 2885 non
617 2822 793 2905 intelligere.
810 2858 850 2869 -
863 2826 893 2886 3.
911 2825 1048 2906 Denique
1062 2827 1086 2888 si
1100 2827 1174 2890 adsit

199 2933 213 2970 u
239 2911 398 2989 canardos,
430 2911 505 2974 dum
526 2912 711 2975 contrahitur
740 2913 989 2990 matrimonium,
1020 2933 1092 2976 cusu
1113 2936 1172 2998 quo

199 3020 213 3060 o
243 3017 303 3060 non
326 3000 463 3080 cogitans
477 3019 509 3062 se
524 3019 590 3064 esse
610 3001 649 3062 ad
663 2999 692 3062 id
708 3009 849 3064 uocatum
862 3049 870 3081 ,
885 3002 938 3064 sed
962 3001 1043 3066 aliud
1062 3023 1170 3084 agens,

200 3109 213 3149 r
238 3087 321 3150 audit
334 3087 410 3150 duos
425 3091 503 3150 inter
522 3107 555 3151 se
574 3090 785 3154 contrahentes
806 3092 1053 3172 matrimonium,
1069 3094 1098 3155 in
1112 3114 1172 3176 quo

199 3174 293 3239 oluit
320 3193 472 3256 praesens,
499 3195 561 3239 non
588 3185 691 3242 umen
718 3181 827 3243 certior
854 3180 972 3260 factus,
1001 3199 1059 3245 nec
1080 3182 1117 3245 ad
1143 3185 1172 3246 id

199 3288 213 3325 o
238 3267 378 3344 expresse
392 3273 531 3342 vocatus,
547 3285 647 3350 neque
657 3269 852 3352 interponens
866 3287 951 3332 suam
967 3272 1172 3338 auctoritatem

199 3377 214 3414 n
239 3354 370 3417 dictouel
379 3354 456 3417 lacto
466 3357 515 3432 (an
525 3363 597 3420 tune
607 3358 643 3419 sit
653 3360 826 3439 ualidum),
849 3359 1171 3440 uelpotiirssitnullum

199 3469 213 3506 n
238 3443 323 3526 quasi
338 3447 504 3508 assistentia
514 3446 717 3510 arrcwritativa
732 3468 785 3530 per
800 3448 967 3510 Concilium
983 3451 1171 3532 requiratur,

230 3573 240 3594 ⁸
257 3559 402 3625 hujusmodi
424 3559 578 3610 matrimonia
595 3568 714 3612 iocantur
730 3563 795 3628 apud
810 3579 856 3616 nos
867 3564 1017 3628 muriopetc‘
1032 3567 1169 3632 levamine·

201 3629 264 3680 aba
275 3629 312 3678 hic
324 3629 379 3680 vida
390 3631 493 3682 Histoire
505 3631 546 3682 dea
556 3631 720 3694 Socrenwnta,
734 3635 783 3696 th,
796 3651 818 3686 c.
830 3635 869 3697 lh,
882 3651 907 3702 p.
920 3635 975 3686 tea.
1052 3690 1060 3699 ,
