<?xml version="1.0" encoding="UTF-8"?>
<!DOCTYPE html PUBLIC "-//W3C//DTD XHTML 1.0 Transitional//EN"
    "http://www.w3.org/TR/xhtml1/DTD/xhtml1-transitional.dtd">
<html xmlns="http://www.w3.org/1999/xhtml" xml:lang="en" lang="en">
 <head>
  <title>
</title>
<meta http-equiv="Content-Type" content="text/html;charset=utf-8" />
  <meta name='ocr-system' content='tesseract 3.04.00' />
  <meta name='ocr-capabilities' content='ocr_page ocr_carea ocr_par ocr_line ocrx_word'/>
</head>
<body>
  <div class='ocr_page' id='page_1' title='image "./manualetotiusju00craigoog_0166.png"; bbox 0 0 2434 3940; ppageno 0'>
   <div class='ocr_carea' id='block_1_1' title="bbox 385 229 1003 291">
    <p class='ocr_par' dir='ltr' id='par_1_1' title="bbox 385 229 1003 291">
     <span class='ocr_line' id='line_1_1' title="bbox 385 229 1003 291; baseline 0.003 -3"><span class='ocrx_word' id='word_1_1' title='bbox 385 241 471 289; x_wconf 81' lang='lat' dir='ltr'><strong>umas</strong></span> <span class='ocrx_word' id='word_1_2' title='bbox 490 243 648 291; x_wconf 84' lang='lat' dir='ltr'><strong>srcuunus.</strong></span> <span class='ocrx_word' id='word_1_3' title='bbox 948 229 1003 290; x_wconf 79' lang='lat'><strong>¹59</strong></span> 
     </span>
    </p>
   </div>
   <div class='ocr_carea' id='block_1_2' title="bbox 53 340 1010 3446">
    <p class='ocr_par' dir='ltr' id='par_1_2' title="bbox 67 340 1005 674">
     <span class='ocr_line' id='line_1_2' title="bbox 69 340 1003 422; baseline 0.011 -25"><span class='ocrx_word' id='word_1_4' title='bbox 69 361 79 397; x_wconf 78' lang='lat' dir='ltr'><strong>r</strong></span> <span class='ocrx_word' id='word_1_5' title='bbox 98 347 120 400; x_wconf 84' lang='lat' dir='ltr'><strong>et</strong></span> <span class='ocrx_word' id='word_1_6' title='bbox 133 340 271 406; x_wconf 81' lang='lat' dir='ltr'>laboribus</span> <span class='ocrx_word' id='word_1_7' title='bbox 282 344 517 422; x_wconf 81' lang='lat' dir='ltr'>exercebantur,</span> <span class='ocrx_word' id='word_1_8' title='bbox 532 345 572 408; x_wconf 88' lang='lat' dir='ltr'><strong>ita</strong></span> <span class='ocrx_word' id='word_1_9' title='bbox 587 351 621 408; x_wconf 92' lang='lat' dir='ltr'><strong>ut</strong></span> <span class='ocrx_word' id='word_1_10' title='bbox 634 344 698 408; x_wconf 85' lang='lat' dir='ltr'><strong>haeo</strong></span> <span class='ocrx_word' id='word_1_11' title='bbox 712 346 797 408; x_wconf 86' lang='lat' dir='ltr'><strong>statio</strong></span> <span class='ocrx_word' id='word_1_12' title='bbox 811 353 1003 408; x_wconf 88' lang='lat' dir='ltr'><strong>antonomas-</strong></span> 
     </span>
     <span class='ocr_line' id='line_1_3' title="bbox 68 429 1004 516; baseline 0.011 -30"><span class='ocrx_word' id='word_1_13' title='bbox 68 451 79 486; x_wconf 80' lang='lat' dir='ltr'><strong>r</strong></span> <span class='ocrx_word' id='word_1_14' title='bbox 98 429 144 490; x_wconf 82' lang='lat' dir='ltr'><strong>ticb</strong></span> <span class='ocrx_word' id='word_1_15' title='bbox 155 439 301 495; x_wconf 83' lang='lat' dir='ltr'><strong>vocaretur</strong></span> <span class='ocrx_word' id='word_1_16' title='bbox 314 432 509 508; x_wconf 79' lang='lat' dir='ltr'><strong>Poena&#39;teotio;</strong></span> <span class='ocrx_word' id='word_1_17' title='bbox 522 433 695 516; x_wconf 83' lang='lat' dir='ltr'><strong>frequentes</strong></span> <span class='ocrx_word' id='word_1_18' title='bbox 713 453 803 516; x_wconf 86' lang='lat' dir='ltr'><strong>super</strong></span> <span class='ocrx_word' id='word_1_19' title='bbox 821 434 877 498; x_wconf 92' lang='lat' dir='ltr'><strong>hos</strong></span> <span class='ocrx_word' id='word_1_20' title='bbox 893 434 1004 496; x_wconf 85' lang='lat' dir='ltr'><strong>iiebant</strong></span> 
     </span>
     <span class='ocr_line' id='line_1_4' title="bbox 67 521 1005 602; baseline 0.011 -26"><span class='ocrx_word' id='word_1_21' title='bbox 67 539 79 575; x_wconf 87' lang='lat' dir='ltr'><strong>r</strong></span> <span class='ocrx_word' id='word_1_22' title='bbox 98 521 189 581; x_wconf 86' lang='lat' dir='ltr'><strong>mantis</strong></span> <span class='ocrx_word' id='word_1_23' title='bbox 199 521 399 602; x_wconf 84' lang='lat' dir='ltr'><strong>impositiones</strong></span> <span class='ocrx_word' id='word_1_24' title='bbox 410 528 439 584; x_wconf 92' lang='lat' dir='ltr'><strong>et</strong></span> <span class='ocrx_word' id='word_1_25' title='bbox 452 522 616 600; x_wconf 88' lang='lat' dir='ltr'><strong>orationes;</strong></span> <span class='ocrx_word' id='word_1_26' title='bbox 632 541 702 586; x_wconf 90' lang='lat' dir='ltr'><strong>cum</strong></span> <span class='ocrx_word' id='word_1_27' title='bbox 712 524 932 586; x_wconf 88' lang='lat' dir='ltr'><strong>catechumenis</strong></span> <span class='ocrx_word' id='word_1_28' title='bbox 945 525 1005 587; x_wconf 82' lang='lat' dir='ltr'><strong>exi·</strong></span> 
     </span>
     <span class='ocr_line' id='line_1_5' title="bbox 67 605 416 674; baseline 0.029 -10"><span class='ocrx_word' id='word_1_29' title='bbox 67 629 78 664; x_wconf 82' lang='lat' dir='ltr'><strong>r</strong></span> <span class='ocrx_word' id='word_1_30' title='bbox 97 605 157 670; x_wconf 88' lang='lat' dir='ltr'><strong>bant</strong></span> <span class='ocrx_word' id='word_1_31' title='bbox 168 609 203 672; x_wconf 84' lang='lat' dir='ltr'><strong>od</strong></span> <span class='ocrx_word' id='word_1_32' title='bbox 216 609 416 674; x_wconf 80' lang='lat' dir='ltr'><strong>offertorium.</strong></span> 
     </span>
    </p>

    <p class='ocr_par' dir='ltr' id='par_1_3' title="bbox 63 697 1006 1051">
     <span class='ocr_line' id='line_1_6' title="bbox 94 697 1004 782; baseline 0.008 -24"><span class='ocrx_word' id='word_1_33' title='bbox 94 697 169 760; x_wconf 76' lang='lat' dir='ltr'><strong>ttbt.</strong></span> <span class='ocrx_word' id='word_1_34' title='bbox 183 719 200 759; x_wconf 76' lang='lat' dir='ltr'><strong>s</strong></span> <span class='ocrx_word' id='word_1_35' title='bbox 217 699 408 764; x_wconf 74' lang='lat' dir='ltr'><strong>consistentes</strong></span> <span class='ocrx_word' id='word_1_36' title='bbox 422 701 539 763; x_wconf 90' lang='lat' dir='ltr'><strong>stabant</strong></span> <span class='ocrx_word' id='word_1_37' title='bbox 555 701 594 764; x_wconf 88' lang='lat' dir='ltr'><strong>ab</strong></span> <span class='ocrx_word' id='word_1_38' title='bbox 608 701 739 765; x_wconf 83' lang='lat' dir='ltr'>ambone</span> <span class='ocrx_word' id='word_1_39' title='bbox 752 719 849 782; x_wconf 87' lang='lat' dir='ltr'><strong>usque</strong></span> <span class='ocrx_word' id='word_1_40' title='bbox 868 702 905 764; x_wconf 92' lang='lat' dir='ltr'><strong>ad</strong></span> <span class='ocrx_word' id='word_1_41' title='bbox 919 721 1004 765; x_wconf 88' lang='lat' dir='ltr'><strong>sanc-</strong></span> 
     </span>
     <span class='ocr_line' id='line_1_7' title="bbox 64 787 1006 872; baseline 0.01 -30"><span class='ocrx_word' id='word_1_42' title='bbox 64 787 222 868; x_wconf 80' lang='lat' dir='ltr'><strong>rtuarium3</strong></span> <span class='ocrx_word' id='word_1_43' title='bbox 247 809 309 852; x_wconf 93' lang='lat' dir='ltr'><strong>non</strong></span> <span class='ocrx_word' id='word_1_44' title='bbox 337 789 567 872; x_wconf 83' lang='lat' dir='ltr'><strong>egrediebantur</strong></span> <span class='ocrx_word' id='word_1_45' title='bbox 589 809 660 853; x_wconf 90' lang='lat' dir='ltr'><strong>cum</strong></span> <span class='ocrx_word' id='word_1_46' title='bbox 687 791 929 866; x_wconf 85' lang='lat' dir='ltr'><strong>catechumenis,</strong></span> <span class='ocrx_word' id='word_1_47' title='bbox 954 791 1006 851; x_wconf 84' lang='lat' dir='ltr'><strong>sed</strong></span> 
     </span>
     <span class='ocr_line' id='line_1_8' title="bbox 63 876 1006 960; baseline 0.004 -24"><span class='ocrx_word' id='word_1_48' title='bbox 63 896 74 931; x_wconf 87' lang='lat' dir='ltr'><strong>r</strong></span> <span class='ocrx_word' id='word_1_49' title='bbox 93 876 215 956; x_wconf 80' lang='lat' dir='ltr'><strong>precibus</strong></span> <span class='ocrx_word' id='word_1_50' title='bbox 228 887 256 942; x_wconf 89' lang='lat' dir='ltr'><strong>et</strong></span> <span class='ocrx_word' id='word_1_51' title='bbox 270 879 425 942; x_wconf 76' lang='lat' dir='ltr'><strong>sacrificiis</strong></span> <span class='ocrx_word' id='word_1_52' title='bbox 438 897 509 942; x_wconf 89' lang='lat' dir='ltr'><strong>cum</strong></span> <span class='ocrx_word' id='word_1_53' title='bbox 523 879 588 942; x_wconf 89' lang='lat' dir='ltr'><strong>aliis</strong></span> <span class='ocrx_word' id='word_1_54' title='bbox 602 879 742 942; x_wconf 79' lang='lat' dir='ltr'><strong>fidelibus</strong></span> <span class='ocrx_word' id='word_1_55' title='bbox 755 879 900 960; x_wconf 85' lang='lat' dir='ltr'><strong>usquead</strong></span> <span class='ocrx_word' id='word_1_56' title='bbox 915 878 1006 940; x_wconf 82' lang='lat' dir='ltr'><strong>tinem</strong></span> 
     </span>
     <span class='ocr_line' id='line_1_9' title="bbox 63 967 936 1051; baseline 0.002 -24"><span class='ocrx_word' id='word_1_57' title='bbox 63 987 74 1020; x_wconf 81' lang='lat' dir='ltr'><strong>r</strong></span> <span class='ocrx_word' id='word_1_58' title='bbox 91 967 267 1047; x_wconf 87' lang='lat' dir='ltr'><strong>assistebant,</strong></span> <span class='ocrx_word' id='word_1_59' title='bbox 283 971 348 1032; x_wconf 84' lang='lat' dir='ltr'><strong>sota</strong></span> <span class='ocrx_word' id='word_1_60' title='bbox 361 968 546 1032; x_wconf 75' lang='lat' dir='ltr'><strong>eucharistiae</strong></span> <span class='ocrx_word' id='word_1_61' title='bbox 560 969 784 1051; x_wconf 75' lang='lat' dir='ltr'><strong>participatione</strong></span> <span class='ocrx_word' id='word_1_62' title='bbox 795 968 936 1050; x_wconf 88' lang='lat' dir='ltr'><strong>privati...</strong></span> 
     </span>
    </p>

    <p class='ocr_par' dir='ltr' id='par_1_4' title="bbox 61 1055 1008 1672">
     <span class='ocr_line' id='line_1_10' title="bbox 91 1055 1005 1139; baseline 0.009 -27"><span class='ocrx_word' id='word_1_63' title='bbox 91 1055 315 1120; x_wconf 82' lang='lat' dir='ltr'><strong>r...Pmnitontos</strong></span> <span class='ocrx_word' id='word_1_64' title='bbox 326 1077 387 1120; x_wconf 89' lang='lat' dir='ltr'><strong>non</strong></span> <span class='ocrx_word' id='word_1_65' title='bbox 396 1057 576 1139; x_wconf 85' lang='lat' dir='ltr'><strong>poteranted</strong></span> <span class='ocrx_word' id='word_1_66' title='bbox 586 1077 686 1120; x_wconf 79' lang='lat' dir='ltr'><strong>sacros</strong></span> <span class='ocrx_word' id='word_1_67' title='bbox 695 1057 817 1119; x_wconf 86' lang='lat' dir='ltr'><strong>ordines</strong></span> <span class='ocrx_word' id='word_1_68' title='bbox 826 1059 1005 1139; x_wconf 83' lang='lat' dir='ltr'><strong>promoveri,</strong></span> 
     </span>
     <span class='ocr_line' id='line_1_11' title="bbox 63 1145 1008 1228; baseline 0.005 -24"><span class='ocrx_word' id='word_1_69' title='bbox 63 1167 72 1196; x_wconf 77' lang='lat' dir='ltr'><strong>r</strong></span> <span class='ocrx_word' id='word_1_70' title='bbox 92 1162 138 1208; x_wconf 85' lang='lat' dir='ltr'><strong>nec</strong></span> <span class='ocrx_word' id='word_1_71' title='bbox 150 1147 373 1210; x_wconf 79' lang='lat' dir='ltr'><strong>matrimonium</strong></span> <span class='ocrx_word' id='word_1_72' title='bbox 391 1145 584 1222; x_wconf 84' lang='lat' dir='ltr'><strong>contrahere,</strong></span> <span class='ocrx_word' id='word_1_73' title='bbox 601 1165 700 1228; x_wconf 85' lang='lat' dir='ltr'><strong>neque</strong></span> <span class='ocrx_word' id='word_1_74' title='bbox 718 1146 755 1210; x_wconf 89' lang='lat' dir='ltr'><strong>ad</strong></span> <span class='ocrx_word' id='word_1_75' title='bbox 777 1165 903 1208; x_wconf 85' lang='lat' dir='ltr'><strong>uxorem</strong></span> <span class='ocrx_word' id='word_1_76' title='bbox 925 1165 1008 1209; x_wconf 86' lang='lat' dir='ltr'><strong>occe·</strong></span> 
     </span>
     <span class='ocr_line' id='line_1_12' title="bbox 62 1233 1006 1318; baseline 0.007 -26"><span class='ocrx_word' id='word_1_77' title='bbox 62 1233 167 1314; x_wconf 74' lang='lat' dir='ltr'><strong>iiiuc,</strong></span> <span class='ocrx_word' id='word_1_78' title='bbox 188 1244 215 1299; x_wconf 82' lang='lat' dir='ltr'><strong>ot</strong></span> <span class='ocrx_word' id='word_1_79' title='bbox 237 1237 307 1300; x_wconf 90' lang='lat' dir='ltr'><strong>ideo</strong></span> <span class='ocrx_word' id='word_1_80' title='bbox 327 1237 496 1316; x_wconf 74' lang='lat' dir='ltr'><strong>coniugatis</strong></span> <span class='ocrx_word' id='word_1_81' title='bbox 518 1254 580 1297; x_wconf 94' lang='lat' dir='ltr'><strong>non</strong></span> <span class='ocrx_word' id='word_1_82' title='bbox 601 1235 810 1318; x_wconf 80' lang='lat' dir='ltr'><strong>imponebatur</strong></span> <span class='ocrx_word' id='word_1_83' title='bbox 829 1237 1006 1300; x_wconf 75' lang='lat' dir='ltr'><strong>Paenitentia</strong></span> 
     </span>
     <span class='ocr_line' id='line_1_13' title="bbox 62 1323 1005 1406; baseline 0.006 -23"><span class='ocrx_word' id='word_1_84' title='bbox 62 1323 236 1403; x_wconf 70' lang='lat' dir='ltr'><strong>antemnis,</strong></span> <span class='ocrx_word' id='word_1_85' title='bbox 256 1326 314 1388; x_wconf 90' lang='lat' dir='ltr'><strong>nisi</strong></span> <span class='ocrx_word' id='word_1_86' title='bbox 338 1325 431 1387; x_wconf 86' lang='lat' dir='ltr'><strong>altero</strong></span> <span class='ocrx_word' id='word_1_87' title='bbox 453 1325 583 1406; x_wconf 85' lang='lat' dir='ltr'>conjuge</span> <span class='ocrx_word' id='word_1_88' title='bbox 606 1325 813 1402; x_wconf 84' lang='lat' dir='ltr'><strong>consentiente</strong></span> <span class='ocrx_word' id='word_1_89' title='bbox 821 1346 829 1400; x_wconf 94' lang='lat'>;</span> <span class='ocrx_word' id='word_1_90' title='bbox 852 1326 923 1387; x_wconf 90' lang='lat' dir='ltr'><strong>item</strong></span> <span class='ocrx_word' id='word_1_91' title='bbox 946 1345 1005 1389; x_wconf 91' lang='lat' dir='ltr'><strong>non</strong></span> 
     </span>
     <span class='ocr_line' id='line_1_14' title="bbox 61 1415 1005 1494; baseline 0.007 -23"><span class='ocrx_word' id='word_1_92' title='bbox 61 1433 70 1464; x_wconf 80' lang='lat' dir='ltr'><strong>u</strong></span> <span class='ocrx_word' id='word_1_93' title='bbox 89 1421 210 1492; x_wconf 82' lang='lat' dir='ltr'><strong>putarant</strong></span> <span class='ocrx_word' id='word_1_94' title='bbox 229 1417 375 1488; x_wconf 84' lang='lat' dir='ltr'><strong>militare,</strong></span> <span class='ocrx_word' id='word_1_95' title='bbox 392 1431 475 1476; x_wconf 90' lang='lat' dir='ltr'><strong>arma</strong></span> <span class='ocrx_word' id='word_1_96' title='bbox 496 1419 628 1494; x_wconf 82' lang='lat' dir='ltr'><strong>gestare,</strong></span> <span class='ocrx_word' id='word_1_97' title='bbox 648 1433 749 1478; x_wconf 88' lang='lat' dir='ltr'><strong>comas</strong></span> <span class='ocrx_word' id='word_1_98' title='bbox 772 1415 903 1492; x_wconf 89' lang='lat' dir='ltr'><strong>nutrire;</strong></span> <span class='ocrx_word' id='word_1_99' title='bbox 922 1423 1005 1478; x_wconf 87' lang='lat' dir='ltr'><strong>tene·</strong></span> 
     </span>
     <span class='ocr_line' id='line_1_15' title="bbox 61 1500 1004 1588; baseline 0.007 -29"><span class='ocrx_word' id='word_1_100' title='bbox 61 1523 70 1552; x_wconf 77' lang='lat' dir='ltr'><strong>s</strong></span> <span class='ocrx_word' id='word_1_101' title='bbox 89 1500 183 1566; x_wconf 88' lang='lat' dir='ltr'><strong>bantur</strong></span> <span class='ocrx_word' id='word_1_102' title='bbox 195 1505 325 1588; x_wconf 89' lang='lat' dir='ltr'><strong>podibus</strong></span> <span class='ocrx_word' id='word_1_103' title='bbox 339 1503 478 1566; x_wconf 84' lang='lat' dir='ltr'>incedere</span> <span class='ocrx_word' id='word_1_104' title='bbox 489 1511 663 1566; x_wconf 87' lang='lat' dir='ltr'><strong>etmortuos</strong></span> <span class='ocrx_word' id='word_1_105' title='bbox 677 1504 841 1586; x_wconf 78' lang='lat' dir='ltr'><strong>sepelire.»</strong></span> <span class='ocrx_word' id='word_1_106' title='bbox 858 1505 1004 1585; x_wconf 84' lang='lat' dir='ltr'><strong>(Eilluart,</strong></span> 
     </span>
     <span class='ocr_line' id='line_1_16' title="bbox 61 1589 165 1672; baseline 0.067 -26"><span class='ocrx_word' id='word_1_107' title='bbox 61 1589 165 1672; x_wconf 67' lang='lat' dir='ltr'><strong>itatem.)</strong></span> 
     </span>
    </p>

    <p class='ocr_par' dir='ltr' id='par_1_5' title="bbox 60 1683 1010 1944">
     <span class='ocr_line' id='line_1_17' title="bbox 88 1683 1010 1766; baseline 0.007 -26"><span class='ocrx_word' id='word_1_108' title='bbox 88 1685 163 1744; x_wconf 70' lang='lat'><strong>3852.</strong></span> <span class='ocrx_word' id='word_1_109' title='bbox 179 1685 226 1746; x_wconf 89' lang='lat' dir='ltr'><strong>Sic</strong></span> <span class='ocrx_word' id='word_1_110' title='bbox 240 1690 343 1746; x_wconf 84' lang='lat' dir='ltr'><strong>eutem</strong></span> <span class='ocrx_word' id='word_1_111' title='bbox 356 1684 449 1746; x_wconf 90' lang='lat' dir='ltr'><strong>ritum</strong></span> <span class='ocrx_word' id='word_1_112' title='bbox 457 1687 608 1745; x_wconf 85' lang='lat' dir='ltr'><strong>servatum</strong></span> <span class='ocrx_word' id='word_1_113' title='bbox 622 1683 652 1744; x_wconf 96' lang='lat' dir='ltr'><strong>in</strong></span> <span class='ocrx_word' id='word_1_114' title='bbox 668 1683 851 1766; x_wconf 71' lang='lat' dir='ltr'><strong>imponendo</strong></span> <span class='ocrx_word' id='word_1_115' title='bbox 863 1684 1010 1763; x_wconf 89' lang='lat' dir='ltr'><strong>poeniten-</strong></span> 
     </span>
     <span class='ocr_line' id='line_1_18' title="bbox 60 1767 1006 1854; baseline 0.012 -31"><span class='ocrx_word' id='word_1_116' title='bbox 60 1767 85 1827; x_wconf 80' lang='lat' dir='ltr'><strong>tit</strong></span> <span class='ocrx_word' id='word_1_117' title='bbox 96 1772 200 1850; x_wconf 79' lang='lat' dir='ltr'><strong>publica</strong></span> <span class='ocrx_word' id='word_1_118' title='bbox 212 1772 395 1837; x_wconf 90' lang='lat' dir='ltr'><strong>describitS.</strong></span> <span class='ocrx_word' id='word_1_119' title='bbox 406 1772 548 1850; x_wconf 81' lang='lat' dir='ltr'><strong>Thomas,</strong></span> <span class='ocrx_word' id='word_1_120' title='bbox 563 1771 644 1852; x_wconf 89' lang='lat' dir='ltr'><strong>apud</strong></span> <span class='ocrx_word' id='word_1_121' title='bbox 657 1773 800 1835; x_wconf 84' lang='lat' dir='ltr'><strong>eumdenr</strong></span> <span class='ocrx_word' id='word_1_122' title='bbox 810 1773 1006 1854; x_wconf 64' lang='lat' dir='ltr'><strong>Biiluartp&#39;b,</strong></span> 
     </span>
     <span class='ocr_line' id='line_1_19' title="bbox 61 1857 176 1944; baseline 0.035 -26"><span class='ocrx_word' id='word_1_123' title='bbox 61 1857 114 1919; x_wconf 80' lang='lat' dir='ltr'><strong>bio</strong></span> <span class='ocrx_word' id='word_1_124' title='bbox 126 1865 176 1944; x_wconf 54' lang='grc' dir='ltr'><strong>Ψ).</strong></span> 
     </span>
    </p>

    <p class='ocr_par' dir='ltr' id='par_1_6' title="bbox 53 1951 1010 3446">
     <span class='ocr_line' id='line_1_20' title="bbox 91 1951 1009 2038; baseline 0.007 -29"><span class='ocrx_word' id='word_1_125' title='bbox 91 1971 104 2008; x_wconf 79' lang='grc' dir='ltr'>ι</span> <span class='ocrx_word' id='word_1_126' title='bbox 119 1953 259 2038; x_wconf 86' lang='lat' dir='ltr'><strong>incapite</strong></span> <span class='ocrx_word' id='word_1_127' title='bbox 274 1951 534 2035; x_wconf 73' lang='lat' dir='ltr'><strong>Ouedragesimae,</strong></span> <span class='ocrx_word' id='word_1_128' title='bbox 550 1957 623 2014; x_wconf 84' lang='lat' dir='ltr'><strong>rates</strong></span> <span class='ocrx_word' id='word_1_129' title='bbox 637 1951 815 2033; x_wconf 87' lang='lat' dir='ltr'><strong>poenitentes</strong></span> <span class='ocrx_word' id='word_1_130' title='bbox 828 1958 1009 2036; x_wconf 74' lang='lat' dir='ltr'><strong>praesentant</strong></span> 
     </span>
     <span class='ocr_line' id='line_1_21' title="bbox 59 2041 1009 2126; baseline 0.004 -25"><span class='ocrx_word' id='word_1_131' title='bbox 59 2057 112 2101; x_wconf 73' lang='lat' dir='ltr'><strong>sse</strong></span> <span class='ocrx_word' id='word_1_132' title='bbox 132 2061 198 2105; x_wconf 84' lang='lat' dir='ltr'><strong>cunr</strong></span> <span class='ocrx_word' id='word_1_133' title='bbox 221 2043 405 2126; x_wconf 82' lang='lat' dir='ltr'><strong>presbyteris</strong></span> <span class='ocrx_word' id='word_1_134' title='bbox 427 2045 490 2105; x_wconf 90' lang='lat' dir='ltr'><strong>suis</strong></span> <span class='ocrx_word' id='word_1_135' title='bbox 514 2043 663 2124; x_wconf 78' lang='lat' dir='ltr'><strong>Episcopo</strong></span> <span class='ocrx_word' id='word_1_136' title='bbox 686 2041 811 2104; x_wconf 84' lang='lat' dir='ltr'><strong>civitatis</strong></span> <span class='ocrx_word' id='word_1_137' title='bbox 835 2049 903 2104; x_wconf 89' lang='lat' dir='ltr'><strong>ante</strong></span> <span class='ocrx_word' id='word_1_138' title='bbox 929 2043 1009 2105; x_wconf 81' lang='lat' dir='ltr'><strong>fores</strong></span> 
     </span>
     <span class='ocr_line' id='line_1_22' title="bbox 59 2111 1009 2212; baseline 0.007 -24"><span class='ocrx_word' id='word_1_139' title='bbox 59 2129 223 2211; x_wconf 67' lang='lat' dir='ltr'><strong>aecclesias,</strong></span> <span class='ocrx_word' id='word_1_140' title='bbox 243 2151 333 2194; x_wconf 80' lang='lat' dir='ltr'><strong>sacco</strong></span> <span class='ocrx_word' id='word_1_141' title='bbox 354 2133 471 2210; x_wconf 91' lang='lat' dir='ltr'><strong>induti,</strong></span> <span class='ocrx_word' id='word_1_142' title='bbox 491 2131 579 2194; x_wconf 87' lang='lat' dir='ltr'><strong>nudis</strong></span> <span class='ocrx_word' id='word_1_143' title='bbox 599 2130 742 2212; x_wconf 88' lang='lat' dir='ltr'><strong>pedibus,</strong></span> <span class='ocrx_word' id='word_1_144' title='bbox 758 2111 888 2193; x_wconf 70' lang='lat' dir='ltr'><strong>siritibus</strong></span> <span class='ocrx_word' id='word_1_145' title='bbox 907 2131 938 2194; x_wconf 92' lang='lat' dir='ltr'><strong>in</strong></span> <span class='ocrx_word' id='word_1_146' title='bbox 952 2139 1009 2195; x_wconf 89' lang='lat' dir='ltr'><strong>ter·</strong></span> 
     </span>
     <span class='ocr_line' id='line_1_23' title="bbox 61 2220 1006 2302; baseline 0.006 -24"><span class='ocrx_word' id='word_1_147' title='bbox 61 2239 70 2268; x_wconf 81' lang='lat' dir='ltr'><strong>r</strong></span> <span class='ocrx_word' id='word_1_148' title='bbox 88 2237 138 2282; x_wconf 87' lang='lat' dir='ltr'><strong>ram</strong></span> <span class='ocrx_word' id='word_1_149' title='bbox 151 2221 310 2298; x_wconf 86' lang='lat' dir='ltr'><strong>demissis,</strong></span> <span class='ocrx_word' id='word_1_150' title='bbox 325 2225 412 2284; x_wconf 73' lang='lat' dir='ltr'><strong>comat</strong></span> <span class='ocrx_word' id='word_1_151' title='bbox 425 2221 560 2302; x_wconf 81' lang='lat' dir='ltr'><strong>deposita</strong></span> <span class='ocrx_word' id='word_1_152' title='bbox 566 2241 574 2296; x_wconf 92' lang='lat'>;</span> <span class='ocrx_word' id='word_1_153' title='bbox 590 2221 678 2282; x_wconf 84' lang='lat' dir='ltr'><strong>ateis</strong></span> <span class='ocrx_word' id='word_1_154' title='bbox 696 2220 726 2282; x_wconf 95' lang='lat' dir='ltr'><strong>in</strong></span> <span class='ocrx_word' id='word_1_155' title='bbox 741 2221 898 2282; x_wconf 87' lang='lat' dir='ltr'><strong>ecclesiam</strong></span> <span class='ocrx_word' id='word_1_156' title='bbox 913 2222 1006 2285; x_wconf 89' lang='lat' dir='ltr'><strong>intro-</strong></span> 
     </span>
     <span class='ocr_line' id='line_1_24' title="bbox 58 2304 1007 2394; baseline 0.008 -27"><span class='ocrx_word' id='word_1_157' title='bbox 58 2305 189 2390; x_wconf 83' lang='lat' dir='ltr'><strong>rductis,</strong></span> <span class='ocrx_word' id='word_1_158' title='bbox 218 2311 388 2394; x_wconf 83' lang='lat' dir='ltr'><strong>Episcopus</strong></span> <span class='ocrx_word' id='word_1_159' title='bbox 414 2329 486 2374; x_wconf 88' lang='lat' dir='ltr'><strong>oum</strong></span> <span class='ocrx_word' id='word_1_160' title='bbox 513 2309 596 2373; x_wconf 93' lang='lat' dir='ltr'><strong>omni</strong></span> <span class='ocrx_word' id='word_1_161' title='bbox 623 2304 704 2372; x_wconf 85' lang='lat' dir='ltr'><strong>claro</strong></span> <span class='ocrx_word' id='word_1_162' title='bbox 735 2317 848 2392; x_wconf 87' lang='lat' dir='ltr'><strong>septem</strong></span> <span class='ocrx_word' id='word_1_163' title='bbox 877 2311 1007 2393; x_wconf 86' lang='lat' dir='ltr'><strong>psalmos</strong></span> 
     </span>
     <span class='ocr_line' id='line_1_25' title="bbox 57 2393 1006 2482; baseline 0.003 -22"><span class='ocrx_word' id='word_1_164' title='bbox 57 2418 66 2450; x_wconf 76' lang='lat' dir='ltr'><strong>r</strong></span> <span class='ocrx_word' id='word_1_165' title='bbox 86 2397 294 2477; x_wconf 78' lang='lat' dir='ltr'><strong>paenitentiales</strong></span> <span class='ocrx_word' id='word_1_166' title='bbox 307 2395 393 2478; x_wconf 89' lang='lat' dir='ltr'><strong>dicit,</strong></span> <span class='ocrx_word' id='word_1_167' title='bbox 414 2402 443 2462; x_wconf 88' lang='lat' dir='ltr'><strong>et</strong></span> <span class='ocrx_word' id='word_1_168' title='bbox 460 2393 651 2482; x_wconf 89' lang='lat' dir='ltr'><strong>postmodum</strong></span> <span class='ocrx_word' id='word_1_169' title='bbox 665 2399 708 2462; x_wconf 91' lang='lat' dir='ltr'><strong>eis</strong></span> <span class='ocrx_word' id='word_1_170' title='bbox 722 2415 846 2463; x_wconf 87' lang='lat' dir='ltr'><strong>manum</strong></span> <span class='ocrx_word' id='word_1_171' title='bbox 861 2397 1006 2482; x_wconf 85' lang='lat' dir='ltr'><strong>imponit,</strong></span> 
     </span>
     <span class='ocr_line' id='line_1_26' title="bbox 56 2483 1008 2572; baseline 0.007 -25"><span class='ocrx_word' id='word_1_172' title='bbox 56 2505 66 2540; x_wconf 76' lang='lat' dir='ltr'><strong>s</strong></span> <span class='ocrx_word' id='word_1_173' title='bbox 84 2505 182 2569; x_wconf 86' lang='lat' dir='ltr'><strong>aquam</strong></span> <span class='ocrx_word' id='word_1_174' title='bbox 197 2483 388 2553; x_wconf 84' lang='lat' dir='ltr'><strong>benedictam</strong></span> <span class='ocrx_word' id='word_1_175' title='bbox 402 2508 492 2571; x_wconf 89' lang='lat' dir='ltr'><strong>super</strong></span> <span class='ocrx_word' id='word_1_176' title='bbox 505 2507 558 2551; x_wconf 89' lang='lat' dir='ltr'><strong>eos</strong></span> <span class='ocrx_word' id='word_1_177' title='bbox 579 2491 707 2572; x_wconf 83' lang='lat' dir='ltr'><strong>spargit,</strong></span> <span class='ocrx_word' id='word_1_178' title='bbox 723 2493 753 2551; x_wconf 90' lang='lat' dir='ltr'><strong>et</strong></span> <span class='ocrx_word' id='word_1_179' title='bbox 770 2491 901 2550; x_wconf 86' lang='lat' dir='ltr'><strong>cinerem</strong></span> <span class='ocrx_word' id='word_1_180' title='bbox 918 2507 1008 2572; x_wconf 86' lang='lat' dir='ltr'><strong>super</strong></span> 
     </span>
     <span class='ocr_line' id='line_1_27' title="bbox 56 2573 1007 2660; baseline 0.006 -24"><span class='ocrx_word' id='word_1_181' title='bbox 56 2573 219 2658; x_wconf 71' lang='lat' dir='ltr'><strong>cespitibus</strong></span> <span class='ocrx_word' id='word_1_182' title='bbox 247 2577 448 2660; x_wconf 86' lang='lat' dir='ltr'><strong>superponit,</strong></span> <span class='ocrx_word' id='word_1_183' title='bbox 470 2575 568 2642; x_wconf 81' lang='lat' dir='ltr'>cilicio</span> <span class='ocrx_word' id='word_1_184' title='bbox 594 2575 672 2641; x_wconf 83' lang='lat' dir='ltr'><strong>colia</strong></span> <span class='ocrx_word' id='word_1_185' title='bbox 703 2591 809 2640; x_wconf 85' lang='lat' dir='ltr'><strong>eoruut</strong></span> <span class='ocrx_word' id='word_1_186' title='bbox 839 2577 954 2656; x_wconf 85' lang='lat' dir='ltr'><strong>operit,</strong></span> <span class='ocrx_word' id='word_1_187' title='bbox 979 2588 1007 2642; x_wconf 88' lang='lat' dir='ltr'><strong>et</strong></span> 
     </span>
     <span class='ocr_line' id='line_1_28' title="bbox 54 2659 1010 2749; baseline 0.003 -24"><span class='ocrx_word' id='word_1_188' title='bbox 54 2665 233 2731; x_wconf 71' lang='lat' dir='ltr'><strong>»denuntiat</strong></span> <span class='ocrx_word' id='word_1_189' title='bbox 253 2671 296 2730; x_wconf 80' lang='lat' dir='ltr'><strong>eis</strong></span> <span class='ocrx_word' id='word_1_190' title='bbox 311 2668 557 2748; x_wconf 81' lang='lat' dir='ltr'><strong>lacrymabiliter,</strong></span> <span class='ocrx_word' id='word_1_191' title='bbox 579 2661 660 2749; x_wconf 83' lang='lat' dir='ltr'><strong>quad</strong></span> <span class='ocrx_word' id='word_1_192' title='bbox 684 2663 760 2728; x_wconf 89' lang='lat' dir='ltr'><strong>sicut</strong></span> <span class='ocrx_word' id='word_1_193' title='bbox 781 2659 877 2724; x_wconf 78' lang='lat' dir='ltr'><strong>Adam</strong></span> <span class='ocrx_word' id='word_1_194' title='bbox 896 2665 1010 2740; x_wconf 84' lang='lat' dir='ltr'><strong>ejectus</strong></span> 
     </span>
     <span class='ocr_line' id='line_1_29' title="bbox 53 2751 1008 2840; baseline -0.002 -23"><span class='ocrx_word' id='word_1_195' title='bbox 53 2773 63 2809; x_wconf 79' lang='lat' dir='ltr'>u</span> <span class='ocrx_word' id='word_1_196' title='bbox 84 2763 123 2818; x_wconf 81' lang='lat' dir='ltr'><strong>ost</strong></span> <span class='ocrx_word' id='word_1_197' title='bbox 137 2755 174 2820; x_wconf 88' lang='lat' dir='ltr'><strong>de</strong></span> <span class='ocrx_word' id='word_1_198' title='bbox 195 2753 354 2835; x_wconf 86' lang='lat' dir='ltr'><strong>Paradiso,</strong></span> <span class='ocrx_word' id='word_1_199' title='bbox 376 2755 417 2820; x_wconf 87' lang='lat' dir='ltr'><strong>ita</strong></span> <span class='ocrx_word' id='word_1_200' title='bbox 437 2753 492 2840; x_wconf 92' lang='lat' dir='ltr'><strong>ipsi</strong></span> <span class='ocrx_word' id='word_1_201' title='bbox 514 2753 552 2820; x_wconf 88' lang='lat' dir='ltr'><strong>de</strong></span> <span class='ocrx_word' id='word_1_202' title='bbox 570 2751 696 2819; x_wconf 79' lang='lat' dir='ltr'><strong>ecclesia</strong></span> <span class='ocrx_word' id='word_1_203' title='bbox 710 2751 891 2831; x_wconf 76' lang='lat' dir='ltr'><strong>ejiciuntur:</strong></span> <span class='ocrx_word' id='word_1_204' title='bbox 907 2761 1008 2833; x_wconf 83' lang='lat' dir='ltr'><strong>postca</strong></span> 
     </span>
     <span class='ocr_line' id='line_1_30' title="bbox 53 2839 1010 2925; baseline -0.005 -16"><span class='ocrx_word' id='word_1_205' title='bbox 53 2865 64 2899; x_wconf 80' lang='lat' dir='ltr'>u</span> <span class='ocrx_word' id='word_1_206' title='bbox 81 2843 158 2924; x_wconf 84' lang='lat' dir='ltr'><strong>jubet</strong></span> <span class='ocrx_word' id='word_1_207' title='bbox 171 2844 318 2911; x_wconf 85' lang='lat' dir='ltr'><strong>ministris</strong></span> <span class='ocrx_word' id='word_1_208' title='bbox 332 2853 365 2910; x_wconf 89' lang='lat' dir='ltr'><strong>ut</strong></span> <span class='ocrx_word' id='word_1_209' title='bbox 378 2863 431 2909; x_wconf 89' lang='lat' dir='ltr'><strong>eos</strong></span> <span class='ocrx_word' id='word_1_210' title='bbox 443 2845 481 2908; x_wconf 87' lang='lat' dir='ltr'><strong>ab</strong></span> <span class='ocrx_word' id='word_1_211' title='bbox 494 2845 620 2910; x_wconf 73' lang='lat' dir='ltr'><strong>ecclesii</strong></span> <span class='ocrx_word' id='word_1_212' title='bbox 634 2841 762 2925; x_wconf 85' lang='lat' dir='ltr'><strong>pellant,</strong></span> <span class='ocrx_word' id='word_1_213' title='bbox 778 2839 858 2903; x_wconf 83' lang='lat' dir='ltr'><strong>clero</strong></span> <span class='ocrx_word' id='word_1_214' title='bbox 877 2855 928 2904; x_wconf 87' lang='lat' dir='ltr'><strong>eos</strong></span> <span class='ocrx_word' id='word_1_215' title='bbox 943 2861 1010 2925; x_wconf 82' lang='lat' dir='ltr'><strong>pro</strong></span> 
     </span>
     <span class='ocr_line' id='line_1_31' title="bbox 53 2925 1004 3018; baseline -0.002 -21"><span class='ocrx_word' id='word_1_216' title='bbox 53 2951 63 2988; x_wconf 77' lang='grc' dir='ltr'>ι</span> <span class='ocrx_word' id='word_1_217' title='bbox 82 2947 221 3018; x_wconf 83' lang='lat' dir='ltr'><strong>sequente</strong></span> <span class='ocrx_word' id='word_1_218' title='bbox 237 2953 307 3000; x_wconf 89' lang='lat' dir='ltr'><strong>eum</strong></span> <span class='ocrx_word' id='word_1_219' title='bbox 321 2933 379 2998; x_wconf 89' lang='lat' dir='ltr'><strong>boc</strong></span> <span class='ocrx_word' id='word_1_220' title='bbox 386 2931 637 3017; x_wconf 82' lang='lat' dir='ltr'><strong>responsorio:1n</strong></span> <span class='ocrx_word' id='word_1_221' title='bbox 650 2925 753 2994; x_wconf 81' lang='lat' dir='ltr'><strong>sudore</strong></span> <span class='ocrx_word' id='word_1_222' title='bbox 767 2927 864 2993; x_wconf 74' lang='lat' dir='ltr'><strong>mtto</strong></span> <span class='ocrx_word' id='word_1_223' title='bbox 878 2930 933 3006; x_wconf 83' lang='lat' dir='ltr'><strong>tui,</strong></span> <span class='ocrx_word' id='word_1_224' title='bbox 949 2937 1004 2995; x_wconf 88' lang='lat' dir='ltr'><strong>etc.</strong></span> 
     </span>
     <span class='ocr_line' id='line_1_32' title="bbox 53 3017 1009 3106; baseline 0.001 -22"><span class='ocrx_word' id='word_1_225' title='bbox 53 3041 64 3076; x_wconf 76' lang='lat' dir='ltr'><strong>t</strong></span> <span class='ocrx_word' id='word_1_226' title='bbox 83 3022 112 3086; x_wconf 89' lang='lat' dir='ltr'><strong>ln</strong></span> <span class='ocrx_word' id='word_1_227' title='bbox 132 3029 218 3090; x_wconf 75' lang='lat' dir='ltr'><strong>amnt</strong></span> <span class='ocrx_word' id='word_1_228' title='bbox 233 3019 372 3102; x_wconf 88' lang='lat' dir='ltr'><strong>Domini,</strong></span> <span class='ocrx_word' id='word_1_229' title='bbox 389 3018 523 3106; x_wconf 76' lang='lat' dir='ltr'><strong>quolibst</strong></span> <span class='ocrx_word' id='word_1_230' title='bbox 541 3041 642 3101; x_wconf 91' lang='lat' dir='ltr'><strong>anno,</strong></span> <span class='ocrx_word' id='word_1_231' title='bbox 664 3019 682 3083; x_wconf 82' lang='lat' dir='ltr'>b</span> <span class='ocrx_word' id='word_1_232' title='bbox 702 3019 765 3083; x_wconf 88' lang='lat' dir='ltr'><strong>suis</strong></span> <span class='ocrx_word' id='word_1_233' title='bbox 784 3017 964 3103; x_wconf 82' lang='lat' dir='ltr'><strong>presbyteris</strong></span> <span class='ocrx_word' id='word_1_234' title='bbox 979 3021 1009 3084; x_wconf 95' lang='lat' dir='ltr'><strong>in</strong></span> 
     </span>
     <span class='ocr_line' id='line_1_33' title="bbox 54 3105 1009 3192; baseline -0.003 -14"><span class='ocrx_word' id='word_1_235' title='bbox 54 3109 236 3178; x_wconf 71' lang='lat' dir='ltr'><strong>aecclesiam</strong></span> <span class='ocrx_word' id='word_1_236' title='bbox 260 3115 468 3177; x_wconf 85' lang='lat' dir='ltr'><strong>reducuntur:</strong></span> <span class='ocrx_word' id='word_1_237' title='bbox 488 3115 519 3176; x_wconf 90' lang='lat' dir='ltr'><strong>et</strong></span> <span class='ocrx_word' id='word_1_238' title='bbox 538 3119 626 3175; x_wconf 91' lang='lat' dir='ltr'><strong>erunt</strong></span> <span class='ocrx_word' id='word_1_239' title='bbox 645 3105 684 3173; x_wconf 89' lang='lat' dir='ltr'><strong>ibi</strong></span> <span class='ocrx_word' id='word_1_240' title='bbox 708 3123 804 3192; x_wconf 83' lang='lat' dir='ltr'><strong>usqua</strong></span> <span class='ocrx_word' id='word_1_241' title='bbox 827 3111 865 3172; x_wconf 88' lang='lat' dir='ltr'><strong>ad</strong></span> <span class='ocrx_word' id='word_1_242' title='bbox 887 3113 1009 3175; x_wconf 83' lang='lat' dir='ltr'><strong>Octaras</strong></span> 
     </span>
     <span class='ocr_line' id='line_1_34' title="bbox 54 3195 1008 3284; baseline 0.003 -22"><span class='ocrx_word' id='word_1_243' title='bbox 54 3219 65 3257; x_wconf 84' lang='lat' dir='ltr'><strong>r</strong></span> <span class='ocrx_word' id='word_1_244' title='bbox 86 3203 215 3283; x_wconf 79' lang='lat' dir='ltr'><strong>Paschae,</strong></span> <span class='ocrx_word' id='word_1_245' title='bbox 227 3203 267 3267; x_wconf 90' lang='lat' dir='ltr'><strong>ita</strong></span> <span class='ocrx_word' id='word_1_246' title='bbox 278 3211 377 3266; x_wconf 89' lang='lat' dir='ltr'><strong>tamen</strong></span> <span class='ocrx_word' id='word_1_247' title='bbox 388 3195 469 3284; x_wconf 84' lang='lat' dir='ltr'>quod</span> <span class='ocrx_word' id='word_1_248' title='bbox 485 3221 545 3264; x_wconf 91' lang='lat' dir='ltr'><strong>non</strong></span> <span class='ocrx_word' id='word_1_249' title='bbox 555 3197 822 3264; x_wconf 86' lang='lat' dir='ltr'><strong>communicabunt</strong></span> <span class='ocrx_word' id='word_1_250' title='bbox 835 3215 891 3264; x_wconf 89' lang='lat' dir='ltr'><strong>neo</strong></span> <span class='ocrx_word' id='word_1_251' title='bbox 905 3219 1008 3284; x_wconf 86' lang='lat' dir='ltr'><strong>pacem</strong></span> 
     </span>
     <span class='ocr_line' id='line_1_35' title="bbox 53 3287 1010 3375; baseline 0.004 -23"><span class='ocrx_word' id='word_1_252' title='bbox 53 3310 65 3347; x_wconf 77' lang='lat' dir='ltr'>u</span> <span class='ocrx_word' id='word_1_253' title='bbox 85 3295 251 3375; x_wconf 80' lang='lat' dir='ltr'><strong>accipient:</strong></span> <span class='ocrx_word' id='word_1_254' title='bbox 271 3289 357 3356; x_wconf 80' lang='lat' dir='ltr'><strong>etsie</strong></span> <span class='ocrx_word' id='word_1_255' title='bbox 371 3287 437 3368; x_wconf 81' lang='lat' dir='ltr'><strong>bet,</strong></span> <span class='ocrx_word' id='word_1_256' title='bbox 462 3287 596 3373; x_wconf 83' lang='lat' dir='ltr'><strong>quotibet</strong></span> <span class='ocrx_word' id='word_1_257' title='bbox 609 3307 711 3367; x_wconf 91' lang='lat' dir='ltr'><strong>anno,</strong></span> <span class='ocrx_word' id='word_1_258' title='bbox 734 3305 893 3372; x_wconf 78' lang='lat' dir='ltr'><strong>quousque</strong></span> <span class='ocrx_word' id='word_1_259' title='bbox 913 3294 1010 3356; x_wconf 87' lang='lat' dir='ltr'><strong>aditus</strong></span> 
     </span>
     <span class='ocr_line' id='line_1_36' title="bbox 54 3375 1010 3446; baseline 0.002 -4"><span class='ocrx_word' id='word_1_260' title='bbox 54 3399 66 3436; x_wconf 82' lang='lat' dir='ltr'><strong>r</strong></span> <span class='ocrx_word' id='word_1_261' title='bbox 84 3377 309 3446; x_wconf 81' lang='lat' dir='ltr'><strong>ecciesiaeiusrit</strong></span> <span class='ocrx_word' id='word_1_262' title='bbox 322 3381 364 3444; x_wconf 89' lang='lat' dir='ltr'><strong>eis</strong></span> <span class='ocrx_word' id='word_1_263' title='bbox 376 3379 560 3444; x_wconf 84' lang='lat' dir='ltr'><strong>interdictus.</strong></span> <span class='ocrx_word' id='word_1_264' title='bbox 578 3375 686 3444; x_wconf 79' lang='lat' dir='ltr'><strong>Ultima</strong></span> <span class='ocrx_word' id='word_1_265' title='bbox 699 3387 798 3441; x_wconf 87' lang='lat' dir='ltr'><strong>autem</strong></span> <span class='ocrx_word' id='word_1_266' title='bbox 811 3381 1010 3444; x_wconf 80' lang='lat' dir='ltr'><strong>reconciliatio</strong></span> 
     </span>
    </p>
   </div>
   <div class='ocr_carea' id='block_1_3' title="bbox 54 3467 1011 3616">
    <p class='ocr_par' dir='ltr' id='par_1_7' title="bbox 54 3467 1011 3616">
     <span class='ocr_line' id='line_1_37' title="bbox 54 3467 1011 3616; baseline 0.001 -84"><span class='ocrx_word' id='word_1_267' title='bbox 54 3487 67 3525; x_wconf 83' lang='lat' dir='ltr'><strong>r</strong></span> <span class='ocrx_word' id='word_1_268' title='bbox 87 3479 248 3538; x_wconf 81' lang='lat' dir='ltr'><strong>reservatur</strong></span> <span class='ocrx_word' id='word_1_269' title='bbox 268 3467 434 3554; x_wconf 83' lang='lat' dir='ltr'><strong>Episcopo,</strong></span> <span class='ocrx_word' id='word_1_270' title='bbox 449 3469 487 3533; x_wconf 84' lang='lat' dir='ltr'><strong>ad</strong></span> <span class='ocrx_word' id='word_1_271' title='bbox 506 3487 597 3616; x_wconf 81' lang='lat' dir='ltr'><strong>puem</strong></span> <span class='ocrx_word' id='word_1_272' title='bbox 615 3467 714 3532; x_wconf 85' lang='lat' dir='ltr'><strong>soiiun</strong></span> <span class='ocrx_word' id='word_1_273' title='bbox 736 3475 848 3552; x_wconf 88' lang='lat' dir='ltr'><strong>spectat</strong></span> <span class='ocrx_word' id='word_1_274' title='bbox 867 3470 1011 3533; x_wconf 81' lang='lat' dir='ltr'><strong>solemnis</strong></span> 
     </span>
    </p>
   </div>
   <div class='ocr_carea' id='block_1_4' title="bbox 52 3547 1011 3728">
    <p class='ocr_par' dir='ltr' id='par_1_8' title="bbox 52 3547 1011 3728">
     <span class='ocr_line' id='line_1_38' title="bbox 53 3547 1011 3636; baseline -0.004 -20"><span class='ocrx_word' id='word_1_275' title='bbox 53 3551 269 3620; x_wconf 63' lang='lat' dir='ltr'><strong>sisinnum</strong></span> <span class='ocrx_word' id='word_1_276' title='bbox 288 3557 459 3636; x_wconf 76' lang='lat' dir='ltr'><strong>impositio</strong></span> <span class='ocrx_word' id='word_1_277' title='bbox 480 3581 493 3610; x_wconf 78' lang='grc' dir='ltr'><strong>ι</strong></span> <span class='ocrx_word' id='word_1_278' title='bbox 529 3563 557 3616; x_wconf 86' lang='lat' dir='ltr'><strong>ta</strong></span> <span class='ocrx_word' id='word_1_279' title='bbox 574 3549 603 3615; x_wconf 86' lang='lat' dir='ltr'><strong>S.</strong></span> <span class='ocrx_word' id='word_1_280' title='bbox 635 3549 769 3611; x_wconf 65' lang='lat' dir='ltr'><strong>&#39;fiturum</strong></span> <span class='ocrx_word' id='word_1_281' title='bbox 796 3547 838 3628; x_wconf 82' lang='lat' dir='ltr'><strong>(b</strong></span> <span class='ocrx_word' id='word_1_282' title='bbox 855 3565 935 3614; x_wconf 75' lang='lat' dir='ltr'><strong>arato</strong></span> <span class='ocrx_word' id='word_1_283' title='bbox 962 3556 1011 3618; x_wconf 78' lang='lat' dir='ltr'><strong>tto.</strong></span> 
     </span>
     <span class='ocr_line' id='line_1_39' title="bbox 52 3633 916 3728; baseline -0.007 -24"><span class='ocrx_word' id='word_1_284' title='bbox 52 3661 110 3728; x_wconf 87' lang='lat' dir='ltr'><strong>cap.</strong></span> <span class='ocrx_word' id='word_1_285' title='bbox 124 3645 171 3726; x_wconf 82' lang='grc'><strong>65)</strong></span> <span class='ocrx_word' id='word_1_286' title='bbox 185 3647 366 3726; x_wconf 84' lang='lat' dir='ltr'><strong>(Estautem</strong></span> <span class='ocrx_word' id='word_1_287' title='bbox 380 3655 563 3724; x_wconf 76' lang='lat' dir='ltr'><strong>excerptum</strong></span> <span class='ocrx_word' id='word_1_288' title='bbox 578 3663 595 3704; x_wconf 89' lang='lat' dir='ltr'>e</span> <span class='ocrx_word' id='word_1_289' title='bbox 610 3635 720 3703; x_wconf 81' lang='lat' dir='ltr'><strong>i’oenit.</strong></span> <span class='ocrx_word' id='word_1_290' title='bbox 735 3633 916 3715; x_wconf 81' lang='lat' dir='ltr'><strong>Theodori).</strong></span> 
     </span>
    </p>
   </div>
   <div class='ocr_carea' id='block_1_5' title="bbox 0 0 1226 3940">
    <p class='ocr_par' dir='ltr' id='par_1_9' title="bbox 0 0 1226 3940">
     <span class='ocr_line' id='line_1_40' title="bbox 0 0 1226 3940; baseline 0 0"><span class='ocrx_word' id='word_1_291' title='bbox 0 0 1226 3940; x_wconf 95' lang='lat' dir='ltr'><strong> </strong></span> 
     </span>
    </p>
   </div>
  </div>
 </body>
</html>
