2416 3954
357 227 441 272 arasa
464 227 621 272 secuunus.
737 201 750 206 ”
923 219 981 272 tta

23 317 179 385 habiliorem
202 324 400 401 sententiam,
415 324 462 388 vel
484 343 649 406 prorogare
668 330 789 405 tempus
802 323 920 388 Jubilaei
936 326 981 386 val

23 407 45 468 in
58 410 107 474 aliu
127 431 217 495 opera
230 420 419 476 commutare
434 432 443 477 t
464 413 504 477 ita
517 413 591 476 Viva
605 420 635 475 et
644 411 758 476 Theod.
775 416 792 476 a
806 415 838 478 S.
856 413 978 496 Spiritu,

20 500 87 579 apud
101 501 201 564 Theoi.
214 500 313 567 Tolos.
330 508 397 582 (art.
412 509 443 578 i,
458 502 477 584 ξ
491 505 520 580 l,
536 521 567 584 q.
583 502 640 582 ll).

53 593 133 652 titt.
156 592 368 656 itinerantibus
390 600 591 676 prorogantur
611 609 704 674 opera
727 592 863 672 iniuncta
882 611 982 677 usque

21 675 51 737 sd
74 679 218 757 reditum,
242 688 271 743 et
293 700 357 745 non
376 689 497 745 tenetur
519 681 589 764 quis
611 681 770 744 suumiter
798 681 917 746 differre
944 682 981 762 (ai

11 768 162 832 eommoda
184 773 329 852 nequeat)
345 793 354 848 ;
374 771 437 833 imd
451 771 557 847 Croix,
574 779 607 832 n⁰
623 773 720 847 lt3t,
736 772 822 834 reale
836 770 866 832 id
880 779 982 834 exlen-

20 852 55 916 dit
71 857 155 920 aliam
175 859 214 921 ad
229 859 314 921 illurn
337 860 390 941 qui
411 861 510 942 primi
526 859 716 923 liebdomadt
734 859 895 922 iubilaeum
919 879 980 923 non

20 951 56 1006 est
78 946 206 1011 ineratus
229 949 368 1029 quamvis
388 949 534 1031 potuisset
555 969 563 1010 ι
587 949 659 1012 dieii
682 949 772 1011 etiam
792 949 877 1030 Lago
899 948 982 1029 quod

21 1031 39 1092 si
52 1035 113 1114 quis
126 1036 155 1098 in
179 1037 286 1100 itinere
306 1039 459 1120 perveniat
480 1038 519 1100 ad
534 1038 635 1102 locum
657 1038 709 1102 ubi
729 1037 893 1100 lubilaeum
912 1055 981 1118 pro-

20 1123 165 1204 mulgatur,
178 1128 288 1208 poterit
297 1127 357 1190 illio
370 1127 503 1210 incipere
516 1147 608 1210 opera
620 1133 651 1191 et
660 1127 802 1210 prosequi
818 1127 849 1188 in
863 1125 980 1189 itinera.

20 1211 58 1286 (S.
73 1214 202 1296 liguas..
218 1216 270 1278 lib.
287 1220 318 1292 6,
334 1221 404 1294 638,
420 1236 451 1299 q.
469 1219 532 1295 IX.)
1027 1272 1030 1278 ·

50 1307 132 1366 alim.
155 1307 333 1388 Operaquae
342 1307 438 1368 solenl
449 1307 599 1388 proscribi
611 1327 667 1391 pro
679 1307 834 1373 lucrandis
847 1305 984 1370 iubilaeis

17 1401 78 1453 sunl
90 1394 214 1458 visitatio
228 1396 436 1472 eeclesiarum,
452 1397 567 1473 oratio,
582 1397 796 1480 eleemosyna,
813 1395 981 1476 jaJunium,

17 1479 151 1632 opplessio
174 1492 204 1547 et
229 1486 416 1549 communio.
441 1484 683 1558 Ouaedam-oiroa
703 1485 770 1549 haeo
789 1485 892 1548 omnia
912 1493 983 1548 sunl

17 1585 32 1628 n
63 1573 210 1645 arvandus

48 1663 243 1727 tolocium
270 1665 468 1728 visitationem
494 1665 711 1743 aeclesiarum,
739 1664 906 1728 notandum
939 1669 985 1726 est

16 1751 88 1828 quod
107 1753 131 1814 si
145 1771 210 1836 prae
232 1753 425 1818 multitudine
439 1754 507 1836 quis
526 1756 746 1836 nequeatipsas
760 1752 896 1835 inpredi,
914 1752 984 1816 satis

15 1845 53 1900 asi
73 1842 95 1902 si
115 1861 212 1924 prope
234 1843 314 1925 ipsas
337 1844 381 1906 val
404 1850 474 1907 anta
493 1843 571 1906 iores
591 1850 675 1920 orat3
702 1843 726 1904 si
748 1843 818 1906 varo
848 1843 984 1928 praesori-

16 1925 92 1992 batur
100 1931 242 1995 allenium
252 1932 392 2002 visitatio,
404 1933 547 2011 suiliaiet,
562 1931 985 2010 orandoineealesii,versi1s

15 2013 57 2079 illa
81 2039 113 2082 se
139 2031 317 2084 convertere
345 2023 460 2100 (Theoi.
489 2023 613 2102 Talus).
641 2023 706 2084 Inrd
733 2021 874 2103 quidam,
903 2021 984 2104 apud

16 2105 40 2166 S.
51 2109 170 2191 Lignor.
187 2109 249 2186 (lib.
267 2115 297 2187 6,
315 2113 348 2173 n⁰
361 2115 432 2180 538,
448 2131 478 2194 q.
496 2115 523 2174 x
538 2111 569 2172 in
583 2111 673 2195 fine),
689 2112 795 2174 dicunt
808 2109 946 2174 sullioere
959 2110 984 2173 si

16 2206 105 2260 oretur
119 2209 192 2262 ante
206 2201 333 2276 ostium,
349 2199 472 2282 quando
493 2200 567 2263 illud
581 2207 625 2263 est
639 2201 788 2264 clausurn.
804 2203 871 2263 Non
887 2201 985 2282 requi·

15 2285 80 2348 ritus
106 2291 230 2364 ltomae,
253 2288 371 2370 ingredi
392 2297 445 2353 aut
462 2290 563 2372 egredi
588 2308 641 2372 per
669 2300 771 2372 portos
793 2300 917 2352 sanatos.
942 2293 984 2353 lta

17 2373 118 2440 Bened.
136 2381 218 2458 xlv,
236 2379 320 2442 Bulla
337 2379 420 2441 inter
430 2379 611 2462 praeteritos,
622 2379 699 2460 §i9,
712 2379 793 2462 apud
804 2383 835 2442 S.
847 2379 983 2460 Liguor„

16 2461 58 2526 lib.
74 2472 103 2547 6,
120 2471 154 2529 nl
168 2471 241 2543 536,
257 2471 347 2530 iiiiii.

49 2555 158 2620 Omnes
169 2557 353 2620 visitationes
366 2557 562 2621 eeclesiarum
577 2561 680 2642 perimi
695 2557 805 2620 debent
819 2557 984 2632 ananiel

16 2645 104 2708 madii
115 2655 206 2710 nocio
215 2646 253 2708 ad
263 2645 393 2709 mediam
404 2656 524 2710 noctem
535 2646 939 2728 sequentern,velavespert
948 2644 987 2706 ad

17 2751 161 2815 vesperam
171 2783 181 2808 ,
193 2737 278 2816 juxta
292 2735 520 2818 dispositionem
538 2738 705 2799 Baliarum.
720 2768 761 2781 -
777 2732 892 2795 Bened.
907 2735 985 2804 xlv,

16 2819 87 2901 513,
103 2824 187 2908 apud
202 2827 234 2888 S.
251 2825 387 2906 lignos,
400 2825 452 2887 lib.
469 2829 500 2902 6,
512 2837 546 2886 n⁰
559 2829 629 2899 236,
644 2828 680 2886 is.

49 2918 135 2976 loll.
153 2916 246 2976 Saors
259 2915 459 2997 Congregatio
471 2913 746 2996 indulgentiarum,
761 2931 833 2976 oum
843 2913 989 2996 approba-

17 3001 87 3064 tione
97 3005 130 3066 Β.
148 3003 304 3066 Pontiiiois
318 3004 362 3066 Pii
376 3005 427 3083 IX,
443 3003 603 3066 Decretum
617 3001 721 3082 edidit,
735 3007 771 3068 i5
787 3005 884 3065 martii
897 3008 986 3083 1852,

16 3109 68 3168 qno
85 3093 237 3174 generalis
260 3092 385 3156 loculus
407 3093 521 3156 tributa
541 3091 595 3155 luit
612 3092 777 3157 ordinariis
795 3094 932 3156 locorum
956 3095 988 3156 in

15 3181 117 3259 quibus
131 3183 224 3246 unica
237 3180 321 3244 adest
341 3183 484 3256 ecclesia,
504 3183 589 3246 toties
609 3182 746 3246 visitandi
761 3183 877 3246 unicam
894 3185 989 3247 ecole-

13 3269 82 3330 siam
99 3279 174 3352 quoi
198 3279 268 3333 sunt
290 3271 426 3334 ooalesiae
449 3270 603 3334 visitandas
630 3291 686 3354 pro
713 3273 832 3336 iubilaei
861 3273 989 3355 acquisi-

14 3357 98 3422 liooe.
114 3393 155 3406 -
170 3361 314 3423 Analecta
328 3413 334 3440 ,
351 3365 382 3422 6⁰
397 3361 477 3438 lion,
492 3361 550 3424 ool.
568 3365 656 3425 1206.

48 3453 136 3512 iiiiii.
161 3449 245 3512 Cinn
264 3449 442 3519 orationes,
459 3458 530 3513 nota
549 3450 633 3533 qudd
647 3452 759 3516 vocalis
777 3451 918 3528 sufficiat3
935 3453 988 3532 qui

13 3546 107 3599 aulem
129 3539 194 3602 snit
214 3546 315 3602 mente
334 3557 417 3601 orare
442 3540 566 3602 soluerit
588 3539 757 3604 laudandus
775 3549 836 3616 est;
857 3540 989 3618 aliquam

13 3629 109 3692 tamen
124 3629 261 3692 vooslam
276 3629 445 3692 orationem
467 3628 622 3710 adjungat.
644 3632 688 3692 lla
708 3628 888 3692 Benedictus
901 3625 988 3698 xlv,
