2474 3946
196 211 254 274 272
438 231 574 278 annuam
593 232 696 282 ronna
714 235 797 284 ruars
816 235 965 284 cruuntur.

196 327 381 408 pedirranta‚
404 329 514 410 quibus
535 331 654 412 positis,
675 334 917 410 matrimonium,
942 335 1034 398 ctiam
1048 335 1082 400 ln
1095 355 1169 400 con-
1228 317 1229 336 ff

196 419 320 482 scientia
334 418 485 488 validum,
501 419 624 483 effectus
633 421 733 483 civiles
748 421 857 486 habere
869 424 985 505 nequit.

235 513 325 571 llst.
349 509 407 572 sed
423 510 549 590 quaestio
569 517 613 572 est
626 510 664 572 de
684 517 828 592 potestate
850 511 1025 578 instituendi
1043 514 1171 596 impedi-
1229 553 1230 574 i

197 606 298 659 menta
312 617 380 679 quaa
395 599 511 660 nullum
526 598 652 660 reddant
665 599 753 660 etiarn
774 601 805 662 in
818 602 1003 664 conscientia
1012 603 1169 666 vinculum

197 687 354 770 conjugale
370 707 378 750 ε
394 689 473 750 circa
487 688 568 769 quod
582 697 710 768 quatuor
724 687 895 752 referuntur
905 689 1076 772 opiniones,
1087 692 1168 774 apud
1230 746 1231 798 p

198 778 233 838 D.
250 777 383 839 Carriere
397 776 563 858 (compend.
577 777 612 838 de
626 777 733 856 Matr„
748 790 784 840 n⁰
798 780 886 858 290):
903 783 961 841 ul·
974 779 1032 841 ntii
1045 787 1170 844 conten·
1230 809 1231 812 ¹

199 889 213 922 o
236 865 312 928 dunt
327 867 480 948 Principes
493 885 531 930 ex
547 868 611 948 ipsa
624 866 667 928 rei
681 870 788 929 natura
801 885 859 930 nec
867 885 955 949 posse
966 885 1169 950 necunquam
1230 877 1231 880 ’

199 980 212 1014 o
238 957 370 1036 potuisse
388 957 505 1018 irritare
524 957 762 1033 Matrimonium
779 962 811 1019 2⁰
829 955 878 1018 alii
897 956 1067 1020 concedunt
1081 957 1169 1020 Prin·

199 1069 213 1102 a
238 1047 320 1126 cipes
336 1046 366 1107 id
381 1065 468 1128 posse
488 1065 524 1107 ex
542 1047 646 1108 natura
660 1048 719 1124 rei,
735 1045 787 1108 sed
807 1051 1002 1128 propugnant
1020 1063 1073 1108 eos
1086 1048 1169 1110 exci—
1231 1052 1232 1096 l

199 1157 213 1190 r
236 1135 315 1197 disse
336 1135 375 1196 ab
399 1134 456 1196 bac
480 1142 622 1215 potestate
644 1135 744 1217 quoad
764 1135 900 1198 subditos
917 1133 1109 1213 christianos,
1131 1154 1171 1200 ex

199 1247 213 1280 r
238 1243 300 1304 quo
314 1223 447 1286 Christus
459 1222 683 1285 Matrimonium
697 1225 792 1286 evexit
806 1223 843 1286 ad
863 1223 1040 1304 dignitatem
1059 1225 1170 1287 Sacra-

201 1337 213 1368 „
239 1313 330 1375 menti
341 1333 350 1388 ;
361 1316 392 1376 3⁰
406 1312 455 1374 alii
469 1311 657 1375 admittentes
671 1313 842 1396 Principem
856 1312 966 1375 babere
980 1312 1058 1376 hanc
1069 1321 1171 1395 potes·
1232 1358 1233 1380 l

201 1427 213 1458 r
238 1408 329 1464 tatem
343 1420 378 1463 ax
397 1406 502 1463 natura
523 1402 582 1478 rei,
598 1420 735 1464 neceam
750 1401 884 1464 amisisse
905 1407 1028 1484 propter
1048 1401 1170 1466 institu-

200 1515 213 1547 o
239 1491 350 1552 tionem
372 1491 575 1564 sacramenti,
599 1491 705 1554 dicunt
727 1491 837 1569 luisse,
861 1509 915 1574 per
935 1491 1172 1556 reservationem

200 1607 214 1637 n
239 1581 396 1650 Ecclesia,
412 1579 558 1642 sublatam
578 1580 766 1661 Principibus
789 1579 956 1642 christianis
974 1579 1074 1660 quoad
1094 1581 1170 1642 sub-

201 1695 213 1726 r
238 1669 316 1732 ditos
329 1670 519 1746 christiau0s;
531 1671 562 1732 P
574 1669 623 1731 alii
634 1669 758 1732 demum
773 1667 1029 1732 existimanthanc
1043 1675 1173 1749 potesta-

201 1784 214 1816 υ
239 1766 299 1822 tem
314 1759 501 1841 Principibus
519 1767 689 1840 competere
700 1777 737 1819 ex
752 1761 859 1819 natura
872 1757 930 1832 rei,
949 1775 1004 1820 nec
1019 1758 1062 1819 eis
1076 1759 1172 1824 luisse

202 1873 215 1906 r
240 1849 367 1912 ablatam
391 1851 451 1910 sive
474 1865 528 1930 per
554 1847 771 1909 institutionem
795 1845 1001 1920 sacramenti,
1030 1846 1091 1908 sive
1114 1867 1173 1929 per

201 1961 215 1995 s
240 1940 470 2000 reservationem
492 1936 650 2011 Ecclesia,
679 1934 866 2017 proindeque
887 1937 922 1997 aa
945 1951 1065 2017 semper
1086 1937 1172 2018 ipsos
1234 1968 1235 2022 t

201 2026 409 2107 rigaudam.»

241 2124 371 2186 Primam
386 2125 564 2186 sententiam
578 2143 640 2185 non
654 2123 801 2188 audemus
810 2122 909 2186 dicere
918 2121 1171 2205 improbabilem

201 2217 368 2295 quartamd
386 2217 422 2276 Ι).
448 2215 580 2276 Carribre
594 2214 727 2295 primum
745 2219 982 2295 propugnatam,
998 2210 1050 2274 sed
1065 2221 1174 2294 postea

202 2302 238 2364 nb
252 2302 359 2364 eodem
372 2303 544 2366 derelictam
563 2303 689 2366 omninb
702 2301 806 2364 falsam
820 2307 1009 2382 reputamus;
1025 2301 1171 2383 probabi-

201 2392 257 2454 lior
270 2393 356 2454 nobis
369 2392 484 2454 videtur
498 2393 643 2469 secundm
657 2391 794 2454 dicemus
806 2409 879 2472 ergo
894 2409 902 2452 ε

201 2529 289 2588 ttae.
314 2524 489 2608 Propositio.
505 2559 546 2571 —
558 2525 603 2585 Ex
620 2541 681 2606 quo
700 2521 928 2584 matrimonium
948 2519 1003 2584 luit
1019 2521 1173 2588 debriato

239 2623 375 2678 evectum
389 2614 426 2676 ad
443 2613 619 2694 dignitatem
637 2611 838 2684 sacramenti,
854 2611 997 2692 Princeps
1016 2611 1173 2678 saecularis

240 2707 330 2770 etiam
354 2703 551 2781 christianus,
579 2719 640 2763 non
663 2707 760 2782 potest
780 2699 933 2763 instituere
952 2699 1173 2782 impedimenta

240 2795 431 2858 matrimonia
443 2791 678 2855 Christianorum
691 2787 871 2851 dirimentia.

241 2905 360 2967 Probat.
381 2907 412 2966 l⁰
431 2907 474 2966 Ex
489 2903 646 2965 traditione
665 2919 674 2963 ε
691 2903 741 2964 lvo
766 2900 958 2963 Carnulensis
977 2901 1083 2983 (Epist.
1109 2907 1170 2968 stt

202 2991 241 3054 ad
248 2993 377 3054 Arrdocll.
394 2993 545 3073 Episcop.)
559 2990 648 3054 refert
656 2991 736 3072 leges
746 2990 918 3072 Principum
931 2989 1170 3056 Christianorum

202 3081 281 3144 circa
308 3079 497 3142 matrimonia
530 3082 548 3141 a
575 3079 713 3142 bdelibus
744 3085 915 3151 contracta,
946 3077 1036 3144 luisse
1062 3081 1170 3145 obser·

201 3175 282 3232 ratas
296 3187 351 3232 suo
365 3175 500 3250 tempore
513 3168 549 3230 ed
563 3167 645 3250 qudd
658 3168 696 3230 ab
711 3167 842 3230 Ecclesia
855 3168 990 3230 Romana
1003 3167 1168 3233 confirma-

202 3266 325 3322 rentur:
341 3277 403 3320 non
425 3275 497 3339 ergo
511 3275 550 3320 ea
569 3258 666 3319 nativo
680 3263 823 3338 potestate
842 3255 980 3320 valebant
992 3256 1169 3338 hujusmodi

202 3349 283 3431 leges
295 3350 434 3412 condere.

242 3441 273 3502 S.
289 3439 418 3502 Thomas
439 3437 571 3520 (Supp1.,
587 3457 618 3519 q.
633 3445 687 3512 57,
706 3443 762 3498 art.
777 3440 812 3514 b,
835 3435 871 3499 ad
888 3437 919 3515 t)
932 3434 998 3498 ait:
1021 3458 1038 3498 a
1056 3439 1169 3504 Dicen-

202 3551 217 3591 ι
240 3529 314 3591 dum
339 3528 419 3610 qudd
443 3526 602 3608 probibitio
624 3525 697 3606 legis
719 3525 859 3588 humanm
882 3543 943 3587 non
962 3524 1113 3592 sufficeret
1129 3529 1168 3592 ad

202 3641 217 3677 r
242 3617 491 3702 impedimentum
512 3613 710 3692 matrimonii,
735 3613 792 3678 nisi
814 3613 1005 3679 interveniret
1024 3617 1167 3684 Ecclesia
