2474 3946
384 213 471 260 amm
491 212 650 270 ammaus.
944 198 1000 257 33t

77 309 133 371 Nec
141 309 232 372 etiam
241 309 299 373 sub
311 312 401 392 poend
411 311 729 394 nuttihrtsdptscopus
738 315 836 393 potest
844 307 1004 391 prohibere

44 398 167 476 parochis
179 399 391 478 amovihilihus
401 418 439 462 ne
448 401 640 462 matrimonio
654 401 801 462 assistant.
810 403 853 462 lta
866 399 1002 461 decisum

45 485 121 547 relert
130 487 286 565 Zamboni,
295 488 590 569 Matrimonium&
603 485 648 566 17,
661 498 694 549 n⁰
705 491 735 561 6)
746 508 755 566 ;
771 487 1001 567 rideAnolecta,

47 573 92 650 th,
106 577 160 639 col.
177 581 267 640 tarr.

77 670 159 729 tara.
183 665 305 740 Quaerit.
329 671 361 730 3ο
377 669 521 740 Ouaenam
538 685 604 729 esse
623 667 752 729 debeant
765 667 850 728 dotes
866 667 1000 748 parochi,

47 761 72 815 ut
82 755 207 817 validum
221 755 261 816 sit
274 756 502 820 matrimonium
515 774 617 818 coram
633 756 699 837 ipso
710 755 922 816 contractum?

79 845 161 926 ltesp.
185 848 215 906 l·
230 846 298 906 Non
319 829 454 907 absolute
477 845 640 926 requiritur
659 853 692 906 ut
711 844 750 905 sit
770 843 924 920 sacerdos,
939 844 1001 905 imd

45 932 109 994 infra
123 934 254 1015 primum
270 951 384 994 annum
403 951 465 996 suae
480 933 694 1014 promotionis,
710 950 772 994 non
795 932 895 992 sollnn
907 931 1002 994 valide

45 1021 188 1086 sedetiam
204 1023 283 1084 licite
298 1030 394 1103 potest
405 1023 542 1084 assistere
555 1023 633 1104 (cap.
650 1022 724 1085 Ciam
738 1040 776 1082 ear
790 1040 841 1097 co,
856 1017 891 1081 dc
903 1020 1001 1098 elect,

46 1111 69 1170 in
82 1112 144 1194 6⁰),
159 1119 250 1194 atquc
265 1113 374 1189 etiam,
389 1117 538 1174 transacto
552 1129 645 1190 anno,
661 1129 698 1173 ex
711 1109 831 1171 decreto
846 1111 876 1171 S.
890 1109 1001 1189 Congr.

46 1204 75 1259 ll
90 1201 180 1262 martii
197 1205 274 1264 t583
289 1220 296 1261 :
312 1205 432 1261 tenetur
445 1209 546 1262 tamen
561 1200 655 1262 alium
668 1198 853 1260 sacerdotem
864 1197 1003 1278 delegare

44 1309 90 1368 pro
112 1289 314 1372 impendenda
331 1287 540 1351 bencdictione
559 1289 696 1370 nuptiali.
722 1287 796 1350 Vide
817 1287 849 1350 S.
865 1287 1001 1368 Liguor.,

43 1377 87 1438 lih.
102 1384 138 1458 s,
155 1391 188 1440 n⁰
203 1383 292 1443 icat.

75 1471 159 1532 ⁴373.
183 1503 220 1516 -
242 1473 275 1530 2·
295 1465 447 1530 Paroehus
478 1467 773 1545 excommunicatus,
809 1465 1001 1547 irregularis,
1031 1497 1033 1500 ·

43 1573 211 1639 suspensus,
226 1557 281 1620 etsi
295 1555 453 1634 vitandus,
468 1556 564 1618 valide
577 1557 687 1618 assistit
704 1556 916 1633 matrimonio,
931 1555 1002 1637 quia

43 1645 126 1726 ipsius
139 1647 305 1710 assistentia
319 1664 380 1708 non
394 1655 439 1707 est
457 1653 541 1708 actus
553 1644 789 1724 jurisdictionis,
804 1645 916 1726 quippe
927 1644 1003 1706 valet

43 1737 258 1798 matrimonium
290 1752 394 1798 coram
421 1735 486 1815 ipso
514 1734 604 1796 invito
631 1740 837 1810 contractum,
866 1735 1002 1815 quamvis

44 1841 122 1886 nemo
144 1825 252 1889 inritus
282 1823 375 1907 possit
394 1838 533 1886 exercerc
562 1828 663 1885 actum
688 1821 924 1900 jurisdictionis,
949 1821 1002 1884 sed

43 1916 147 1976 tanthm
166 1922 251 1977 actus
264 1913 347 1976 testis
361 1911 588 1974 auctorisabilis.
604 1913 647 1972 lta
670 1911 883 1989 communiter,
898 1919 1002 1975 contra

44 2021 142 2082 paucos
154 2002 236 2086 apud
258 2004 291 2066 S.
308 2002 428 2082 Lignor.
446 1999 496 2061 lib.
513 2005 552 2076 6,
568 2009 602 2061 n⁰
620 2002 713 2076 10823
729 2005 758 2062 et
779 2001 823 2063 sic
835 2000 1001 2066 decisuml

43 2094 67 2152 S.
76 2093 181 2174 Congr.
191 2096 316 2154 testatur
325 2091 486 2171 Fagnanus
494 2087 714 2171 (Compendiam
721 2089 866 2168 Carriere,
878 2103 911 2154 n⁰
919 2095 999 2172 206).

74 2186 169 2244 litte
182 2183 325 2244 Peccaret
337 2187 450 2256 tamen,
466 2187 496 2240 et
513 2179 636 2260 quidem
652 2179 835 2261 probabilius
853 2186 998 2266 graviter,

43 2273 85 2352 qui
106 2271 301 2335 denuntiatus
317 2267 407 2330 veluti
425 2268 724 2346 excommunicatae,
747 2269 790 2331 sic
808 2273 1000 2339 matrimonio

43 2371 113 2423 extra
127 2380 230 2425 casum
252 2357 435 2422 necessitatis
448 2358 617 2432 assisteret,
632 2364 684 2419 aut
702 2357 899 2423 assistentiam
915 2367 933 2425 ir
947 2385 1000 2446 pa-

44 2451 124 2513 rocho
135 2449 314 2513 denunliato
328 2447 590 2508 excommunicato
605 2446 781 2528 postularet;
798 2448 849 2510 sed
865 2453 1002 2530 probabi-

45 2537 92 2601 liirs
112 2540 228 2604 ridetur
250 2536 330 2619 qudd
359 2535 426 2596 talis
449 2534 596 2615 parochus
627 2535 925 2615 excommunicatus,
950 2548 1002 2602 aut

45 2625 202 2710 irregularis
216 2627 308 2708 possit
322 2624 405 2686 alteri
416 2623 560 2684 sacerdoti
574 2623 645 2684 dare
660 2623 810 2684 licentiam
825 2625 999 2688 assistendi:

45 2719 104 2794 quia
126 2736 181 2780 nrc
195 2716 284 2778 etiarn
300 2713 363 2775 haec
377 2711 495 2774 licentia
515 2719 547 2774 ut
560 2719 644 2773 actus
655 2710 871 2789 jurisdictionis
891 2721 936 2773 est
949 2714 1001 2774 ha-

46 2801 141 2886 benda,
156 2811 227 2870 cbnt
238 2801 478 2886 parochusillam
490 2801 553 2877 det,
564 2817 626 2860 non
641 2799 764 2880 praecise
778 2799 849 2880 qnia
864 2808 908 2862 est
919 2821 1003 2882 paro-

46 2893 118 2972 chus,
128 2897 179 2960 sed
195 2896 266 2977 quia
279 2895 296 2955 h
311 2891 445 2954 Concilio
453 2889 627 2952 Tridentino
635 2895 680 2948 est
692 2893 871 2950 constitutus
880 2898 913 2952 ut
922 2893 1003 2956 testis

47 2986 205 3068 principalis
220 2979 416 3058 matrimonii,
439 2995 511 3041 cum
534 2983 679 3060 potestate
701 2975 794 3040 alium
816 2979 1003 3046 sacerdotem

46 3070 311 3146 sibisubstitucndi;
322 3065 764 3148 deindcnihilaliudestquirm
774 3085 856 3131 mera
867 3088 1003 3151 personae

46 3161 211 3244 designatio.
233 3163 266 3224 S.
281 3161 403 3242 liguor.
420 3159 483 3236 (lib.
509 3161 548 3236 6,
572 3165 606 3220 n⁰
626 3159 725 3237 l083);
740 3157 874 3221 Carriere
894 3161 1000 3246 (idid).

46 3251 161 3325 -ouid
174 3253 213 3314 sit
221 3249 413 3314 sentiendum
427 3247 465 3308 de
476 3247 676 3308 matrimoniis
689 3264 791 3309 coram
800 3247 914 3312 intruso
924 3254 1002 3318 cele-

47 3336 144 3417 bratis,
155 3340 256 3420 colligi
270 3343 369 3421 potest
381 3355 418 3397 ex
433 3335 469 3396 iis
483 3353 551 3416 quae
560 3352 650 3415 supra
667 3335 799 3399 diximus
815 3341 903 3416 (290,
918 3347 1000 3420 etc).

80 3434 164 3492 4375.
187 3431 310 3508 Quaerit.
326 3431 359 3487 4⁰
372 3424 522 3501 Quinam,
545 3425 642 3504 aquo
661 3431 691 3486 et
710 3437 859 3507 quatenus
872 3427 1003 3510 delegari
1026 3441 1029 3450 '

49 3517 153 3580 valcant
165 3517 204 3580 ad
219 3515 458 3580 interessendum
472 3512 672 3574 matrimoniis
684 3516 748 3575 vice
757 3515 904 3596 parochi?

84 3609 167 3688 ltesp.
184 3613 216 3670 lt
232 3603 279 3668 hd
301 3603 501 3666 matrimoniis
514 3601 753 3663 interessendum
768 3602 822 3662 soli
836 3601 1004 3662 sacerdotes
