2482 3944
397 171 483 219 amun
503 169 662 218 sacramus.
978 159 1012 222 31

58 301 71 340 a
88 274 358 351 scandalumdebet
365 274 657 353 missamincoeptam
667 271 890 336 deserereatitu
897 274 1019 339 rubrica

58 369 195 430 blissalis:
214 384 274 429 non
297 373 401 426 tamen
429 369 547 425 oenum
569 367 635 438 est,
658 360 697 422 ait
718 363 749 424 S.
774 363 913 443 Liguor„
938 363 1016 427 banc

58 457 195 518 rubricam
222 455 357 536 obligare
384 451 441 514 sub
464 451 562 533 gravi;
591 450 664 528 sed,
694 455 728 511 ut
753 450 831 512 bene
859 451 1016 515 advertunt

58 545 206 625 Toumely,
228 544 355 618 Peleus,
371 547 442 616 etc,
465 541 512 601 vix
535 557 571 602 oo
593 557 666 601 casu
689 545 760 600 nota
781 539 912 602 inlamiae
931 543 1016 604 uitiari

58 633 167 714 poterit;
191 639 222 692 et
241 631 322 694 idem
345 636 391 692 est
413 627 577 691 dicendum
600 627 631 688 in
650 626 788 708 pluribus
812 628 878 690 aliis
899 631 1018 692 casibus

58 739 136 802 supra
148 721 414 792 enuntiatis;-l⁰
426 723 458 779 ut
473 735 559 779 casus
573 717 899 796 urgentisnecessitatis
909 716 1020 778 baben-

58 810 104 870 dus
116 816 159 870 <st
173 811 197 870 si
220 809 250 870 in
269 823 396 869 scamno
416 805 706 868 communicantium
720 804 887 867 recorderis
905 809 1018 886 peccati

58 899 195 973 mortalis,
210 915 267 960 nec
279 897 346 958 sine
361 897 432 958 nota
445 902 496 956 aut
510 894 650 958 scandalo
661 895 740 974 graui
756 895 852 976 possis
866 896 1018 972 recedere

58 1005 109 1047 non
121 995 221 1050 autem
236 985 354 1066 expedit
365 993 437 1047 tuno
450 991 501 1046 aut
511 983 598 1046 decet
609 983 744 1046 confiteri
760 984 905 1046 sacerdoti
919 985 1020 1047 minis·

58 1079 135 1138 banti
154 1075 393 1150 cucharistiam,
408 1073 460 1136 sed
481 1074 591 1134 teneris
611 1073 713 1135 conari
733 1077 768 1133 ut
790 1079 890 1134 actum
908 1073 1016 1137 contri«

59 1165 135 1227 tionis
149 1165 287 1246 perlectae
296 1163 408 1224 elicias
426 1165 468 1240 (S.
485 1163 562 1242 Lig,
580 1162 633 1232 it..
649 1165 732 1240 ⁰263.)

91 1257 186 1337 3337.Ι
198 1253 334 1314 Diximus
351 1257 384 1313 2⁰
403 1260 432 1314 et
446 1251 519 1312 desit
541 1251 755 1331 confessarius:
773 1249 905 1313 «deesse
919 1257 1020 1316 antem

60 1361 71 1398 u
91 1351 241 1418 censetur,
265 1360 339 1410 non,
356 1346 391 1403 ut
409 1340 531 1421 quidam
546 1340 670 1416 volunt,
687 1340 710 1400 si
734 1339 810 1402 absit
829 1341 853 1401 is
874 1341 920 1402 cui
946 1343 1019 1404 solet

60 1450 71 1484 a
91 1439 117 1490 et
129 1436 252 1511 cuperet
266 1429 423 1502 confiteri,
439 1428 483 1490 uel
498 1429 546 1490 cui
561 1427 696 1489 devotius
710 1435 761 1489 aut
778 1429 881 1490 utiliirs
895 1429 1020 1492 conlite-

60 1539 71 1573 3
91 1526 179 1594 retur,
195 1536 334 1598 neque...
349 1517 374 1579 si
384 1517 540 1597 religiosus
550 1535 611 1578 non
623 1518 716 1597 possit
726 1517 783 1577 nisi
798 1517 931 1578 saeculari
948 1537 1021 1579 con-

61 1627 72 1660 a
93 1605 164 1668 litori
187 1614 309 1688 peccata
329 1606 429 1687 gravia
447 1623 517 1668 cum
537 1605 637 1686 aliqua
658 1604 781 1666 infamia
804 1606 1019 1686 lteligionis...;

60 1716 71 1748 r
92 1695 204 1757 sed.....
229 1695 253 1756 si
274 1695 375 1757 nullus
398 1696 435 1755 sit
449 1711 601 1775 praesens,
617 1693 773 1755 absentem
792 1697 863 1755 verb
882 1695 946 1756 sine
962 1713 1023 1758 ma·

61 1805 72 1836 r
95 1786 147 1861 gna
160 1783 332 1845 difficultate
346 1785 486 1863 (spectata
500 1789 565 1843 tum
576 1781 726 1842 debilitate
737 1827 744 1856 ,
756 1788 842 1842 aelata
853 1789 880 1840 et
897 1783 1023 1858 nepotiis

60 1891 72 1924 t
94 1889 241 1950 personae,
258 1878 322 1932 tum
344 1871 409 1932 aliis
429 1869 681 1946 circumstantiis,
707 1875 740 1929 ut
758 1869 851 1938 aeria,
875 1867 1024 1931 brevitatis

62 1962 252 2041 ntamporis)
275 1958 358 2020 adire
381 1975 442 2020 non
469 1958 578 2039 possis.
604 1978 618 2015 n
648 1959 689 2018 lta
718 1955 920 2017 Busentbaum
944 1957 1023 2038 apud

63 2046 87 2106 S.
101 2048 216 2130 liguor.
237 2047 308 2126 (lib.
328 2051 365 2123 6,
382 2055 415 2108 3ο
429 2050 516 2125 aba),
532 2046 584 2127 qui
606 2044 714 2107 addit:
734 2067 749 2103 u
766 2063 909 2108 excusare
932 2047 1022 2110 etiam

63 2156 75 2190 r
93 2135 259 2198 distantiam
279 2135 467 2209 confessarii,
482 2138 573 2196 causa
593 2135 707 2196 itineris
730 2133 858 2197 duarum
880 2133 1023 2198 horarum

62 2245 73 2278 a
92 2225 158 2288 dicit
171 2225 306 2287 Gobat...
319 2223 439 2286 Rhodes
451 2241 543 2286 unam
558 2223 686 2299 leucam,
699 2224 728 2285 id
743 2231 786 2286 est
800 2224 856 2285 tria
867 2225 1021 2286 milliaria:

61 2333 73 2368 a
92 2315 186 2376 Canus
198 2321 301 2376 autem
315 2315 357 2374 ait
370 2313 507 2376 subicere
525 2314 580 2373 iter
594 2313 728 2394 quinque
743 2313 1021 2394 quadrantium....;

60 2402 174 2464 turon
178 2448 240 2467 .....
270 2404 351 2464 recte
388 2401 428 2463 ait
430 2445 491 2464 .....
520 2401 578 2462 hoc
602 2399 800 2479 Judioandum
829 2418 866 2462 ex
892 2403 1024 2464 eircum-

60 2491 232 2553 lstantiis:
260 2491 331 2553 inde
351 2495 392 2553 ait
417 2490 562 2552 Patous...
593 2487 672 2570 quod
692 2489 869 2571 aliquando,
891 2496 1023 2572 spectata

60 2598 72 2632 r
94 2578 290 2641 imbecillitate
299 2578 461 2641 sacerdotis
476 2585 505 2639 at
515 2577 655 2639 brevitate
666 2579 809 2658 temporis
824 2577 853 2638 in
868 2598 929 2660 quo
944 2581 1023 2642 cule-

60 2686 72 2722 3
93 2665 1019 2748 lamdebetpoteritexcusareadhucdistantiaaopassuum.»

92 2757 176 2816 3338.
194 2756 224 2817 Si
239 2756 308 2837 quis
321 2762 422 2817 autem
433 2754 556 2816 haberet
568 2762 727 2834 peecatum
744 2761 925 2814 reservatum
939 2761 969 2814 et
983 2755 1023 2816 illi

61 2857 112 2904 uon
125 2851 296 2925 suppeteret
310 2844 398 2924 copia
411 2842 584 2905 confessarii
602 2841 739 2901 habentis
753 2838 935 2906 facultatem.
951 2848 1024 2904 tuna

61 2931 97 2991 rel
110 2933 225 2994 nullum
240 2931 321 2994 aliud
336 2931 462 2994 mortale
476 2937 635 3014 peccatum
650 2928 753 3002 babet,
769 2936 798 2991 et
813 2928 843 2989 in
859 2927 914 2990 bac
928 2928 1024 3010 hypo-

61 3015 136 3093 thesi,
150 3021 336 3082 conveniunt
349 3021 410 3081 DD.
428 3021 512 3082 illum
532 3038 593 3082 non
607 3017 703 3080 teneri
721 3018 758 3079 ad
780 3017 1021 3096 confessionem,

60 3106 104 3166 sed
116 3108 251 3171 subicere
265 3115 299 3170 ut
311 3115 504 3184 contemtum
520 3108 586 3170 etsi
607 3107 772 3169 adverteret
785 3126 817 3169 se
835 3127 896 3169 non
913 3107 1024 3172 babere

61 3199 271 3270 contritionem,
288 3197 341 3258 sed
352 3197 448 3260 solam
462 3197 656 3270 attritionem,
667 3203 821 3258 teneretur
832 3197 916 3276 juxta
928 3191 1022 3279 Lupo,

61 3289 121 3360 otc,
136 3285 272 3348 confiteri
288 3283 431 3364 venialia,
446 3285 492 3348 vel
514 3292 672 3368 peccatum
694 3286 768 3347 alias
785 3285 974 3364 confessum,
990 3295 1024 3351 ut

62 3369 137 3434 ticb
167 3381 318 3440 reservato
334 3421 342 3448 ‚
358 3375 477 3460 ¹saltem
507 3373 670 3450 indirecte,
694 3375 915 3448 absolveretur,
942 3379 1024 3458 quod

62 3475 167 3542 temper
180 3465 280 3526 tacere
303 3463 423 3546 expedit
443 3463 533 3525 etiam
554 3463 683 3525 contrito
701 3471 734 3525 ut
754 3465 890 3526 securius
910 3469 1024 3529 Eucha-

59 3545 161 3614 ristiam
174 3559 293 3620 sumata
303 3585 343 3600 -·
353 3553 403 3638 'uel
416 3569 488 3614 cum
508 3558 632 3634 peccato
650 3559 799 3614 reservato
816 3553 874 3615 alia
887 3555 1022 3616 mortalia
