<?xml version="1.0" encoding="UTF-8"?>
<!DOCTYPE html PUBLIC "-//W3C//DTD XHTML 1.0 Transitional//EN"
    "http://www.w3.org/TR/xhtml1/DTD/xhtml1-transitional.dtd">
<html xmlns="http://www.w3.org/1999/xhtml" xml:lang="en" lang="en">
 <head>
  <title>
</title>
<meta http-equiv="Content-Type" content="text/html;charset=utf-8" />
  <meta name='ocr-system' content='tesseract 3.04.00' />
  <meta name='ocr-capabilities' content='ocr_page ocr_carea ocr_par ocr_line ocrx_word'/>
</head>
<body>
  <div class='ocr_page' id='page_1' title='image "./manualetotiusju00craigoog_0035.png"; bbox 0 0 2482 3944; ppageno 0'>
   <div class='ocr_carea' id='block_1_1' title="bbox 197 206 944 287">
    <p class='ocr_par' dir='ltr' id='par_1_1' title="bbox 197 206 944 287">
     <span class='ocr_line' id='line_1_1' title="bbox 197 206 944 287; baseline 0.011 -9"><span class='ocrx_word' id='word_1_1' title='bbox 197 219 233 278; x_wconf 81' lang='lat'><strong>¹28</strong></span> <span class='ocrx_word' id='word_1_2' title='bbox 415 239 552 284; x_wconf 73' lang='lat' dir='ltr'><strong>nanuum</strong></span> <span class='ocrx_word' id='word_1_3' title='bbox 572 241 674 286; x_wconf 77' lang='lat' dir='ltr'><strong>nouus</strong></span> <span class='ocrx_word' id='word_1_4' title='bbox 692 241 775 286; x_wconf 75' lang='lat' dir='ltr'><strong>rums</strong></span> <span class='ocrx_word' id='word_1_5' title='bbox 794 206 944 287; x_wconf 82' lang='lat' dir='ltr'><strong>ciuourcr.</strong></span> 
     </span>
    </p>
   </div>
   <div class='ocr_carea' id='block_1_2' title="bbox 13 337 1230 3712">
    <p class='ocr_par' dir='ltr' id='par_1_2' title="bbox 196 337 1228 1755">
     <span class='ocr_line' id='line_1_2' title="bbox 197 337 1171 416; baseline 0.004 -18"><span class='ocrx_word' id='word_1_6' title='bbox 197 337 372 400; x_wconf 83' lang='lat' dir='ltr'><strong>munionem</strong></span> <span class='ocrx_word' id='word_1_7' title='bbox 384 339 1071 416; x_wconf 80' lang='lat' dir='ltr'><strong>luisseadmissos,etiamanteusumrationis.</strong></span> <span class='ocrx_word' id='word_1_8' title='bbox 1088 341 1171 402; x_wconf 83' lang='lat' dir='ltr'><strong>Circa</strong></span> 
     </span>
     <span class='ocr_line' id='line_1_3' title="bbox 196 429 1225 511; baseline 0.003 -24"><span class='ocrx_word' id='word_1_9' title='bbox 196 434 296 489; x_wconf 89' lang='lat' dir='ltr'><strong>nutem</strong></span> <span class='ocrx_word' id='word_1_10' title='bbox 309 429 506 510; x_wconf 75' lang='lat' dir='ltr'><strong>questionem</strong></span> <span class='ocrx_word' id='word_1_11' title='bbox 522 430 706 511; x_wconf 81' lang='lat' dir='ltr'><strong>propositam</strong></span> <span class='ocrx_word' id='word_1_12' title='bbox 716 429 828 510; x_wconf 83' lang='lat' dir='ltr'>duplex</span> <span class='ocrx_word' id='word_1_13' title='bbox 838 436 884 491; x_wconf 89' lang='lat' dir='ltr'><strong>est</strong></span> <span class='ocrx_word' id='word_1_14' title='bbox 892 430 1040 492; x_wconf 90' lang='lat' dir='ltr'><strong>sententia</strong></span> <span class='ocrx_word' id='word_1_15' title='bbox 1050 450 1058 490; x_wconf 92' lang='lat'><strong>:</strong></span> <span class='ocrx_word' id='word_1_16' title='bbox 1069 431 1170 510; x_wconf 82' lang='lat' dir='ltr'><strong>primo</strong></span> <span class='ocrx_word' id='word_1_17' title='bbox 1224 445 1225 478; x_wconf 74' lang='lat' dir='ltr'><strong>l</strong></span> 
     </span>
     <span class='ocr_line' id='line_1_4' title="bbox 197 513 1225 600; baseline 0.003 -23"><span class='ocrx_word' id='word_1_18' title='bbox 197 516 342 596; x_wconf 70' lang='lat' dir='ltr'><strong>attremat,</strong></span> <span class='ocrx_word' id='word_1_19' title='bbox 371 525 400 580; x_wconf 89' lang='lat' dir='ltr'><strong>et</strong></span> <span class='ocrx_word' id='word_1_20' title='bbox 421 517 499 579; x_wconf 89' lang='lat' dir='ltr'><strong>banc</strong></span> <span class='ocrx_word' id='word_1_21' title='bbox 522 525 603 580; x_wconf 91' lang='lat' dir='ltr'><strong>tenet</strong></span> <span class='ocrx_word' id='word_1_22' title='bbox 625 521 657 582; x_wconf 88' lang='lat' dir='ltr'><strong>S.</strong></span> <span class='ocrx_word' id='word_1_23' title='bbox 684 519 854 580; x_wconf 77' lang='lat' dir='ltr'><strong>Antoninus</strong></span> <span class='ocrx_word' id='word_1_24' title='bbox 881 536 953 580; x_wconf 89' lang='lat' dir='ltr'><strong>cum</strong></span> <span class='ocrx_word' id='word_1_25' title='bbox 978 517 1044 580; x_wconf 90' lang='lat' dir='ltr'><strong>aliis</strong></span> <span class='ocrx_word' id='word_1_26' title='bbox 1066 537 1074 578; x_wconf 92' lang='lat'>:</span> <span class='ocrx_word' id='word_1_27' title='bbox 1100 519 1172 600; x_wconf 84' lang='lat' dir='ltr'><strong>quia</strong></span> <span class='ocrx_word' id='word_1_28' title='bbox 1224 513 1225 516; x_wconf 51' lang='lat'>&#39;</span> 
     </span>
     <span class='ocr_line' id='line_1_5' title="bbox 197 605 1173 690; baseline 0.002 -24"><span class='ocrx_word' id='word_1_29' title='bbox 197 605 353 687; x_wconf 89' lang='lat' dir='ltr'><strong>praeceptis</strong></span> <span class='ocrx_word' id='word_1_30' title='bbox 373 605 574 686; x_wconf 81' lang='lat' dir='ltr'><strong>subjiciuntur</strong></span> <span class='ocrx_word' id='word_1_31' title='bbox 595 607 615 670; x_wconf 92' lang='lat' dir='ltr'><strong>ii</strong></span> <span class='ocrx_word' id='word_1_32' title='bbox 638 608 689 690; x_wconf 86' lang='lat' dir='ltr'><strong>qui</strong></span> <span class='ocrx_word' id='word_1_33' title='bbox 718 607 842 670; x_wconf 87' lang='lat' dir='ltr'><strong>rationis</strong></span> <span class='ocrx_word' id='word_1_34' title='bbox 856 625 946 669; x_wconf 90' lang='lat' dir='ltr'><strong>usum</strong></span> <span class='ocrx_word' id='word_1_35' title='bbox 973 606 1086 668; x_wconf 88' lang='lat' dir='ltr'><strong>babent</strong></span> <span class='ocrx_word' id='word_1_36' title='bbox 1104 627 1113 682; x_wconf 89' lang='grc'><strong>;</strong></span> <span class='ocrx_word' id='word_1_37' title='bbox 1132 627 1173 668; x_wconf 77' lang='lat' dir='ltr'><strong>se</strong></span> 
     </span>
     <span class='ocr_line' id='line_1_6' title="bbox 196 693 1226 804; baseline 0.003 -51"><span class='ocrx_word' id='word_1_38' title='bbox 196 693 302 766; x_wconf 64' lang='lat' dir='ltr'><strong>cuum,</strong></span> <span class='ocrx_word' id='word_1_39' title='bbox 316 714 410 776; x_wconf 85' lang='lat' dir='ltr'><strong>quam</strong></span> <span class='ocrx_word' id='word_1_40' title='bbox 433 698 465 758; x_wconf 91' lang='lat' dir='ltr'><strong>S.</strong></span> <span class='ocrx_word' id='word_1_41' title='bbox 486 696 608 778; x_wconf 89' lang='lat' dir='ltr'><strong>Liguor.</strong></span> <span class='ocrx_word' id='word_1_42' title='bbox 623 705 709 759; x_wconf 90' lang='lat' dir='ltr'><strong>vocat</strong></span> <span class='ocrx_word' id='word_1_43' title='bbox 722 695 1004 759; x_wconf 88' lang='lat' dir='ltr'><strong>communissimam</strong></span> <span class='ocrx_word' id='word_1_44' title='bbox 1018 703 1047 756; x_wconf 90' lang='lat' dir='ltr'><strong>et</strong></span> <span class='ocrx_word' id='word_1_45' title='bbox 1063 695 1171 776; x_wconf 87' lang='lat' dir='ltr'><strong>proba·</strong></span> <span class='ocrx_word' id='word_1_46' title='bbox 1225 748 1226 804; x_wconf 38' lang='lat' dir='ltr'><strong>p</strong></span> 
     </span>
     <span class='ocr_line' id='line_1_7' title="bbox 198 781 1226 866; baseline 0.002 -24"><span class='ocrx_word' id='word_1_47' title='bbox 198 781 353 860; x_wconf 83' lang='lat' dir='ltr'><strong>biberem,</strong></span> <span class='ocrx_word' id='word_1_48' title='bbox 370 792 481 865; x_wconf 88' lang='lat' dir='ltr'><strong>negat:</strong></span> <span class='ocrx_word' id='word_1_49' title='bbox 498 786 570 866; x_wconf 89' lang='lat' dir='ltr'><strong>quia</strong></span> <span class='ocrx_word' id='word_1_50' title='bbox 583 787 756 848; x_wconf 90' lang='lat' dir='ltr'><strong>communis</strong></span> <span class='ocrx_word' id='word_1_51' title='bbox 776 786 839 846; x_wconf 90' lang='lat' dir='ltr'><strong>DD.</strong></span> <span class='ocrx_word' id='word_1_52' title='bbox 862 785 1010 846; x_wconf 88' lang='lat' dir='ltr'><strong>sententia</strong></span> <span class='ocrx_word' id='word_1_53' title='bbox 1025 783 1070 845; x_wconf 90' lang='lat' dir='ltr'><strong>sic</strong></span> <span class='ocrx_word' id='word_1_54' title='bbox 1084 783 1175 845; x_wconf 91' lang='lat' dir='ltr'><strong>inter·</strong></span> <span class='ocrx_word' id='word_1_55' title='bbox 1225 819 1226 830; x_wconf 67' lang='lat'><strong>.</strong></span> 
     </span>
     <span class='ocr_line' id='line_1_8' title="bbox 198 871 1173 956; baseline 0.001 -24"><span class='ocrx_word' id='word_1_56' title='bbox 198 879 311 952; x_wconf 85' lang='lat' dir='ltr'><strong>prelata</strong></span> <span class='ocrx_word' id='word_1_57' title='bbox 337 880 383 936; x_wconf 90' lang='lat' dir='ltr'><strong>est</strong></span> <span class='ocrx_word' id='word_1_58' title='bbox 408 874 622 955; x_wconf 67' lang='lat' dir='ltr'><strong>obligationem</strong></span> <span class='ocrx_word' id='word_1_59' title='bbox 645 873 737 954; x_wconf 85' lang='lat' dir='ltr'><strong>hujus</strong></span> <span class='ocrx_word' id='word_1_60' title='bbox 755 873 913 956; x_wconf 75' lang='lat' dir='ltr'><strong>precepti,</strong></span> <span class='ocrx_word' id='word_1_61' title='bbox 928 880 962 936; x_wconf 93' lang='lat' dir='ltr'><strong>ut</strong></span> <span class='ocrx_word' id='word_1_62' title='bbox 986 871 1072 954; x_wconf 88' lang='lat' dir='ltr'><strong>pueri</strong></span> <span class='ocrx_word' id='word_1_63' title='bbox 1101 891 1173 935; x_wconf 90' lang='lat' dir='ltr'><strong>curn</strong></span> 
     </span>
     <span class='ocr_line' id='line_1_9' title="bbox 198 961 1170 1044; baseline 0 -24"><span class='ocrx_word' id='word_1_64' title='bbox 198 962 303 1040; x_wconf 88' lang='lat' dir='ltr'><strong>ruaj0ri</strong></span> <span class='ocrx_word' id='word_1_65' title='bbox 325 961 422 1026; x_wconf 86' lang='lat' dir='ltr'><strong>fructu</strong></span> <span class='ocrx_word' id='word_1_66' title='bbox 445 963 662 1026; x_wconf 85' lang='lat' dir='ltr'><strong>Eucharistiam</strong></span> <span class='ocrx_word' id='word_1_67' title='bbox 686 962 864 1044; x_wconf 89' lang='lat' dir='ltr'><strong>percipiant.</strong></span> <span class='ocrx_word' id='word_1_68' title='bbox 892 965 955 1024; x_wconf 88' lang='lat' dir='ltr'><strong>Nec</strong></span> <span class='ocrx_word' id='word_1_69' title='bbox 983 961 1080 1024; x_wconf 84' lang='lat' dir='ltr'><strong>obstat</strong></span> <span class='ocrx_word' id='word_1_70' title='bbox 1103 980 1170 1043; x_wconf 91' lang='lat' dir='ltr'><strong>cap.</strong></span> 
     </span>
     <span class='ocr_line' id='line_1_10' title="bbox 200 1049 1227 1134; baseline 0.001 -22"><span class='ocrx_word' id='word_1_71' title='bbox 200 1049 301 1112; x_wconf 77' lang='lat' dir='ltr'><strong>Omnis</strong></span> <span class='ocrx_word' id='word_1_72' title='bbox 314 1052 468 1134; x_wconf 83' lang='lat' dir='ltr'><strong>utriusque</strong></span> <span class='ocrx_word' id='word_1_73' title='bbox 481 1052 588 1116; x_wconf 73' lang='lat' dir='ltr'><strong>sends:</strong></span> <span class='ocrx_word' id='word_1_74' title='bbox 602 1053 673 1134; x_wconf 83' lang='lat' dir='ltr'><strong>quia</strong></span> <span class='ocrx_word' id='word_1_75' title='bbox 694 1053 765 1114; x_wconf 90' lang='lat' dir='ltr'><strong>anni</strong></span> <span class='ocrx_word' id='word_1_76' title='bbox 787 1049 975 1116; x_wconf 87' lang='lat' dir='ltr'><strong>discretionis</strong></span> <span class='ocrx_word' id='word_1_77' title='bbox 988 1050 1173 1131; x_wconf 88' lang='lat' dir='ltr'><strong>intelligendi</strong></span> <span class='ocrx_word' id='word_1_78' title='bbox 1226 1054 1227 1122; x_wconf 83' lang='lat' dir='ltr'><strong>l</strong></span> 
     </span>
     <span class='ocr_line' id='line_1_11' title="bbox 198 1139 1173 1218; baseline 0.001 -18"><span class='ocrx_word' id='word_1_79' title='bbox 198 1147 269 1200; x_wconf 89' lang='lat' dir='ltr'><strong>sunt</strong></span> <span class='ocrx_word' id='word_1_80' title='bbox 279 1141 363 1216; x_wconf 87' lang='lat' dir='ltr'><strong>juxta</strong></span> <span class='ocrx_word' id='word_1_81' title='bbox 378 1141 544 1204; x_wconf 83' lang='lat' dir='ltr'><strong>materiam.</strong></span> <span class='ocrx_word' id='word_1_82' title='bbox 568 1143 649 1202; x_wconf 90' lang='lat' dir='ltr'><strong>Inter</strong></span> <span class='ocrx_word' id='word_1_83' title='bbox 666 1139 797 1202; x_wconf 87' lang='lat' dir='ltr'><strong>lautores</strong></span> <span class='ocrx_word' id='word_1_84' title='bbox 810 1140 937 1218; x_wconf 83' lang='lat' dir='ltr'><strong>hujusce</strong></span> <span class='ocrx_word' id='word_1_85' title='bbox 952 1141 1109 1201; x_wconf 76' lang='lat' dir='ltr'><strong>sententiaa</strong></span> <span class='ocrx_word' id='word_1_86' title='bbox 1124 1139 1173 1201; x_wconf 92' lang='lat' dir='ltr'><strong>alii</strong></span> 
     </span>
     <span class='ocr_line' id='line_1_12' title="bbox 197 1225 1175 1312; baseline 0.001 -24"><span class='ocrx_word' id='word_1_87' title='bbox 197 1225 302 1290; x_wconf 91' lang='lat' dir='ltr'><strong>dicunt</strong></span> <span class='ocrx_word' id='word_1_88' title='bbox 316 1227 379 1290; x_wconf 92' lang='lat' dir='ltr'><strong>dari</strong></span> <span class='ocrx_word' id='word_1_89' title='bbox 396 1249 456 1291; x_wconf 93' lang='lat' dir='ltr'><strong>non</strong></span> <span class='ocrx_word' id='word_1_90' title='bbox 472 1248 559 1312; x_wconf 89' lang='lat' dir='ltr'><strong>posse</strong></span> <span class='ocrx_word' id='word_1_91' title='bbox 573 1229 821 1292; x_wconf 86' lang='lat' dir='ltr'><strong>communionem</strong></span> <span class='ocrx_word' id='word_1_92' title='bbox 829 1229 931 1309; x_wconf 90' lang='lat' dir='ltr'><strong>pueris</strong></span> <span class='ocrx_word' id='word_1_93' title='bbox 942 1227 1079 1289; x_wconf 91' lang='lat' dir='ltr'><strong>nondum</strong></span> <span class='ocrx_word' id='word_1_94' title='bbox 1087 1247 1175 1308; x_wconf 87' lang='lat' dir='ltr'><strong>capa-</strong></span> 
     </span>
     <span class='ocr_line' id='line_1_13' title="bbox 199 1317 1228 1398; baseline -0.001 -19"><span class='ocrx_word' id='word_1_95' title='bbox 199 1317 284 1379; x_wconf 91' lang='lat' dir='ltr'><strong>cibus</strong></span> <span class='ocrx_word' id='word_1_96' title='bbox 297 1317 565 1398; x_wconf 78' lang='lat' dir='ltr'><strong>dignbeteongruh</strong></span> <span class='ocrx_word' id='word_1_97' title='bbox 573 1317 836 1387; x_wconf 82' lang='lat' dir='ltr'><strong>communicandi:</strong></span> <span class='ocrx_word' id='word_1_98' title='bbox 853 1317 901 1378; x_wconf 89' lang='lat' dir='ltr'><strong>alii</strong></span> <span class='ocrx_word' id='word_1_99' title='bbox 917 1317 1065 1379; x_wconf 91' lang='lat' dir='ltr'><strong>sustinent</strong></span> <span class='ocrx_word' id='word_1_100' title='bbox 1078 1319 1172 1397; x_wconf 83' lang='lat' dir='ltr'><strong>quod,</strong></span> <span class='ocrx_word' id='word_1_101' title='bbox 1227 1360 1228 1398; x_wconf 47' lang='lat' dir='ltr'><strong>i</strong></span> 
     </span>
     <span class='ocr_line' id='line_1_14' title="bbox 199 1406 1228 1490; baseline 0 -23"><span class='ocrx_word' id='word_1_102' title='bbox 199 1407 252 1468; x_wconf 89' lang='lat' dir='ltr'><strong>etsi</strong></span> <span class='ocrx_word' id='word_1_103' title='bbox 265 1426 324 1468; x_wconf 92' lang='lat' dir='ltr'><strong>non</strong></span> <span class='ocrx_word' id='word_1_104' title='bbox 339 1408 376 1468; x_wconf 91' lang='lat' dir='ltr'><strong>sit</strong></span> <span class='ocrx_word' id='word_1_105' title='bbox 389 1408 530 1490; x_wconf 82' lang='lat' dir='ltr'><strong>obligatio</strong></span> <span class='ocrx_word' id='word_1_106' title='bbox 541 1407 730 1469; x_wconf 91' lang='lat' dir='ltr'><strong>ministrandi</strong></span> <span class='ocrx_word' id='word_1_107' title='bbox 745 1406 979 1481; x_wconf 80' lang='lat' dir='ltr'><strong>Eucharistiam‚</strong></span> <span class='ocrx_word' id='word_1_108' title='bbox 995 1412 1094 1467; x_wconf 72' lang='lat' dir='ltr'><strong>mmen</strong></span> <span class='ocrx_word' id='word_1_109' title='bbox 1112 1406 1175 1486; x_wconf 90' lang='lat' dir='ltr'><strong>ipsa</strong></span> <span class='ocrx_word' id='word_1_110' title='bbox 1227 1423 1228 1434; x_wconf 51' lang='lat'><em>*</em></span> 
     </span>
     <span class='ocr_line' id='line_1_15' title="bbox 200 1493 1174 1578; baseline 0 -22"><span class='ocrx_word' id='word_1_111' title='bbox 200 1497 360 1558; x_wconf 89' lang='lat' dir='ltr'><strong>ministrari</strong></span> <span class='ocrx_word' id='word_1_112' title='bbox 376 1503 472 1578; x_wconf 85' lang='lat' dir='ltr'><strong>potest</strong></span> <span class='ocrx_word' id='word_1_113' title='bbox 487 1497 589 1577; x_wconf 89' lang='lat' dir='ltr'><strong>pueris</strong></span> <span class='ocrx_word' id='word_1_114' title='bbox 601 1497 653 1577; x_wconf 87' lang='lat' dir='ltr'><strong>qui</strong></span> <span class='ocrx_word' id='word_1_115' title='bbox 668 1495 838 1557; x_wconf 88' lang='lat' dir='ltr'><strong>discernere</strong></span> <span class='ocrx_word' id='word_1_116' title='bbox 853 1495 950 1556; x_wconf 79' lang='lat' dir='ltr'><strong>valent</strong></span> <span class='ocrx_word' id='word_1_117' title='bbox 972 1493 1054 1556; x_wconf 91' lang='lat' dir='ltr'><strong>hunc</strong></span> <span class='ocrx_word' id='word_1_118' title='bbox 1067 1496 1174 1556; x_wconf 88' lang='lat' dir='ltr'><strong>coeles-</strong></span> 
     </span>
     <span class='ocr_line' id='line_1_16' title="bbox 199 1583 1172 1667; baseline 0 -21"><span class='ocrx_word' id='word_1_119' title='bbox 199 1593 260 1646; x_wconf 92' lang='lat' dir='ltr'><strong>tem</strong></span> <span class='ocrx_word' id='word_1_120' title='bbox 275 1586 377 1648; x_wconf 91' lang='lat' dir='ltr'><strong>cibum</strong></span> <span class='ocrx_word' id='word_1_121' title='bbox 392 1589 408 1648; x_wconf 78' lang='lat' dir='ltr'><strong>a</strong></span> <span class='ocrx_word' id='word_1_122' title='bbox 424 1585 569 1667; x_wconf 82' lang='lat' dir='ltr'><strong>profano:</strong></span> <span class='ocrx_word' id='word_1_123' title='bbox 584 1585 642 1647; x_wconf 91' lang='lat' dir='ltr'><strong>hoc</strong></span> <span class='ocrx_word' id='word_1_124' title='bbox 654 1592 700 1650; x_wconf 84' lang='lat' dir='ltr'><strong>est</strong></span> <span class='ocrx_word' id='word_1_125' title='bbox 713 1583 895 1666; x_wconf 83' lang='lat' dir='ltr'><strong>probabilius</strong></span> <span class='ocrx_word' id='word_1_126' title='bbox 902 1585 987 1662; x_wconf 77' lang='lat' dir='ltr'><strong>Juxta</strong></span> <span class='ocrx_word' id='word_1_127' title='bbox 1001 1585 1032 1645; x_wconf 91' lang='lat' dir='ltr'><strong>S.</strong></span> <span class='ocrx_word' id='word_1_128' title='bbox 1048 1584 1172 1664; x_wconf 89' lang='lat' dir='ltr'><strong>Liguor.</strong></span> 
     </span>
     <span class='ocr_line' id='line_1_17' title="bbox 199 1673 462 1755; baseline 0.011 -22"><span class='ocrx_word' id='word_1_129' title='bbox 199 1673 263 1755; x_wconf 87' lang='lat' dir='ltr'><strong>(lib.</strong></span> <span class='ocrx_word' id='word_1_130' title='bbox 280 1679 316 1748; x_wconf 82' lang='grc'><strong>6,</strong></span> <span class='ocrx_word' id='word_1_131' title='bbox 333 1688 368 1736; x_wconf 87' lang='lat' dir='ltr'><strong>n⁰</strong></span> <span class='ocrx_word' id='word_1_132' title='bbox 381 1677 462 1752; x_wconf 76' lang='lat'><strong>301).</strong></span> 
     </span>
    </p>

    <p class='ocr_par' dir='ltr' id='par_1_3' title="bbox 198 1757 1230 2286">
     <span class='ocr_line' id='line_1_18' title="bbox 239 1757 1229 1844; baseline -0.002 -20"><span class='ocrx_word' id='word_1_133' title='bbox 239 1767 327 1825; x_wconf 64' lang='lat'><strong>3427.</strong></span> <span class='ocrx_word' id='word_1_134' title='bbox 346 1764 520 1844; x_wconf 88' lang='lat' dir='ltr'><strong>Disputatur</strong></span> <span class='ocrx_word' id='word_1_135' title='bbox 532 1765 593 1843; x_wconf 77' lang='lat' dir='ltr'><strong>qut</strong></span> <span class='ocrx_word' id='word_1_136' title='bbox 605 1767 692 1824; x_wconf 84' lang='lat' dir='ltr'><strong>aetate</strong></span> <span class='ocrx_word' id='word_1_137' title='bbox 706 1761 793 1844; x_wconf 91' lang='lat' dir='ltr'><strong>pueri</strong></span> <span class='ocrx_word' id='word_1_138' title='bbox 809 1760 1035 1824; x_wconf 87' lang='lat' dir='ltr'><strong>communicare</strong></span> <span class='ocrx_word' id='word_1_139' title='bbox 1048 1767 1175 1822; x_wconf 83' lang='lat' dir='ltr'><strong>tenean-</strong></span> <span class='ocrx_word' id='word_1_140' title='bbox 1228 1757 1229 1760; x_wconf 66' lang='grc'>’</span> 
     </span>
     <span class='ocr_line' id='line_1_19' title="bbox 198 1849 1177 1930; baseline -0.002 -16"><span class='ocrx_word' id='word_1_141' title='bbox 198 1858 265 1928; x_wconf 90' lang='lat' dir='ltr'><strong>tur;</strong></span> <span class='ocrx_word' id='word_1_142' title='bbox 281 1852 483 1915; x_wconf 88' lang='lat' dir='ltr'><strong>communiter</strong></span> <span class='ocrx_word' id='word_1_143' title='bbox 496 1859 597 1914; x_wconf 89' lang='lat' dir='ltr'><strong>autern</strong></span> <span class='ocrx_word' id='word_1_144' title='bbox 611 1850 715 1913; x_wconf 89' lang='lat' dir='ltr'><strong>dicunt</strong></span> <span class='ocrx_word' id='word_1_145' title='bbox 730 1852 792 1910; x_wconf 88' lang='lat' dir='ltr'><strong>DD.</strong></span> <span class='ocrx_word' id='word_1_146' title='bbox 809 1849 847 1912; x_wconf 90' lang='lat' dir='ltr'><strong>ad</strong></span> <span class='ocrx_word' id='word_1_147' title='bbox 861 1849 919 1912; x_wconf 91' lang='lat' dir='ltr'><strong>boc</strong></span> <span class='ocrx_word' id='word_1_148' title='bbox 930 1867 1039 1930; x_wconf 90' lang='lat' dir='ltr'><strong>pueros</strong></span> <span class='ocrx_word' id='word_1_149' title='bbox 1060 1851 1177 1930; x_wconf 81' lang='lat' dir='ltr'><strong>repulu-</strong></span> 
     </span>
     <span class='ocr_line' id='line_1_20' title="bbox 199 1937 1230 2028; baseline -0.001 -25"><span class='ocrx_word' id='word_1_150' title='bbox 199 1943 278 2003; x_wconf 79' lang='lat' dir='ltr'><strong>riter</strong></span> <span class='ocrx_word' id='word_1_151' title='bbox 292 1960 352 2003; x_wconf 90' lang='lat' dir='ltr'><strong>nnn</strong></span> <span class='ocrx_word' id='word_1_152' title='bbox 367 1942 492 2020; x_wconf 90' lang='lat' dir='ltr'><strong>obligari</strong></span> <span class='ocrx_word' id='word_1_153' title='bbox 514 1949 583 2002; x_wconf 88' lang='lat' dir='ltr'><strong>ante</strong></span> <span class='ocrx_word' id='word_1_154' title='bbox 604 1957 718 2001; x_wconf 91' lang='lat' dir='ltr'><strong>nonum</strong></span> <span class='ocrx_word' id='word_1_155' title='bbox 736 1937 781 2000; x_wconf 90' lang='lat' dir='ltr'><strong>vel</strong></span> <span class='ocrx_word' id='word_1_156' title='bbox 799 1938 953 2000; x_wconf 90' lang='lat' dir='ltr'><strong>decimum</strong></span> <span class='ocrx_word' id='word_1_157' title='bbox 967 1955 1101 2014; x_wconf 88' lang='lat' dir='ltr'><strong>annum;</strong></span> <span class='ocrx_word' id='word_1_158' title='bbox 1120 1957 1176 2002; x_wconf 90' lang='lat' dir='ltr'><strong>nec</strong></span> <span class='ocrx_word' id='word_1_159' title='bbox 1229 1970 1230 2028; x_wconf 55' lang='lat' dir='ltr'><strong>p</strong></span> 
     </span>
     <span class='ocr_line' id='line_1_21' title="bbox 200 2026 1230 2104; baseline -0.002 -14"><span class='ocrx_word' id='word_1_160' title='bbox 200 2028 243 2090; x_wconf 91' lang='lat' dir='ltr'><strong>eis</strong></span> <span class='ocrx_word' id='word_1_161' title='bbox 264 2030 514 2090; x_wconf 91' lang='lat' dir='ltr'><strong>communionem</strong></span> <span class='ocrx_word' id='word_1_162' title='bbox 527 2047 593 2090; x_wconf 88' lang='lat' dir='ltr'><strong>esse</strong></span> <span class='ocrx_word' id='word_1_163' title='bbox 613 2027 812 2090; x_wconf 83' lang='lat' dir='ltr'><strong>dill&#39;erendam</strong></span> <span class='ocrx_word' id='word_1_164' title='bbox 836 2027 912 2089; x_wconf 91' lang='lat' dir='ltr'><strong>ultra</strong></span> <span class='ocrx_word' id='word_1_165' title='bbox 934 2026 1175 2104; x_wconf 80' lang='lat' dir='ltr'><strong>duodecimum,</strong></span> <span class='ocrx_word' id='word_1_166' title='bbox 1229 2029 1230 2078; x_wconf 71' lang='lat' dir='ltr'><strong>l</strong></span> 
     </span>
     <span class='ocr_line' id='line_1_22' title="bbox 200 2116 1177 2197; baseline 0.002 -20"><span class='ocrx_word' id='word_1_167' title='bbox 200 2123 251 2178; x_wconf 89' lang='lat' dir='ltr'><strong>aul</strong></span> <span class='ocrx_word' id='word_1_168' title='bbox 265 2117 369 2178; x_wconf 88' lang='lat' dir='ltr'><strong>saltem</strong></span> <span class='ocrx_word' id='word_1_169' title='bbox 380 2164 388 2194; x_wconf 89' lang='lat'>‚</span> <span class='ocrx_word' id='word_1_170' title='bbox 400 2126 433 2178; x_wconf 92' lang='lat' dir='ltr'><strong>ut</strong></span> <span class='ocrx_word' id='word_1_171' title='bbox 444 2118 493 2178; x_wconf 91' lang='lat' dir='ltr'><strong>alir</strong></span> <span class='ocrx_word' id='word_1_172' title='bbox 507 2117 626 2193; x_wconf 81' lang='lat' dir='ltr'><strong>volunt,</strong></span> <span class='ocrx_word' id='word_1_173' title='bbox 639 2118 715 2178; x_wconf 92' lang='lat' dir='ltr'><strong>ultra</strong></span> <span class='ocrx_word' id='word_1_174' title='bbox 728 2116 880 2178; x_wconf 87' lang='lat' dir='ltr'><strong>decimum</strong></span> <span class='ocrx_word' id='word_1_175' title='bbox 892 2125 1044 2197; x_wconf 81' lang='lat' dir='ltr'><strong>quartum.</strong></span> <span class='ocrx_word' id='word_1_176' title='bbox 1062 2117 1177 2179; x_wconf 84' lang='lat' dir='ltr'><strong>Dicitur</strong></span> 
     </span>
     <span class='ocr_line' id='line_1_23' title="bbox 200 2204 1177 2286; baseline 0.003 -20"><span class='ocrx_word' id='word_1_177' title='bbox 200 2205 404 2286; x_wconf 77' lang='lat' dir='ltr'><strong>regulariter:</strong></span> <span class='ocrx_word' id='word_1_178' title='bbox 425 2206 495 2286; x_wconf 90' lang='lat' dir='ltr'><strong>quia</strong></span> <span class='ocrx_word' id='word_1_179' title='bbox 517 2205 605 2268; x_wconf 86' lang='lat' dir='ltr'><strong>citibs</strong></span> <span class='ocrx_word' id='word_1_180' title='bbox 632 2204 746 2266; x_wconf 88' lang='lat' dir='ltr'><strong>admitti</strong></span> <span class='ocrx_word' id='word_1_181' title='bbox 770 2213 898 2286; x_wconf 84' lang='lat' dir='ltr'><strong>possunt</strong></span> <span class='ocrx_word' id='word_1_182' title='bbox 920 2205 1005 2285; x_wconf 91' lang='lat' dir='ltr'><strong>pueri</strong></span> <span class='ocrx_word' id='word_1_183' title='bbox 1029 2205 1079 2285; x_wconf 82' lang='lat' dir='ltr'><strong>qui</strong></span> <span class='ocrx_word' id='word_1_184' title='bbox 1105 2213 1177 2269; x_wconf 88' lang='lat' dir='ltr'><strong>ante</strong></span> 
     </span>
    </p>

    <p class='ocr_par' dir='ltr' id='par_1_4' title="bbox 13 2293 1176 2624">
     <span class='ocr_line' id='line_1_24' title="bbox 13 2293 1175 2377; baseline 0.002 -23"><span class='ocrx_word' id='word_1_185' title='bbox 13 2301 185 2354; x_wconf 45' lang='grc' dir='ltr'><strong>..ι-β’</strong></span> <span class='ocrx_word' id='word_1_186' title='bbox 200 2294 352 2377; x_wconf 86' lang='lat' dir='ltr'><strong>praefatam</strong></span> <span class='ocrx_word' id='word_1_187' title='bbox 368 2301 484 2356; x_wconf 82' lang='lat' dir='ltr'><strong>aetatem</strong></span> <span class='ocrx_word' id='word_1_188' title='bbox 500 2293 735 2376; x_wconf 84' lang='lat' dir='ltr'><strong>perspicaciores</strong></span> <span class='ocrx_word' id='word_1_189' title='bbox 749 2293 955 2356; x_wconf 88' lang='lat' dir='ltr'><strong>invenirentur</strong></span> <span class='ocrx_word' id='word_1_190' title='bbox 967 2315 981 2368; x_wconf 71' lang='grc' dir='ltr'><strong>ς,</strong></span> <span class='ocrx_word' id='word_1_191' title='bbox 992 2293 1058 2355; x_wconf 91' lang='lat' dir='ltr'><strong>licet</strong></span> <span class='ocrx_word' id='word_1_192' title='bbox 1073 2301 1175 2356; x_wconf 88' lang='lat' dir='ltr'><strong>autem</strong></span> 
     </span>
     <span class='ocr_line' id='line_1_25' title="bbox 200 2381 1176 2466; baseline 0 -20"><span class='ocrx_word' id='word_1_193' title='bbox 200 2386 286 2466; x_wconf 92' lang='lat' dir='ltr'><strong>pueri</strong></span> <span class='ocrx_word' id='word_1_194' title='bbox 318 2385 433 2465; x_wconf 89' lang='lat' dir='ltr'><strong>possint</strong></span> <span class='ocrx_word' id='word_1_195' title='bbox 455 2383 571 2445; x_wconf 86' lang='lat' dir='ltr'><strong>admitti</strong></span> <span class='ocrx_word' id='word_1_196' title='bbox 600 2382 638 2444; x_wconf 88' lang='lat' dir='ltr'><strong>ad</strong></span> <span class='ocrx_word' id='word_1_197' title='bbox 660 2385 908 2445; x_wconf 88' lang='lat' dir='ltr'><strong>communionem</strong></span> <span class='ocrx_word' id='word_1_198' title='bbox 931 2399 1013 2444; x_wconf 92' lang='lat' dir='ltr'><strong>anno</strong></span> <span class='ocrx_word' id='word_1_199' title='bbox 1032 2381 1176 2464; x_wconf 83' lang='lat' dir='ltr'><strong>decimo,</strong></span> 
     </span>
     <span class='ocr_line' id='line_1_26' title="bbox 202 2470 1176 2553; baseline -0.003 -19"><span class='ocrx_word' id='word_1_200' title='bbox 202 2481 379 2535; x_wconf 88' lang='lat' dir='ltr'><strong>nontamen</strong></span> <span class='ocrx_word' id='word_1_201' title='bbox 394 2473 430 2534; x_wconf 87' lang='lat' dir='ltr'><strong>ad</strong></span> <span class='ocrx_word' id='word_1_202' title='bbox 444 2491 512 2534; x_wconf 90' lang='lat' dir='ltr'><strong>eam</strong></span> <span class='ocrx_word' id='word_1_203' title='bbox 533 2481 690 2552; x_wconf 86' lang='lat' dir='ltr'><strong>tenentur,</strong></span> <span class='ocrx_word' id='word_1_204' title='bbox 706 2473 763 2535; x_wconf 90' lang='lat' dir='ltr'><strong>uisi</strong></span> <span class='ocrx_word' id='word_1_205' title='bbox 778 2474 880 2534; x_wconf 82' lang='lat' dir='ltr'><strong>cbmh</strong></span> <span class='ocrx_word' id='word_1_206' title='bbox 902 2471 1035 2553; x_wconf 90' lang='lat' dir='ltr'><strong>parocho</strong></span> <span class='ocrx_word' id='word_1_207' title='bbox 1049 2470 1096 2533; x_wconf 85' lang='lat' dir='ltr'><strong>rel</strong></span> <span class='ocrx_word' id='word_1_208' title='bbox 1120 2491 1176 2553; x_wconf 83' lang='lat' dir='ltr'><strong>pa-</strong></span> 
     </span>
     <span class='ocr_line' id='line_1_27' title="bbox 201 2563 525 2624; baseline 0 -1"><span class='ocrx_word' id='word_1_209' title='bbox 201 2563 338 2624; x_wconf 86' lang='lat' dir='ltr'><strong>rentibus</strong></span> <span class='ocrx_word' id='word_1_210' title='bbox 352 2569 525 2624; x_wconf 90' lang='lat' dir='ltr'><strong>monentur.</strong></span> 
     </span>
    </p>

    <p class='ocr_par' dir='ltr' id='par_1_5' title="bbox 202 2648 1181 2909">
     <span class='ocr_line' id='line_1_28' title="bbox 241 2648 1177 2732; baseline -0.001 -19"><span class='ocrx_word' id='word_1_211' title='bbox 241 2654 330 2714; x_wconf 73' lang='lat' dir='ltr'><strong>arte.</strong></span> <span class='ocrx_word' id='word_1_212' title='bbox 349 2650 526 2713; x_wconf 71' lang='lat' dir='ltr'><strong>adnotanda</strong></span> <span class='ocrx_word' id='word_1_213' title='bbox 536 2656 581 2712; x_wconf 90' lang='lat' dir='ltr'><strong>est</strong></span> <span class='ocrx_word' id='word_1_214' title='bbox 593 2649 642 2712; x_wconf 91' lang='lat' dir='ltr'><strong>hlc</strong></span> <span class='ocrx_word' id='word_1_215' title='bbox 652 2650 877 2732; x_wconf 79' lang='lat' dir='ltr'><strong>praescriptios.</strong></span> <span class='ocrx_word' id='word_1_216' title='bbox 889 2648 985 2712; x_wconf 87' lang='lat' dir='ltr'><strong>Caroli</strong></span> <span class='ocrx_word' id='word_1_217' title='bbox 996 2649 1177 2724; x_wconf 86' lang='lat' dir='ltr'><strong>Borromaei,</strong></span> 
     </span>
     <span class='ocr_line' id='line_1_29' title="bbox 202 2737 1179 2822; baseline -0.001 -19"><span class='ocrx_word' id='word_1_218' title='bbox 202 2739 233 2803; x_wconf 92' lang='lat' dir='ltr'><strong>in</strong></span> <span class='ocrx_word' id='word_1_219' title='bbox 248 2741 359 2822; x_wconf 87' lang='lat' dir='ltr'><strong>Synod.</strong></span> <span class='ocrx_word' id='word_1_220' title='bbox 384 2740 510 2803; x_wconf 80' lang='lat' dir='ltr'><strong>Dioeees.</strong></span> <span class='ocrx_word' id='word_1_221' title='bbox 533 2741 588 2814; x_wconf 84' lang='lat' dir='ltr'><strong>lx,</strong></span> <span class='ocrx_word' id='word_1_222' title='bbox 608 2737 659 2801; x_wconf 89' lang='lat' dir='ltr'><strong>ubi</strong></span> <span class='ocrx_word' id='word_1_223' title='bbox 675 2739 761 2818; x_wconf 85' lang='lat' dir='ltr'><strong>jubet</strong></span> <span class='ocrx_word' id='word_1_224' title='bbox 782 2747 816 2802; x_wconf 89' lang='lat' dir='ltr'><strong>ut</strong></span> <span class='ocrx_word' id='word_1_225' title='bbox 837 2761 852 2798; x_wconf 81' lang='lat' dir='ltr'><strong>o</strong></span> <span class='ocrx_word' id='word_1_226' title='bbox 873 2738 995 2820; x_wconf 91' lang='lat' dir='ltr'><strong>parochi</strong></span> <span class='ocrx_word' id='word_1_227' title='bbox 1019 2737 1105 2810; x_wconf 90' lang='lat' dir='ltr'><strong>illos,</strong></span> <span class='ocrx_word' id='word_1_228' title='bbox 1122 2739 1179 2819; x_wconf 89' lang='lat' dir='ltr'><strong>qui</strong></span> 
     </span>
     <span class='ocr_line' id='line_1_30' title="bbox 202 2825 1181 2909; baseline -0.004 -17"><span class='ocrx_word' id='word_1_229' title='bbox 202 2851 217 2892; x_wconf 76' lang='lat' dir='ltr'><strong>a</strong></span> <span class='ocrx_word' id='word_1_230' title='bbox 241 2829 422 2893; x_wconf 90' lang='lat' dir='ltr'><strong>decennium</strong></span> <span class='ocrx_word' id='word_1_231' title='bbox 452 2829 622 2909; x_wconf 82' lang='lat' dir='ltr'><strong>attigerint,</strong></span> <span class='ocrx_word' id='word_1_232' title='bbox 645 2835 815 2906; x_wconf 85' lang='lat' dir='ltr'><strong>accersant,</strong></span> <span class='ocrx_word' id='word_1_233' title='bbox 841 2829 992 2890; x_wconf 89' lang='lat' dir='ltr'><strong>instruant</strong></span> <span class='ocrx_word' id='word_1_234' title='bbox 1013 2825 1050 2887; x_wconf 90' lang='lat' dir='ltr'><strong>ad</strong></span> <span class='ocrx_word' id='word_1_235' title='bbox 1074 2828 1181 2908; x_wconf 91' lang='lat' dir='ltr'><strong>cogni·</strong></span> 
     </span>
    </p>

    <p class='ocr_par' dir='ltr' id='par_1_6' title="bbox 202 2916 1179 3088">
     <span class='ocr_line' id='line_1_31' title="bbox 202 2916 1179 2999; baseline -0.001 -20"><span class='ocrx_word' id='word_1_236' title='bbox 202 2942 218 2979; x_wconf 82' lang='lat' dir='ltr'><strong>n</strong></span> <span class='ocrx_word' id='word_1_237' title='bbox 241 2919 355 2980; x_wconf 90' lang='lat' dir='ltr'><strong>tionem</strong></span> <span class='ocrx_word' id='word_1_238' title='bbox 379 2917 597 2993; x_wconf 74' lang='lat' dir='ltr'><strong>Eucharistiae,</strong></span> <span class='ocrx_word' id='word_1_239' title='bbox 621 2916 810 2999; x_wconf 84' lang='lat' dir='ltr'><strong>doceantque</strong></span> <span class='ocrx_word' id='word_1_240' title='bbox 831 2919 922 2998; x_wconf 83' lang='lat' dir='ltr'><strong>quhm</strong></span> <span class='ocrx_word' id='word_1_241' title='bbox 943 2921 1114 2978; x_wconf 86' lang='lat' dir='ltr'><strong>reverenter</strong></span> <span class='ocrx_word' id='word_1_242' title='bbox 1138 2916 1179 2978; x_wconf 89' lang='lat' dir='ltr'><strong>ad</strong></span> 
     </span>
     <span class='ocr_line' id='line_1_32' title="bbox 202 3005 1060 3088; baseline -0.005 -18"><span class='ocrx_word' id='word_1_243' title='bbox 202 3031 218 3070; x_wconf 73' lang='lat' dir='ltr'><strong>a</strong></span> <span class='ocrx_word' id='word_1_244' title='bbox 242 3025 310 3070; x_wconf 86' lang='lat' dir='ltr'><strong>earn</strong></span> <span class='ocrx_word' id='word_1_245' title='bbox 323 3006 477 3069; x_wconf 89' lang='lat' dir='ltr'><strong>accedant.</strong></span> <span class='ocrx_word' id='word_1_246' title='bbox 489 3027 503 3062; x_wconf 80' lang='lat' dir='ltr'><strong>u</strong></span> <span class='ocrx_word' id='word_1_247' title='bbox 523 3005 597 3066; x_wconf 84' lang='lat' dir='ltr'><strong>Vide</strong></span> <span class='ocrx_word' id='word_1_248' title='bbox 611 3006 642 3067; x_wconf 91' lang='lat' dir='ltr'><strong>S.</strong></span> <span class='ocrx_word' id='word_1_249' title='bbox 659 3005 781 3087; x_wconf 89' lang='lat' dir='ltr'><strong>Liguor.</strong></span> <span class='ocrx_word' id='word_1_250' title='bbox 798 3005 864 3088; x_wconf 83' lang='lat' dir='ltr'><strong>(lib.</strong></span> <span class='ocrx_word' id='word_1_251' title='bbox 880 3009 912 3082; x_wconf 82' lang='lat'><strong>6,</strong></span> <span class='ocrx_word' id='word_1_252' title='bbox 929 3013 962 3066; x_wconf 83' lang='lat' dir='ltr'><strong>n·</strong></span> <span class='ocrx_word' id='word_1_253' title='bbox 977 3007 1060 3083; x_wconf 73' lang='lat'><strong>301).</strong></span> 
     </span>
    </p>

    <p class='ocr_par' dir='ltr' id='par_1_7' title="bbox 202 3093 1179 3258">
     <span class='ocr_line' id='line_1_33' title="bbox 243 3093 1179 3166; baseline 0.001 -7"><span class='ocrx_word' id='word_1_254' title='bbox 243 3101 331 3159; x_wconf 73' lang='lat'><strong>2429.</strong></span> <span class='ocrx_word' id='word_1_255' title='bbox 348 3095 468 3166; x_wconf 80' lang='lat' dir='ltr'><strong>Quaerit.</strong></span> <span class='ocrx_word' id='word_1_256' title='bbox 487 3097 519 3154; x_wconf 82' lang='lat'><strong>3·</strong></span> <span class='ocrx_word' id='word_1_257' title='bbox 534 3097 581 3154; x_wconf 84' lang='lat' dir='ltr'><strong>An</strong></span> <span class='ocrx_word' id='word_1_258' title='bbox 597 3093 781 3156; x_wconf 84' lang='lat' dir='ltr'><strong>Eucharistia</strong></span> <span class='ocrx_word' id='word_1_259' title='bbox 799 3095 839 3156; x_wconf 91' lang='lat' dir='ltr'><strong>sit</strong></span> <span class='ocrx_word' id='word_1_260' title='bbox 858 3093 1055 3156; x_wconf 89' lang='lat' dir='ltr'><strong>ministranda</strong></span> <span class='ocrx_word' id='word_1_261' title='bbox 1069 3111 1179 3160; x_wconf 89' lang='lat' dir='ltr'><strong>amen·</strong></span> 
     </span>
     <span class='ocr_line' id='line_1_34' title="bbox 202 3183 814 3258; baseline 0 -12"><span class='ocrx_word' id='word_1_262' title='bbox 202 3185 299 3254; x_wconf 88' lang='lat' dir='ltr'><strong>tibus,</strong></span> <span class='ocrx_word' id='word_1_263' title='bbox 316 3183 506 3258; x_wconf 86' lang='lat' dir='ltr'><strong>semi-lalcis,</strong></span> <span class='ocrx_word' id='word_1_264' title='bbox 522 3184 614 3245; x_wconf 88' lang='lat' dir='ltr'><strong>mutis</strong></span> <span class='ocrx_word' id='word_1_265' title='bbox 622 3191 652 3244; x_wconf 94' lang='lat' dir='ltr'><strong>et</strong></span> <span class='ocrx_word' id='word_1_266' title='bbox 665 3183 814 3246; x_wconf 77' lang='lat' dir='ltr'><strong>obsessis?</strong></span> 
     </span>
    </p>

    <p class='ocr_par' dir='ltr' id='par_1_8' title="bbox 204 3271 1179 3712">
     <span class='ocr_line' id='line_1_35' title="bbox 244 3271 1177 3354; baseline 0.005 -22"><span class='ocrx_word' id='word_1_267' title='bbox 244 3271 395 3352; x_wconf 87' lang='lat' dir='ltr'><strong>ltespond.</strong></span> <span class='ocrx_word' id='word_1_268' title='bbox 423 3274 453 3333; x_wconf 80' lang='lat'><strong>1⁰</strong></span> <span class='ocrx_word' id='word_1_269' title='bbox 474 3271 577 3344; x_wconf 87' lang='lat' dir='ltr'><strong>Quoad</strong></span> <span class='ocrx_word' id='word_1_270' title='bbox 598 3281 751 3351; x_wconf 83' lang='lat' dir='ltr'><strong>amentes,</strong></span> <span class='ocrx_word' id='word_1_271' title='bbox 778 3273 802 3334; x_wconf 90' lang='lat' dir='ltr'><strong>si</strong></span> <span class='ocrx_word' id='word_1_272' title='bbox 828 3272 974 3353; x_wconf 88' lang='lat' dir='ltr'><strong>perpetub</strong></span> <span class='ocrx_word' id='word_1_273' title='bbox 1001 3273 1062 3335; x_wconf 89' lang='lat' dir='ltr'><strong>sint</strong></span> <span class='ocrx_word' id='word_1_274' title='bbox 1080 3273 1177 3354; x_wconf 84' lang='lat' dir='ltr'><strong>tales,</strong></span> 
     </span>
     <span class='ocr_line' id='line_1_36' title="bbox 204 3360 1177 3443; baseline 0.001 -19"><span class='ocrx_word' id='word_1_275' title='bbox 204 3360 343 3442; x_wconf 80' lang='lat' dir='ltr'><strong>neganda</strong></span> <span class='ocrx_word' id='word_1_276' title='bbox 356 3369 400 3423; x_wconf 91' lang='lat' dir='ltr'><strong>est</strong></span> <span class='ocrx_word' id='word_1_277' title='bbox 414 3361 484 3443; x_wconf 89' lang='lat' dir='ltr'><strong>ipsis</strong></span> <span class='ocrx_word' id='word_1_278' title='bbox 495 3363 684 3439; x_wconf 87' lang='lat' dir='ltr'><strong>communio,</strong></span> <span class='ocrx_word' id='word_1_279' title='bbox 694 3369 727 3424; x_wconf 90' lang='lat' dir='ltr'><strong>ut</strong></span> <span class='ocrx_word' id='word_1_280' title='bbox 739 3369 898 3424; x_wconf 72' lang='lat' dir='ltr'><strong>constater</strong></span> <span class='ocrx_word' id='word_1_281' title='bbox 911 3361 1017 3424; x_wconf 85' lang='lat' dir='ltr'><strong>llituali</strong></span> <span class='ocrx_word' id='word_1_282' title='bbox 1027 3365 1177 3440; x_wconf 83' lang='lat' dir='ltr'><strong>llomano;</strong></span> 
     </span>
     <span class='ocr_line' id='line_1_37' title="bbox 205 3448 1179 3525; baseline 0.002 -12"><span class='ocrx_word' id='word_1_283' title='bbox 205 3467 291 3513; x_wconf 86' lang='lat' dir='ltr'><strong>secus</strong></span> <span class='ocrx_word' id='word_1_284' title='bbox 309 3449 332 3510; x_wconf 93' lang='lat' dir='ltr'><strong>si</strong></span> <span class='ocrx_word' id='word_1_285' title='bbox 353 3449 510 3512; x_wconf 66' lang='lat' dir='ltr'><strong>balueunt</strong></span> <span class='ocrx_word' id='word_1_286' title='bbox 531 3451 630 3513; x_wconf 89' lang='lat' dir='ltr'><strong>lucida</strong></span> <span class='ocrx_word' id='word_1_287' title='bbox 651 3451 803 3512; x_wconf 83' lang='lat' dir='ltr'><strong>interualla</strong></span> <span class='ocrx_word' id='word_1_288' title='bbox 816 3497 824 3525; x_wconf 91' lang='lat'>,</span> <span class='ocrx_word' id='word_1_289' title='bbox 839 3457 868 3510; x_wconf 89' lang='lat' dir='ltr'><strong>et</strong></span> <span class='ocrx_word' id='word_1_290' title='bbox 881 3448 1070 3512; x_wconf 87' lang='lat' dir='ltr'><strong>devotionem</strong></span> <span class='ocrx_word' id='word_1_291' title='bbox 1094 3451 1125 3512; x_wconf 90' lang='lat' dir='ltr'><strong>in</strong></span> <span class='ocrx_word' id='word_1_292' title='bbox 1141 3471 1179 3515; x_wconf 92' lang='lat' dir='ltr'><strong>eo</strong></span> 
     </span>
     <span class='ocr_line' id='line_1_38' title="bbox 204 3537 1178 3620; baseline 0 -18"><span class='ocrx_word' id='word_1_293' title='bbox 204 3545 281 3604; x_wconf 84' lang='lat' dir='ltr'><strong>statu</strong></span> <span class='ocrx_word' id='word_1_294' title='bbox 300 3539 504 3615; x_wconf 81' lang='lat' dir='ltr'><strong>ostenderint,</strong></span> <span class='ocrx_word' id='word_1_295' title='bbox 524 3539 616 3602; x_wconf 86' lang='lat' dir='ltr'><strong>mndb</strong></span> <span class='ocrx_word' id='word_1_296' title='bbox 637 3537 755 3600; x_wconf 92' lang='lat' dir='ltr'><strong>nullum</strong></span> <span class='ocrx_word' id='word_1_297' title='bbox 775 3538 851 3600; x_wconf 86' lang='lat' dir='ltr'><strong>adsit</strong></span> <span class='ocrx_word' id='word_1_298' title='bbox 866 3537 1042 3602; x_wconf 85' lang='lat' dir='ltr'><strong>indecentiae</strong></span> <span class='ocrx_word' id='word_1_299' title='bbox 1057 3541 1178 3620; x_wconf 87' lang='lat' dir='ltr'><strong>pericu·</strong></span> 
     </span>
     <span class='ocr_line' id='line_1_39' title="bbox 205 3627 1179 3712; baseline 0.003 -22"><span class='ocrx_word' id='word_1_300' title='bbox 205 3629 280 3707; x_wconf 68' lang='lat' dir='ltr'><strong>luna</strong></span> <span class='ocrx_word' id='word_1_301' title='bbox 292 3647 354 3692; x_wconf 92' lang='lat' dir='ltr'><strong>non</strong></span> <span class='ocrx_word' id='word_1_302' title='bbox 365 3629 437 3712; x_wconf 87' lang='lat' dir='ltr'><strong>ipsis</strong></span> <span class='ocrx_word' id='word_1_303' title='bbox 447 3639 548 3692; x_wconf 88' lang='lat' dir='ltr'><strong>autem</strong></span> <span class='ocrx_word' id='word_1_304' title='bbox 556 3627 1063 3706; x_wconf 75' lang='lat' dir='ltr'><strong>cornmunbessetprebendaattn</strong></span> <span class='ocrx_word' id='word_1_305' title='bbox 1072 3647 1179 3693; x_wconf 82' lang='lat' dir='ltr'><strong>aureo·</strong></span> 
     </span>
    </p>
   </div>
   <div class='ocr_carea' id='block_1_3' title="bbox 0 0 1253 3944">
    <p class='ocr_par' dir='ltr' id='par_1_9' title="bbox 0 0 1253 3944">
     <span class='ocr_line' id='line_1_40' title="bbox 0 0 1253 3944; baseline 0 0"><span class='ocrx_word' id='word_1_306' title='bbox 0 0 1253 3944; x_wconf 95' lang='lat' dir='ltr'><strong> </strong></span> 
     </span>
    </p>
   </div>
  </div>
 </body>
</html>
