2420 3968
402 226 487 274 amaa
509 227 656 278 secururs
959 215 1019 277 etr

70 335 372 411 parochiarumsicubi
385 341 598 407 istiertilerint
612 367 619 419 ;
634 346 761 408 sednon
777 346 848 409 ideo
860 349 1020 428 perdirtas

67 425 1018 503 suppressiones‚sublatinecessariesuntccnsendiPatroniTi·

67 511 1017 606 tularesacclesiarumsireGalbedraliumsiraparochialiumt

67 607 1019 694 namsupprimendodioecesesvelparochias,S.Sadesnoniu·

68 688 221 754 tenditsane
231 695 417 774 supprimere
427 695 724 776 ecclesiasquatenus
734 695 874 760 ecelesias
888 715 941 762 seu
950 697 1017 761 loca

25 810 27 815 ·
68 777 169 854 publica
178 781 268 844 cultui
278 782 380 846 divino
393 787 566 846 consecrata
579 803 587 844 r
602 783 740 865 illaeergo
754 783 888 849 ecclesiae
898 789 942 850 sic
952 806 1017 870 per·

69 875 206 932 nranenler
215 868 307 933 cultui
316 871 418 934 divino
427 878 743 948 consecratae,servare
753 872 1017 938 debueruntsuum

68 961 423 1040 unaquaqueTitularem3
436 962 559 1042 insuper
567 961 694 1024 S.Sedes
702 979 793 1024 novas
806 961 949 1025 dioeceses
959 965 1018 1026 ins·

67 1045 399 1113 lilueudcdeterminavit
415 1051 538 1132 quinam
556 1049 684 1112 habendi
704 1051 916 1112 lorentearum
938 1053 1018 1115 Titu-

67 1133 140 1216 lares,
154 1147 185 1200 ut
195 1139 285 1202 rideri
301 1145 398 1222 potest
411 1141 440 1200 in
461 1139 586 1202 elencho
600 1158 718 1202 annexo
734 1141 826 1202 Bullae
840 1141 1017 1202 executoriaa

68 1224 240 1306 lummene,
263 1231 321 1307 Oui
343 1231 459 1294 Christi
477 1230 599 1294 Domini
617 1237 674 1293 etc.
689 1249 696 1290 :
712 1230 793 1292 unde
807 1229 963 1310 responsio
980 1229 1017 1291 ad

67 1319 255 1395 supradictam
271 1322 469 1404 quaestionem
481 1321 595 1382 nullam
607 1319 909 1382 habetdiffioultatem
917 1318 1018 1400 quoad

65 1405 192 1472 Titulares
201 1409 831 1492 ecclesiarum,quorumtameniestum,ul
841 1427 931 1491 supra
940 1408 1017 1470 dixi-

66 1509 134 1572 mus,
149 1517 207 1560 uon
217 1507 261 1562 est
275 1499 314 1562 de
328 1506 477 1582 praecepto
487 1518 542 1580 pro
555 1499 667 1581 populo
677 1547 685 1577 ,
697 1499 749 1560 sed
770 1515 901 1580 quorum
920 1497 1017 1560 clerus

66 1581 93 1642 iis
115 1587 242 1650 eeclesiis
264 1589 433 1670 adscriptus
455 1588 553 1652 facere
576 1589 664 1651 debet
696 1585 1016 1651 commemorationem

65 1670 154 1738 diceus
171 1680 201 1740 in
217 1679 336 1742 rubrica
354 1679 510 1753 indicatis;
532 1677 632 1760 quoad
654 1677 723 1739 vere
742 1677 888 1738 Patronos
910 1674 1018 1738 dioece·

65 1767 173 1829 seonrel
187 1769 345 1831 civitatum
359 1775 410 1830 aut
423 1769 549 1829 aliomm
574 1767 721 1842 locorum,
740 1764 895 1846 responsio
908 1765 1018 1826 nonita

65 1849 241 1933 liquamen
254 1857 341 1920 Bulla
357 1857 415 1934 Oai
430 1856 557 1933 Christi,
568 1854 797 1918 determinando
806 1853 950 1916 Tilulares
961 1857 1016 1916 Pa-

64 1948 151 2006 tronus
161 1965 305 2011 novarum
319 1945 520 2010 Ecclesiarum
536 1943 832 2025 Metropolitanarum
851 1950 901 2004 aut
915 1943 1018 2006 Cathe-

64 2029 174 2097 dralium
187 2085 195 2108 ,
208 2057 271 2101 non
287 2037 355 2099 idco
368 2036 485 2097 ridetur
497 2035 663 2114 assignasse
674 2032 854 2095 dioeeesibus
872 2033 1018 2096 Patronos

65 2124 168 2206 proprie
188 2127 313 2191 dictos:
340 2126 436 2201 uude,
459 2125 515 2186 nisi
537 2123 657 2186 Patroni
674 2122 794 2205 proprie
817 2121 887 2184 dicti
906 2120 1017 2185 luerint

65 2229 151 2278 rursus
165 2217 248 2280 electi
264 2235 320 2300 pro
334 2215 460 2296 singulis
472 2215 556 2276 nouis
569 2212 762 2289 dioecesibus,
788 2211 859 2293 ipsae
873 2210 1016 2274 dioeceses

65 2319 112 2366 non
131 2307 266 2369 videntur
280 2305 389 2368 habere
402 2308 546 2368 Patronos
560 2303 680 2386 proprie
689 2302 796 2380 dictos,
812 2303 883 2364 cem
903 2307 1017 2362 ueteres

64 2391 167 2458 Patroni
185 2396 353 2459 necessarie
370 2395 480 2456 luerint
502 2393 652 2475 suppressi
671 2409 742 2454 eum
763 2389 961 2466 dioecesibus,
982 2405 1017 2449 ao

63 2484 173 2559 proinde
196 2485 318 2568 parochi
353 2503 413 2546 non
441 2491 512 2545 sunt
534 2482 664 2544 adstricti
686 2481 717 2540 in
740 2478 849 2540 talibus
863 2479 959 2539 Fastis
979 2476 1017 2538 ad

63 2573 278 2652 applicationem
289 2575 386 2637 missae
399 2574 455 2636 nisi
470 2574 506 2634 sit
518 2572 582 2632 dies
595 2569 762 2632 Dominica.

95 2664 190 2734 uuoad
204 2674 306 2730 aulem
320 2663 482 2746 paroecias,
498 2663 521 2723 si
538 2667 644 2742 praeter
656 2657 803 2718 Titulares
816 2654 1017 2718 Ecclesiarum

64 2759 105 2812 aut
122 2754 264 2817 Patroncs
286 2753 406 2830 locales,
422 2750 529 2813 alicubi
551 2749 680 2809 babeant
695 2743 839 2826 speciales
856 2745 1015 2823 Patronos,

65 2839 124 2904 tales
142 2843 293 2927 suppressi
317 2841 486 2906 necessarie
510 2838 648 2900 videntur
670 2851 740 2897 cum
765 2833 837 2915 ipsis
860 2835 1016 2915 paroeciis,

65 2929 105 2990 ted
118 2950 175 2998 non
199 2933 266 2997 idco
286 2931 437 3014 suppressi
459 2926 627 2990 necessarie
646 2923 731 2986 luere
745 2923 865 2986 Patroni
880 2923 988 2986 locales
1008 2943 1014 2984 :

63 3019 132 3084 unde
144 3023 233 3086 urbes
250 3028 281 3086 et
299 3023 354 3084 alia
370 3021 434 3083 loea
457 3035 525 3099 quae
539 3017 612 3078 olim
625 3013 774 3075 habebant
788 3013 931 3076 Patronos
947 3033 1017 3096 pro-

65 3107 118 3183 prie
137 3111 249 3190 dictos,
265 3115 405 3175 tenentur
425 3107 546 3169 illorum
559 3106 717 3166 Fastorum
732 3101 830 3164 adbuc
847 3103 998 3168 celebrare
1007 3127 1016 3184 ;

66 3213 115 3259 non
136 3206 236 3266 tamar
254 3207 394 3264 tenentur
414 3196 518 3259 lideles
536 3194 574 3256 ad
595 3191 779 3255 auditionem
801 3193 900 3256 missar
919 3195 965 3256 rel
980 3195 1019 3257 ad

65 3284 310 3354 abstentionemab
320 3289 460 3371 operibus
469 3283 713 3362 servilibus,ci1m
723 3281 835 3343 iniisin
846 3283 939 3346 Gallie
953 3283 1018 3346 lue

65 3373 114 3438 rint
134 3377 310 3462 dispensati,
327 3379 379 3442 sed
394 3395 498 3440 eorum
520 3373 694 3438 solemnitas
707 3377 752 3433 est
765 3369 947 3436 celebranda
958 3375 1019 3434 Do-

66 3464 163 3530 minice
183 3472 302 3534 Festum
324 3469 544 3548 subsequente,
568 3469 598 3524 et
617 3461 667 3527 dio
684 3479 746 3542 quo
768 3459 880 3523 cadunt
901 3467 1020 3522 tenetur

67 3557 199 3630 parochus
209 3559 246 3621 ad
258 3558 487 3643 applicationem
498 3555 597 3614 missae
610 3569 664 3633 pro
674 3549 786 3632 populo
799 3567 807 3608 r
823 3548 943 3608 illorum
957 3548 1020 3606 offi-

67 3641 136 3705 cium
158 3645 219 3710 fieri
242 3649 329 3711 debet
352 3647 409 3709 sub
424 3647 482 3706 ritu
495 3641 606 3723 duplici
627 3645 641 3702 l
671 3637 773 3700 classis
787 3653 857 3696 cum
881 3633 1019 3728 octavae

68 3733 119 3790 totu
139 3736 218 3800 clero
240 3735 315 3813 loci,
335 3734 389 3798 etsi
412 3734 444 3796 iu
467 3748 503 3795 eo
527 3729 627 3810 plures
653 3723 801 3806 parochiae
821 3722 1017 3796 reperiantur.
