2462 3972
205 191 263 251 biti
424 211 562 258 aaronis
579 209 681 259 cortus
700 210 783 260 scats
802 211 952 263 canonici.

205 326 219 360 r
244 324 299 368 suo
322 307 470 389 Episcopo
488 315 519 371 et
537 311 698 393 Superiora
717 312 919 378 ecclesiastico
942 318 1176 400 compettantur.

205 416 220 452 a
245 395 398 477 Principes
420 398 502 459 enim
518 405 547 460 et
561 401 721 466 seculares
734 408 896 485 potestates
913 423 978 468 non
997 415 1127 489 possunt
1147 409 1176 470 in

204 503 220 541 ι
243 481 291 546 his
304 502 336 546 se
349 485 585 551 intromittere...
600 510 616 549 c

650 648 670 729 ᾖ
688 649 725 712 ll.

230 771 238 782 ’
262 779 306 842 De
324 779 439 861 origine
460 780 665 843 Immunitctis
688 780 825 844 bonoram
845 781 1121 850 eclesiasticarum.

242 929 331 988 5295.
356 926 478 988 variant
490 927 553 988 bt).
569 925 649 990 circa
663 925 777 989 tonum
791 928 809 990 b
823 945 885 1010 quo
902 927 1047 992 diffluunt
1061 912 1176 994 inr‘mu-

203 1015 309 1077 nitates
328 1015 479 1078 bonorum
497 1013 768 1078 ecclesiasticorum
788 1034 796 1077 :
816 1016 876 1078 atti
898 1015 1004 1080 dicunt
1023 1018 1092 1082 illas
1104 1022 1173 1082 oriri

201 1121 236 1166 ex
249 1105 317 1184 June
330 1104 477 1181 natarali,
493 1109 523 1166 et
536 1103 657 1166 ittorum
677 1105 825 1166 sententis
838 1110 884 1167 ast
897 1123 969 1168 vera
982 1113 1012 1169 ct
1025 1107 1065 1168 ab
1079 1111 1173 1172 omni-

202 1189 258 1254 bns
281 1193 446 1256 admittitur
468 1211 505 1256 eo
527 1211 619 1255 sensu
641 1193 748 1255 saltem
771 1192 854 1275 qudd
875 1193 1001 1275 aeqnitas
1029 1198 1174 1260 naturalis

200 1280 292 1344 dictet
326 1280 405 1344 bona
431 1281 630 1345 ecclesiastica
652 1281 763 1344 debere
789 1281 890 1364 aliqud
920 1287 950 1346 et
981 1293 1173 1366 competente

201 1370 389 1434 immunitate
402 1370 550 1453 gaudere;
565 1370 626 1432 olii
637 1377 775 1433 asserunt
783 1369 849 1433 illas
862 1389 927 1434 esse
941 1375 1123 1454 repetendas
1136 1396 1172 1439 es

197 1460 264 1541 jure
287 1459 423 1541 gentium
447 1479 454 1520 :
478 1459 591 1544 potitici
608 1465 638 1522 ct
659 1459 771 1540 tegistae
790 1477 862 1522 cum
882 1460 989 1541 paucis
1008 1467 1176 1529 canonistis

199 1547 303 1610 volunt
322 1548 387 1610 illas
408 1547 626 1612 descenderes
643 1549 711 1627 iure
728 1547 825 1624 civiti;
843 1549 921 1611 banc
937 1557 1041 1612 tamen
1054 1563 1176 1618 senten-

198 1637 270 1698 tiam
285 1637 369 1699 atiter
382 1637 533 1720 explicant
544 1636 708 1700 canonistae
721 1643 751 1699 et
763 1637 849 1699 aliter
863 1637 974 1718 politici
988 1645 1020 1702 et
1033 1640 1150 1723 legistas
1166 1667 1175 1708 ε

199 1726 244 1788 isti
259 1727 343 1788 enim
357 1745 418 1788 non
433 1725 532 1788 soibm
552 1725 657 1788 dicunt
669 1723 823 1806 praefatam
839 1725 1065 1791 immunitatem
1080 1731 1175 1798 fuisse

199 1815 292 1879 libera
311 1815 481 1878 Ecclesiaea
503 1813 695 1896 Principibus
714 1813 870 1889 collatam,
886 1813 1048 1879 sedetiam
1069 1821 1176 1886 sciunt

197 1905 279 1968 illam
293 1923 381 1987 posse
401 1903 440 1966 ab
460 1903 566 1966 iisdem
579 1902 727 1977 revocari,
751 1902 822 1984 quia
835 1902 1035 1968 concedendo
1055 1911 1175 1990 privita

196 1995 292 2076 giam,
308 2013 370 2056 non
380 1991 610 2056 votueruntsibi
624 1990 757 2054 adimere
766 1997 942 2072 potestatem
953 1993 1116 2072 jussuum
1131 2021 1174 2064 ra·

195 2081 337 2165 petendi,
362 2081 524 2164 siquando
541 2079 572 2143 id
592 2079 637 2144 eis
658 2079 731 2142 utile
752 2079 921 2156 videretur3
946 2081 1024 2144 dum
1046 2085 1171 2152 econtra

194 2171 356 2234 canonistas
370 2171 448 2234 hanc
462 2169 641 2233 sententiam
662 2174 842 2251 soquentes,
857 2169 1032 2234 concedunt
1044 2177 1169 2256 quidem

194 2260 417 2325 immunitatem
439 2259 591 2322 bonorum
615 2257 885 2320 ecclesiasticorum
913 2257 1009 2322 tuisse
1030 2263 1164 2328 Enetosip

193 2351 211 2412 a
234 2335 422 2430 Principibus
444 2347 537 2410 libere
551 2347 707 2422 collatam,
724 2345 776 2408 scd
789 2349 892 2407 tamen
906 2345 1132 2414 irrevocabititer
1148 2375 1156 2414 :

193 2439 264 2522 quia
278 2437 411 2500 Ecclesia
420 2454 488 2500 cam
498 2433 682 2518 acceptando
695 2452 760 2496 rem
774 2431 950 2513 suamiecit‚
964 2443 1031 2518 qutt
1042 2443 1165 2522 proinde

192 2527 322 2611 amptibs
329 2526 449 2610 spoliari
457 2544 518 2588 non
527 2522 755 2608 potest-Quid
765 2528 866 2586 autem
880 2523 1169 2597 sitientiendumde

192 2617 250 2682 bac
263 2617 430 2694 sententia,
445 2614 511 2677 vide
525 2632 617 2695 supra
630 2613 720 2693 (2⁵16).

233 2711 343 2782 Quarta
366 2705 513 2768 sententia
536 2707 619 2765 tenet
640 2701 719 2764 hanc
736 2701 960 2764 immunitatem
980 2724 1050 2770 asse
1067 2711 1088 2772 ir
1106 2713 1175 2792 June

192 2797 304 2877 divino,
320 2795 451 2878 etipsius
464 2792 583 2875 patroni
593 2791 625 2853 in
639 2789 848 2873 probationem
860 2789 991 2855 afferunt
1007 2813 1016 2857 :
1033 2801 1067 2858 t·
1083 2803 1176 2866 verba

190 2887 300 2949 Christi
316 2905 324 2948 :
340 2904 389 2968 ap.
407 2885 438 2946 S.
454 2881 558 2944 Mattb.
577 2882 625 2959 (c.
642 2883 698 2957 tt,
713 2897 742 2942 v.
762 2880 833 2957 25);
848 2883 880 2941 2⁰
894 2898 961 2962 cap.
980 2883 1173 2969 Qrmnqnam,

190 2975 225 3037 de
246 2994 334 3052 cons,
350 2976 382 3036 in
402 2977 446 3051 6⁰,
469 2968 668 3034 ubidicitur:
697 2988 712 3027 u
732 2965 873 3030 Ecclesiae
894 2969 1176 3062 ecclesiasticasque

190 3085 205 3124 n
231 3079 366 3144 personae
380 3081 415 3125 ac
429 3080 477 3125 res
490 3061 625 3142 ipsorum
639 3074 702 3119 non
715 3055 812 3118 solbm
825 3057 896 3136 jure
909 3058 1068 3142 humano,
1085 3071 1178 3148 quin.

189 3175 205 3211 r
230 3153 292 3212 imd
315 3158 344 3212 et
366 3149 468 3215 divino
491 3147 717 3212 bsecutarium
737 3163 937 3227 personarum
956 3153 1178 3221 exactionibus

190 3261 205 3300 a
230 3248 299 3301 sunt
313 3240 466 3301 immunes
480 3257 510 3315 s;
525 3239 557 3301 3ο
570 3233 685 3298 Concit.
700 3231 831 3297 trident.
848 3237 936 3312 (scm.
947 3239 1006 3314 25,
1022 3257 1101 3325 cap.
1118 3251 1176 3326 20,

188 3327 223 3389 de
237 3327 382 3406 casnm),
392 3327 444 3388 ubi
458 3325 629 3388 «Ecclesiae
643 3329 673 3386 et
682 3339 879 3406 personatum
893 3324 1179 3401 ecclesiasticarum

187 3434 203 3471 r
227 3413 403 3474 immunitas
434 3412 488 3474 Dei
515 3411 701 3475 ordinatione
722 3415 754 3474 et
777 3410 931 3475 canonicis
954 3417 1180 3491 sanctionibus

186 3519 202 3557 r
228 3499 362 3560 instituta
382 3519 398 3556 r>
422 3499 604 3576 affirmatum
628 3505 660 3560 t·
677 3496 801 3562 tandem
821 3499 878 3564 hac
896 3501 1012 3566 ratione
1031 3512 1180 3588 probant

187 3585 306 3662 quodsi
321 3585 475 3663 hnmano,
490 3603 552 3652 non
567 3587 671 3649 divino
690 3587 774 3666 iuro,
790 3588 853 3652 brec
871 3590 1049 3656 immunitas
1065 3596 1180 3664 suisset
