2416 3954
171 207 229 272 tut
391 223 530 272 utrumn
550 222 652 270 nortus
680 223 758 272 ruars
778 223 925 272 caaomor.

172 329 250 386 esset
263 323 339 386 ratio
352 341 407 386 cur
421 322 555 386 Ecclesia
570 343 632 387 nou
647 328 746 388 statim
760 343 884 387 omnem
895 341 1017 406 poenam
1032 327 1130 405 tempo

173 413 265 476 ratem
280 414 443 475 remitteret
455 413 598 476 omnibus
611 416 681 476 vere
696 414 921 496 poenitentibus,
941 421 972 477 et
985 433 1039 476 cur
1054 415 1130 476 etiam

174 521 235 565 non
249 505 349 564 statim
374 509 470 565 totum
493 503 703 584 Purgatorium
722 511 902 567 evacuaret:
919 506 1028 587 porrd,
1049 502 1132 582 inquit

175 593 306 654 Ferraris
329 610 401 655 cum
423 591 489 655 aliis
509 593 612 656 multis
626 597 667 670 lv·
681 591 888 674 indulgentia,
904 601 938 654 n·
956 595 1031 670 30),
1054 608 1131 652 cnon

175 705 189 740 ι
215 687 311 761 potest
325 682 405 762 Papa
419 687 463 743 tol
475 689 506 744 et
518 687 616 744 tantm
628 682 795 746 concedere
810 681 1013 764 indulgentias
1026 679 1133 744 delunc

177 789 191 827 ι
214 771 252 832 tis
265 769 470 852 applicandas,
481 778 513 835 ul
526 778 622 836 totum
638 773 850 855 Purgatoriuru
858 777 993 848 evacuet,
1004 769 1071 852 quia
1083 786 1132 830 non
1183 765 1184 814 ἶ

178 883 191 916 ι
217 867 313 942 potest
334 879 399 924 esse
418 861 602 924 rationabilis
619 879 709 924 causa
731 869 822 924 tantae
844 860 1091 924 concessionis...
1104 875 1131 932 ις

177 967 308 1012 asserere
317 950 400 1012 enim
410 950 491 1032 quod
500 951 557 1014 hoc
566 951 658 1032 possit
668 954 758 1033 Papa,
770 952 866 1034 pergit
875 958 992 1029 auctor,
1005 971 1023 1008 ι
1031 947 1134 1012 estalie-

177 1064 192 1098 ι
218 1041 376 1102 nissimum
390 1041 429 1102 ab
441 1041 585 1122 opinione
598 1048 629 1103 et
642 1041 835 1122 persuasione
850 1038 997 1116 fidelium,
1011 1039 1133 1100 nomine·

177 1151 192 1188 ι
218 1129 934 1212 tian.'lhornae,in5,diat.l5‚q.2,art2
960 1125 1134 1190 olltmeritb

178 1219 316 1301 quidem,
333 1219 404 1300 quia
422 1218 447 1279 si
470 1224 532 1280 tam
555 1218 642 1282 laoilb
662 1221 680 1282 ι
699 1219 876 1302 Purgatorio
893 1237 1004 1281 animae
1017 1215 1133 1278 lidebant

178 1309 252 1388 cripi
276 1307 426 1385 valerent,
451 1325 513 1368 non
538 1309 670 1372 multum
689 1305 900 1372 formidaretur
913 1307 963 1371 hic
976 1303 1135 1389 expiationis
1184 1305 1185 1354 ῑ

179 1395 282 1472 iocus;
299 1395 425 1478 proinde
441 1415 503 1458 non
527 1398 621 1460 mulla
644 1417 717 1461 cura
730 1397 921 1460 adhiberetur
937 1403 969 1460 ut
991 1396 1136 1458 vitarentur

179 1491 315 1565 peccata,
333 1503 389 1546 neo
403 1485 491 1548 variis
504 1487 622 1565 modis,
642 1487 674 1548 in
688 1487 746 1550 hta
759 1489 829 1566 viti,
844 1505 899 1570 pro
914 1486 973 1550 illis
985 1481 1137 1548 commissit

179 1573 335 1636 satisfieret
345 1575 467 1654 justitiae
479 1575 598 1639 divinae.

218 1665 309 1727 1560.
326 1665 448 1736 Quaerit.
472 1667 502 1727 2⁰
516 1667 662 1738 Quaenam
676 1673 785 1732 statuta
798 1667 908 1730 fuerint
922 1665 961 1729 ab
975 1617 1099 1730 Ecdesit
1111 1667 1137 1726 ul

179 1759 330 1820 constaret
338 1754 376 1816 dc
390 1754 612 1819 authenticitate
627 1757 905 1839 indulgentiarum?
1085 1751 1099 1778 '

220 1845 309 1926 Resp.
332 1845 426 1906 hlulttl
444 1845 644 1909 sollicitudine
659 1846 828 1928 invigilasse
846 1845 1012 1910 Ecclesiam
1028 1851 1062 1910 ut
1077 1861 1137 1908 uou-

180 1931 237 1994 uisr
231 1933 430 1996 'authenticae
445 1935 640 2017 indulgentiae
654 1935 928 2017 promulgarentur.

220 2022 269 2085 Sic
284 2027 314 2085 1ο
334 2023 468 2086 Trident.
485 2025 624 2105 Synodus
640 2026 724 2104 (sess.
747 2029 807 2102 hl,
827 2023 862 2087 de
885 2025 1052 2107 resurrect„
1070 2043 1095 2088 c.
1114 2023 1137 2086 st

180 2112 304 2175 sancivit
323 2131 362 2175 ne
384 2111 580 2193 indulgentiae
594 2131 648 2194 per
668 2114 743 2175 alios
762 2071 968 2177 indicerentur
991 2119 1080 2196 quam
1095 2130 1137 2195 per

180 2200 344 2283 Episcopus
362 2220 415 2263 seu
438 2201 611 2264 Ordinarios
635 2202 839 2266 locorumzu
825 2203 1060 2286 ulndulgentias
1080 2203 1137 2264 verb
1186 2221 1187 2254 ι

180 2311 195 2352 ι
220 2297 272 2352 aut
294 2289 367 2350 alius
389 2289 557 2369 spirituales
580 2291 708 2371 gratias,
735 2291 845 2374 quibus
872 2311 934 2355 non
957 2293 1026 2356 ided
1047 2281 1138 2356 Christi
1186 2283 1187 2290 '

180 2400 196 2438 ι
221 2377 324 2438 fideles
337 2375 424 2439 decet
437 2377 562 2458 privari,
584 2379 728 2462 deinceps
743 2401 796 2462 pcr
810 2382 982 2446 Ordinarios
996 2383 1136 2452 locorum,

180 2489 196 2526 ιι
219 2465 359 2528 adhibitis
372 2465 491 2530 duobus
504 2467 542 2529 dc
556 2468 707 2550 daphnin,
722 2469 829 2534 debitis
842 2471 1029 2552 temporibus
1043 2470 1137 2554 populu

180 2553 415 2636 npublicandas
429 2574 494 2618 esse
516 2555 661 2620 decernit.
678 2580 693 2618 ι
713 2560 827 2622 Deinde
845 2561 998 2624 eademS.
1015 2559 1138 2644 synodus

180 2645 220 2726 (st
224 2664 264 2708 ss
280 2648 335 2723 25,
351 2647 468 2708 liceret
486 2644 521 2708 de
536 2645 667 2748 Indulp.)
689 2668 704 2707 ιι
725 2649 850 2711 mandat
867 2651 1010 2714 omnibus
1030 2653 1137 2733 Episco

180 2758 195 2795 ι
222 2737 285 2817 pia,
308 2743 342 2799 ut
359 2735 519 2818 diiigenter
538 2737 666 2818 quisque
689 2737 863 2817 hujusmodi
879 2741 992 2804 abusus
1014 2739 1137 2803 uectem

180 2847 195 2884 ι
220 2843 283 2888 suae
294 2825 748 2908 (circot'odulpentr'osleolligut,
761 2829 915 2909 eosquein
926 2828 1137 2911 primtSynodu

180 2935 195 2972 ι
220 2914 398 2976 Provinciali
424 2913 546 2994 referat,
570 2922 603 2978 ut
629 2917 758 2978 aliorum
786 2937 908 3000 quoque
934 2921 1137 3002 Episcoporum

181 3019 198 3051 ι
219 3003 367 3063 sententit
381 3004 506 3083 cogniti,
524 3006 624 3066 statim
637 3004 675 3067 ad
694 3023 851 3068 summum
866 3009 1036 3071 Rorrranum
1054 3010 1136 3070 Ponti·

181 3112 195 3149 ι
221 3087 309 3150 licem
331 3087 561 3152 deieranturo:
586 3093 668 3175 quod
691 3095 721 3156 in
748 3095 893 3158 relatione
912 3101 1007 3160 status
1029 3111 1135 3161 suarum

186 3179 382 3242 dcclesiamm
396 3179 534 3243 omittere
549 3201 610 3244 non
624 3183 750 3262 debent,
765 3185 790 3246 si
806 3187 946 3268 Synodus
961 3187 1136 3252 provincialis

180 3287 242 3331 non
256 3271 415 3334 adunetur
432 3269 506 3332 llrde
522 3271 565 3332 lle
578 3273 669 3354 Syn
685 3273 736 3336 lib
755 3279 792 3338 l3
802 3295 890 3358 c‚ap.
910 3279 1031 3355 18,1,
1019 3277 1118 3362 rufine.

219 3362 310 3419 1561.
333 3359 645 3437 manuteneant,
662 3363 786 3426 Constit.
802 3365 866 3427 Io
855 3367 927 3448 spois
939 3373 960 3426 ι’
962 3369 1133 3451 notificabit,

180 3445 240 3526 §Q
256 3462 337 3508 anno
354 3451 430 3509 1669
434 3449 724 3528 ,congregationem
738 3451 998 3535 indulgentiarum
1013 3456 1132 3532 instituit,

180 3533 228 3597 cui
249 3536 456 3597 auctoritatem
481 3535 585 3596 tribuit
612 3559 628 3595 ι
651 3537 753 3618 salsas,
775 3545 980 3626 apocryphas,
1009 3545 1134 3608 indiscre

181 3645 195 3679 ι
220 3627 324 3700 tasque
343 3621 544 3704 indulgentias
564 3623 674 3703 typis
668 3629 801 3709 imprimi
822 3633 960 3710 vetandi,
989 3635 1133 3717 impressu
