2474 3946
457 189 543 235 urum
562 191 718 236 secaturus.
1016 175 1070 236 311

99 319 113 352 ι
141 292 222 354 tione
235 293 364 355 Summo
377 291 513 354 Pontifici
533 296 697 371 reservata,
712 291 939 356 Matrimonium
957 293 1078 356 acatho-

99 407 113 438 1
141 381 189 443 lici
203 381 257 442 riri
272 399 344 443 cum
365 381 510 444 catholica
530 381 676 456 muliere,
691 387 723 444 et
734 381 798 444 ricc
814 385 910 456 versa,
926 381 1079 446 celebrare

98 491 116 530 1
140 475 315 551 praesumat.
331 491 347 529 1
362 467 436 531 Vide
449 469 527 531 diota
540 487 632 550 supra
645 472 757 544 (31111.

140 563 231 621 tuot.
254 557 377 630 Quaerit.
404 561 438 619 2·
463 557 549 629 Ouaii
578 557 661 635 ritu,
689 557 810 622 onena
835 559 1076 642 dispensatione,

100 643 248 711 celebrari
266 644 375 708 debeat
390 645 616 708 Matrimonium
629 645 812 710 catholicum
830 647 907 712 inter
920 657 950 713 et
964 649 1079 712 baereti·

21 788 23 791 .
102 741 247 811 cam,aut
260 735 326 798 vice
338 734 446 796 torst?

141 827 235 905 Ptosp.
249 824 319 886 Jam
331 822 462 885 diximus
486 842 546 886 non
562 841 628 886 esse
649 823 884 905 impendendam
899 825 1078 889 benedictio·

109 931 192 985 nem,
207 911 356 992 quidquid
373 911 510 974 nonnulii
531 911 652 973 dicant:
669 913 744 975 ritus
761 921 860 976 autem
881 933 1010 996 sequens
1028 914 1080 978 luit

105 1002 280 1064 oirscrtatus
302 1001 332 1060 in
346 1000 547 1062 celebratione
572 1001 746 1082 nuptiarum
773 1001 980 1081 Hearicbotae,
1000 1005 1081 1064 Men·

105 1091 158 1153 rici
174 1091 212 1152 tv
224 1090 304 1160 tiliae,
316 1107 387 1150 cum
402 1089 507 1151 Caroio
529 1092 542 1151 1
555 1090 672 1166 biegnae
685 1090 845 1153 Britanniae
859 1095 939 1172 Rege
955 1109 963 1152 :
981 1092 1082 1156 Matri·

106 1179 246 1240 uronium
260 1185 342 1238 extra
356 1177 518 1238 Ecclesiam
533 1184 722 1240 contractum
738 1177 794 1240 luit
807 1179 843 1240 ad
860 1179 965 1242 limina
978 1179 1082 1242 Eccle-

105 1273 157 1330 siae
184 1265 422 1344 Metropolitanse
449 1265 625 1327 Parisiensis
651 1284 755 1328 coram
791 1267 939 1329 cardinali
969 1269 1082 1348 Majorc

107 1355 241 1417 Fruucie
273 1353 539 1434 Eteenrosynario,
569 1355 670 1433 aquo
692 1361 794 1416 tamen
821 1355 993 1418 benedictio
1018 1374 1083 1420 mu-

107 1441 173 1506 lieri
189 1461 251 1504 uon
266 1440 320 1503 luit
346 1440 440 1503 data:
465 1439 576 1504 deinde
598 1441 688 1522 Regis
717 1443 878 1506 Britanniae
904 1445 1083 1508 Procurator

108 1549 218 1594 novam
237 1538 363 1610 nuptam
384 1528 507 1592 deduxit
522 1548 617 1612 usque
637 1529 675 1591 ad
694 1530 864 1610 ingressum
883 1531 983 1608 chori,
999 1533 1082 1596 ubit

107 1619 258 1683 cardinali
285 1619 460 1679 solemniter
491 1618 582 1679 missa
608 1617 663 1680 luit
696 1620 869 1697 celebrata,
896 1620 1083 1682 adstantibus

109 1711 189 1790 [lege
207 1715 237 1770 et
247 1707 362 1788 Regind
375 1707 509 1768 Franciae
519 1753 527 1778 ,
538 1713 568 1768 et
577 1709 652 1768 nort
664 1707 780 1785 Magne
796 1708 956 1769 Britanniae
970 1709 1085 1788 Regini

109 1816 143 1860 ac
158 1796 296 1859 universal
319 1796 400 1876 regit
422 1795 548 1870 tamtum
572 1794 625 1856 sed
647 1794 735 1873 [legis
759 1795 873 1874 angliae
894 1797 1082 1872 Procurator,

110 1886 161 1947 etsi
176 1883 354 1957 catholicus,
368 1882 517 1945 admissus
527 1901 587 1943 nnn
599 1881 655 1944 luit
666 1915 677 1954 ,·
690 1889 792 1962 utpote
802 1901 911 1964 gerens
925 1901 1084 1964 personam

112 1973 258 2053 Principis
276 1970 431 2033 acatholici
451 1988 459 2031 r
483 1971 568 2032 linita
586 1975 688 2030 autem
709 1969 819 2048 missit,
839 1971 963 2033 accessit
976 1973 1085 2036 Procu-

113 2071 190 2124 rator
211 2060 249 2122 ad
262 2058 465 2121 reducendam
479 2059 517 2120 ab
533 2057 665 2119 Ecclesia
682 2061 837 2139 lleginam.
847 2058 921 2122 Vide
934 2061 979 2124 De
993 2061 1082 2144 Sym,

113 2151 206 2222 111111,
222 2167 252 2210 c.
276 2151 307 2224 a,
328 2157 360 2208 η’
377 2149 410 2208 V.
430 2147 541 2208 Eadem
558 2145 713 2210 observata
736 2149 820 2211 suere
840 2147 871 2210 in
892 2150 1085 2215 matrimonio

114 2237 232 2302 tierrici
255 2239 306 2312 lV,
334 2235 471 2300 nondum
499 2235 659 2314 conuersi,
687 2254 759 2300 oum
780 2237 938 2320 Margarita
958 2241 1082 2305 valesia.

113 2327 269 2406 (Carrit'rre,
281 2335 316 2386 111
327 2329 409 2401 ¹162.)

151 2419 184 2478 ln
211 2414 370 2494 tlosoriptis
396 2417 497 2475 aulem
523 2411 784 2494 dispensationum
811 2417 963 2496 prescribi
990 2421 1083 2498 solet,

113 2505 194 2584 juxta
208 2503 344 2564 Catariere
365 2501 430 2580 lib,
447 2505 574 2578 1111113),
590 2509 623 2564 ut
640 2503 833 2564 contrabatur
850 2522 982 2566 scoram
998 2509 1084 2570 Ordi-

115 2617 129 2652 1
154 2591 250 2667 nmio,
265 2590 326 2654 sivo
339 2591 404 2669 ejus
425 2587 574 2670 delegato,
589 2599 619 2652 et
634 2590 753 2652 duobus
766 2591 892 2652 testibus
906 2593 1084 2657 conlidenti-

116 2703 130 2740 1
155 2682 229 2755 bus,
247 2679 356 2760 private
374 2684 405 2739 et
428 2679 543 2740 secreto
564 2685 646 2739 extra
666 2677 839 2753 ecclesiam,
854 2677 972 2739 omissis
994 2681 1086 2743 solitis

116 2791 130 2828 1
153 2767 449 2841 denuntiationibus,
466 2767 579 2847 absque
599 2767 661 2827 uita
681 2765 879 2827 ecclesiastica
901 2765 1086 2831 solemnitate

117 2881 131 2917 1
154 2867 184 2920 ot
212 2856 385 2938 nuptiarum
411 2855 645 2928 benedictione,
670 2853 754 2932 iuxta
787 2852 916 2916 sormam
942 2861 1043 2919 tamen
1069 2861 1085 2921 b

118 2969 132 3006 1
156 2948 186 3010 S.
203 2943 339 3009 Concilio
362 2941 444 3006 Trid.
469 2941 683 3025 praescriptam.
701 2961 716 2999 1
733 2941 900 3004 Concilium
927 2946 997 3007 verb
1012 2949 1086 3011 Ave-

119 3035 264 3102 uiouensc
284 3035 361 3095 aare
381 3033 425 3095 sio
442 3033 544 3094 statuit
558 3049 613 3112 pro
628 3031 727 3092 nostrl
746 3031 901 3094 Provincia
918 3050 926 3092 ι
945 3033 1004 3096 oSi
1018 3039 1087 3098 verb

119 3147 132 3182 1
156 3121 341 3208 dispensatio
355 3119 403 3182 itta
416 3138 559 3183 concessa
573 3119 676 3195 luerit,
688 3118 912 3182 matrimonium
921 3121 1087 3189 celebretur

120 3239 133 3266 a
158 3215 223 3276 sine
232 3210 421 3274 solemnitate
432 3209 661 3289 hunnorumque
672 3208 921 3290 promulgatione,
932 3217 1083 3297 etaempor

117 3321 133 3365 1
154 3309 236 3367 entra
258 3299 418 3363 ecclesiam
434 3317 441 3362 ε
458 3298 569 3380 poterit
594 3303 697 3362 tamen
720 3297 752 3360 in
766 3299 899 3362 sacristit
917 3319 1084 3368 consensus

118 3415 133 3454 1
156 3395 287 3477 partium
304 3390 427 3472 accipin
453 3393 493 3468 (p.
510 3391 560 3464 ott,
576 3392 658 3467 11111).
687 3391 754 3450 Non
769 3396 869 3451 eutem
882 3389 960 3464 licet,
977 3395 1084 3453 matri-

119 3485 220 3547 monio
242 3489 413 3550 contracto,
442 3477 524 3539 adire
553 3487 654 3556 postca
676 3477 850 3541 ministrum
874 3477 1081 3539 acatholicum-

118 3566 500 3655 videtnsratotatctar).
575 3625 580 3634 .
