2416 3954
381 211 467 258 nrnen
488 208 644 256 secernens.
929 185 982 247 181

42 305 135 368 leretur
147 305 267 368 ecclesia
280 324 333 387 per
353 306 478 368 seminis
491 303 669 366 effusionem
684 321 775 384 supra
795 307 929 379 tactum,
945 303 990 364 vel

41 395 130 456 suiuus
142 395 310 471 ecclesiam,
324 403 373 456 aut
388 395 419 454 in
434 392 583 469 sacristid,
596 392 658 454 imin
675 390 706 452 in
720 391 833 469 choro,
848 391 990 468 tribunt,

41 483 294 560 consessionnario,
310 483 334 544 si
348 483 408 543 sint
421 488 505 542 extra
515 499 626 560 corpus
639 480 784 544 ecclesie.
795 481 838 542 lte
847 479 990 558 Burbcsa,

41 588 80 650 ap.
92 573 230 649 Ferraria,
244 583 275 634 v·
286 571 441 644 Ecclesia,
458 577 513 632 nrt.
529 573 560 637 4,
578 576 610 629 n·
625 572 676 631 48.

72 663 241 723 titia-lv.
258 659 392 722 Violctur
404 659 528 721 ecclesia
543 658 567 720 si
582 660 615 718 in
629 660 665 719 ed
678 655 838 738 sepeliatur
848 658 989 736 infidelis,

43 767 91 809 non
100 749 269 830 baptizatus,
285 755 337 812 out
351 747 630 810 excommunicatus
640 746 795 822 vitandus,
807 765 862 810 seu
873 749 992 830 publice

42 836 232 914 denuntiatus,
263 837 310 900 vel
342 837 477 898 notorius
509 835 609 898 clerici
636 853 806 916 percussor.
833 838 876 898 lta
904 836 993 900 habet

42 936 117 1006 capnt
130 927 291 989 Ecclesiam
305 931 361 1000 27,
377 926 415 986 de
426 927 613 1002 consecrat,
629 924 699 986 dist.
722 927 736 984 1
756 943 795 984 :e
814 923 992 1005 Ecclesiam,

43 1037 53 1070 o
73 1013 98 1074 in
117 1019 174 1096 qud
195 1033 332 1096 paganus
355 1013 489 1096 sepultus
515 1021 579 1091 est,
603 1032 663 1076 non
687 1012 774 1074 liceat
796 1031 990 1088 consecrare,

42 1124 53 1158 n
73 1121 161 1184 neque
176 1105 282 1165 missas
296 1103 327 1164 in
342 1103 377 1164 eit
392 1103 563 1178 celebrare,
580 1102 631 1164 sed
648 1101 752 1181 jactari
767 1099 846 1164 iuras
860 1107 890 1162 ct
903 1119 993 1162 mun·

42 1213 53 1246 o
72 1190 128 1253 dari
144 1201 260 1274 oportet
275 1213 313 1266 n;
331 1191 397 1252 vide
415 1191 504 1253 etiam
523 1209 590 1272 cap¹
607 1209 747 1271 sequeno.
759 1225 798 1236 -
812 1191 880 1251 Non
894 1196 994 1252 441444

42 1280 165 1358 polluitur
181 1281 309 1343 ecclesio
327 1281 351 1340 si
374 1280 404 1340 in
428 1283 463 1341 ed
480 1279 662 1360 sepeliantur
677 1279 726 1340 olii
748 1277 876 1361 indigni.
899 1280 943 1344 De
960 1275 997 1340 nb

41 1368 164 1430 omnibus
175 1416 183 1444 ,
196 1369 266 1430 uide
281 1368 448 1442 iteillenst.‚
465 1367 515 1428 lib.
532 1370 690 1444 3,111.40,
709 1366 748 1428 nl·
765 1371 871 1432 16-81.

71 1461 151 1520 4198.
166 1461 257 1521 Juxta
272 1465 374 1518 autem
390 1460 550 1517 Auctorem
562 1456 698 1521 Proelect.
715 1455 751 1518 S.
762 1455 864 1537 Sulp„
877 1465 908 1516 n⁰
924 1461 994 1532 otti,

40 1543 174 1607 dubitatur
192 1565 233 1608 an
253 1545 379 1607 ecclesia
392 1545 437 1605 vel
461 1545 668 1606 coemeterium
682 1544 834 1626 polluatur
847 1563 901 1626 per
911 1544 997 1608 inbu-

40 1635 187 1696 unctionem
201 1634 332 1696 haeretici
353 1633 477 1709 notorii;
494 1634 556 1694 irnd
573 1635 657 1711 Juxta
672 1635 827 1715 Lequeux,
843 1645 877 1694 n·
899 1637 994 1702 tunt,

40 1722 127 1800 opinio
140 1725 294 1784 aiiirmans
303 1729 380 1783 esset
395 1722 588 1784 communius
600 1727 737 1799 recepta;
749 1721 801 1783 sed
816 1721 998 1803 probabilior

39 1808 103 1871 sicut
118 1813 207 1874 etiam
229 1810 421 1872 communior
443 1809 559 1870 videtur
580 1811 725 1870 sententie
742 1828 879 1890 negans:
900 1811 950 1872 usi
966 1811 997 1872 in

40 1919 51 1952 n
70 1901 183 1962 ecclesid
202 1901 313 1962 luerint
330 1899 437 1979 sepulti
453 1897 582 1960 herenei
603 1898 709 1959 notorii
721 1946 729 1972 ,
743 1897 840 1979 inquit
854 1899 996 1976 Ferraris,

40 2011 50 2040 r
73 2007 128 2050 non
153 1997 294 2052 censetur
318 1987 426 2048 violata
446 1987 590 2056 ecclesia,
612 2003 668 2048 nec
688 1986 802 2068 indiget
824 1989 996 2049 reconcilia·

39 2097 51 2130 o
71 2077 156 2140 tione.
178 2101 194 2138 o
217 2080 253 2138 nt
271 2077 342 2138 huic
359 2075 458 2137 caeteri
480 2077 540 2136 DD.
562 2075 771 2148 consentiunt,
788 2081 822 2138 ut
837 2077 936 2138 videre
953 2085 998 2139 est

40 2167 64 2222 ,o
75 2167 186 2228 ecclesio
200 2213 209 2243 ,
225 2175 279 2227 art.
296 2169 327 2242 4,
344 2174 377 2224 n⁰
392 2168 441 2226 54.
458 2167 501 2225 Re
519 2164 641 2245 quidem
656 2167 724 2226 vera
739 2164 769 2226 in
782 2184 849 2247 cap.
863 2166 999 2242 Quicum-

39 2272 93 2332 que,
107 2256 139 2316 de
149 2254 309 2326 hereticis,
323 2254 353 2314 in
366 2257 409 2328 6⁰,
421 2254 554 2315 sancitur
564 2260 598 2315 ut
609 2254 692 2315 locus
703 2255 802 2336 inquo
811 2255 945 2336 sepultus
954 2265 999 2319 est

40 2339 180 2406 dereticoo
191 2392 199 2422 ,
210 2341 391 2413 4414444444,
408 2341 452 2404 vel
465 2351 639 2424 receptator,
649 2343 693 2404 vel
708 2341 849 2423 defensor,
856 2346 998 2426 perpetret

39 2443 127 2493 careat
144 2432 297 2515 sepultor-ct
308 2448 321 2504 ,·
333 2430 385 2493 sed
408 2429 529 2511 quando
549 2431 603 2492 iste
617 2450 715 2493 canon
729 2431 785 2493 luit
798 2431 916 2506 editus,
936 2451 997 2493 non

40 2523 238 2600 requirebatur
251 2521 457 2592 denuntiatio,
470 2527 503 2581 ut
517 2520 788 2580 excommunicatio
805 2538 876 2580 suos
893 2537 1000 2582 omnes

40 2609 152 2673 effecius
172 2610 352 2692 produceret
370 2628 377 2668 ε
396 2605 561 2669 sufficiebat.
573 2607 655 2668 enim
668 2615 743 2668 tunc
757 2607 934 2683 notorietas3
948 2608 1000 2668 sed

42 2693 118 2760 lindie
137 2708 206 2782 post
227 2698 381 2760 blartiniV
398 2696 534 2771 Bullam,
549 2695 600 2759 Ad
611 2694 746 2757 enitendo
763 2693 922 2770 scandolo,
938 2694 1002 2758 baec

41 2801 92 2848 non
107 2789 239 2872 amplius
251 2787 369 2850 suflicit.

73 2881 160 2940 4800.
183 2879 269 2939 Certe
293 2893 353 2938 non
375 2874 518 2956 polluitur
539 2872 665 2934 ecclesio
684 2871 709 2932 si
730 2871 761 2932 in
785 2874 821 2934 ea
844 2874 1003 2955 sepelietur

41 2963 130 3028 inians
145 2984 206 3028 non
223 2965 384 3046 baptizatus
404 2966 435 3024 in
458 2969 543 3024 utero
561 2961 664 3022 matris
678 2967 805 3023 mortue
827 2962 960 3026 inclusus
973 2972 1004 3027 et

40 3070 103 3114 cum
117 3055 182 3136 ipsu
196 3053 366 3116 delnnctus.
384 3053 506 3114 Certum
520 3057 565 3110 est
578 3049 669 3111 etium
684 3049 821 3113 illicitum
837 3070 902 3114 esse
918 3053 1002 3118 illum

41 3141 68 3201 in
81 3143 205 3205 44414411
220 3149 271 3204 441
283 3141 548 3204 coemeteriosooro
563 3139 700 3219 sepelire,
716 3138 740 3201 si
753 3150 901 3203 extractus
916 3141 1004 3208 luerit

41 3229 179 3294 abutere
198 3231 300 3294 matris
320 3249 393 3293 suae.
418 3229 478 3291 Sed
497 3228 727 3290 controvertitur
746 3247 785 3290 an
806 3230 838 3290 in
857 3230 912 3292 isto
932 3251 1004 3296 casu

42 3319 185 3397 polluatur
204 3319 329 3383 ecclesia
347 3319 393 3380 rel
417 3318 643 3392 coemeterium3
667 3324 697 3380 41
717 3318 819 3380 revere
834 3335 901 3400 cap.
919 3325 956 3381 81
976 3330 1005 3384 41

41 3409 87 3485 18,
96 3408 165 3471 dist.
179 3413 207 3486 1,
218 3408 256 3470 de
266 3409 451 3485 Consecrant,
463 3425 524 3468 non
536 3405 747 3486 loquunturde
758 3406 807 3468 tali
818 3406 941 3483 infante,
952 3409 1005 3471 sed

41 3494 76 3558 de
95 3515 211 3579 pagano
233 3505 263 3559 et
282 3495 414 3572 infideli3
436 3495 527 3577 porrd
548 3495 625 3556 inter
645 3511 779 3576 paganos
799 3501 853 3556 aut
870 3494 1006 3558 infideles

42 3584 230 3667 computandi
244 3601 307 3648 non
325 3581 463 3648 ridemur
476 3581 529 3646 fllii
543 3580 698 3660 bdelium,
713 3579 768 3644 eui
786 3579 923 3643 nondum
936 3581 1006 3654 bep-
