2420 3968
390 241 475 286 arran
492 241 650 288 sacunnus.
951 227 1008 286 559

52 333 83 396 ad
96 353 124 396 so
139 354 190 418 pro
209 339 268 400 tota
287 337 336 400 die
352 337 581 400 sustentandum
593 385 601 417 ,
612 339 657 400 vet
673 339 696 401 si
711 339 742 401 in
761 337 810 401 die
828 336 1009 421 praecedenti

52 423 167 486 inediam
180 427 217 486 sit
231 445 345 508 passus.

83 518 164 578 4996.
187 517 307 588 Ouaerit.
334 519 365 580 {⁰
387 519 595 590 Quorumnarn
613 519 791 582 aninralium
810 535 918 582 carnes
937 535 1010 580 cen·

51 601 140 666 sanda
152 605 211 666 sint
225 605 320 668 vetitae
333 607 440 670 diebus
454 607 668 670 abstinentiae?

82 693 163 774 Rosp.
184 717 199 754 r
217 695 248 758 S.
272 695 403 759 Thomas
418 699 462 776 (9,
486 701 515 774 9,
538 717 569 778 q.
594 702 670 776 tur,
686 704 741 761 art.
763 700 794 775 8)
809 699 849 762 nit
871 695 1009 763 interdici

33 803 60 836 ιι
82 800 180 847 carnes
192 784 329 848 omnium
343 785 519 848 animalium
535 787 565 848 irr
582 787 662 849 terret
676 788 854 850 noscentium
869 791 898 850 et
915 787 1010 868 respi-

49 892 60 925 ιι
82 873 257 950 rontium...;
274 875 327 936 sed
342 875 476 956 magis...
493 876 674 940 attendenda
688 883 733 940 est
746 875 917 938 communis
930 876 1012 938 aesti-

49 961 165 1024 ornatio
188 963 341 1034 fidetium,
366 983 402 1027 ac
418 965 568 1044 judicium
593 968 801 1043 medicorum,
824 964 848 1026 si
872 970 1010 1042 reputent

49 1071 59 1104 ιι
82 1068 178 1113 carnes
198 1053 243 1116 ret
259 1054 407 1136 pisces...;
431 1053 501 1116 trino
519 1054 624 1118 dicunt
637 1057 822 1132 Tarnbur...,
838 1051 1006 1114 Coccina...

49 1159 60 1193 ι
82 1157 136 1201 999
159 1142 248 1204 vetari
274 1161 381 1206 carnes
401 1143 565 1222 liniacum,
586 1145 820 1222 testitudinum,
843 1159 1008 1219 ranarum,

49 1250 60 1283 ι
81 1227 255 1295 locustarum
271 1237 299 1294 et
313 1231 497 1296 concharum
518 1253 525 1293 :
542 1233 616 1296 ratio
631 1236 702 1316 quia
711 1230 884 1312 hujusmodi
898 1231 1010 1291 anima·

49 1339 59 1372 r
80 1317 148 1382 tia...
163 1322 390 1403 aequiparantur
411 1322 566 1403 piscibuS,
587 1324 658 1385 cum
676 1324 725 1384 vix
739 1321 868 1383 habeant
885 1317 1009 1398 sangui-

48 1431 58 1460 ιι
79 1425 143 1470 uero
154 1457 162 1486 ‚
173 1411 219 1472 vel
236 1412 416 1490 sanguinem
431 1409 573 1490 trigidum
585 1460 593 1490 ,
607 1413 652 1475 vet
668 1413 844 1475 nutriuntur
855 1407 1007 1490 piscibus,

48 1517 58 1550 r
79 1504 125 1560 aut
135 1500 164 1560 in
172 1500 307 1582 aquisad
318 1499 409 1562 instar
418 1501 599 1581 pisciuru...;
612 1502 691 1564 idern
700 1502 784 1563 aiunt
794 1499 1007 1574 tttilante,etc.,

47 1607 58 1640 r
78 1586 112 1650 dc
130 1589 291 1672 viperis...‚
307 1588 388 1650 idem
409 1589 532 1652 Ethai...
549 1590 586 1652 de
607 1591 709 1661 turris,
727 1588 910 1664 castorinas,
927 1586 1009 1648 tibris

47 1683 104 1738 ret
128 1679 268 1742 anatibus
295 1677 453 1758 cujusdam
481 1680 650 1760 gestaris...;
677 1699 744 1742 ares
772 1685 925 1754 tamen...,
941 1676 1009 1738 ticet

47 1787 57 1818 r
78 1767 179 1849 atiquae
203 1769 377 1830 nutriantur
396 1769 426 1828 in
453 1769 557 1848 aquis,
579 1768 729 1831 habentur
751 1775 786 1831 ut
807 1785 884 1829 verae
904 1783 1009 1827 carnes

47 1877 56 1908 ιι
78 1864 161 1934 prout
178 1865 252 1920 sunt
266 1856 384 1932 fulicae,
404 1858 483 1919 corvi
499 1859 608 1918 marini
626 1859 818 1920 etsiuritos.»
837 1858 867 1918 S.
885 1855 1006 1936 Lignor.

48 1943 132 2020 sitici„
156 1959 189 2008 9ο
214 1949 314 2025 tort).
334 1944 538 2026 «Copendant
556 1965 608 2008 sur
623 1953 671 2009 cet
691 1947 813 2022 article,
834 1945 930 2028 inquit
944 1945 1006 2007 DD.

45 2055 56 2086 r
77 2033 322 2116 ttonssetfflrool.
338 2033 473 2110 morule,
490 2041 562 2096 tour.
576 2040 604 2113 t,
616 2045 648 2097 9ο
668 2041 726 2100 994
740 2035 772 2096 in
785 2035 872 2118 fine),
888 2051 1008 2097 comme

46 2147 56 2174 ι
77 2143 123 2184 sur
143 2125 295 2206 plusieurs
317 2122 428 2185 retatifs
449 2142 488 2185 au
505 2124 615 2204 jetrne,
638 2145 678 2188 on
698 2126 760 2188 doit
778 2125 876 2188 suivre
895 2122 1008 2204 t'usage

45 2234 54 2264 ιι
76 2213 124 2275 des
137 2215 218 2276 lieux
232 2221 262 2276 ct
280 2212 333 2274 des
347 2211 483 2275 dioceses
496 2215 536 2276 οὺ
550 2214 611 2277 t’on
630 2234 662 2278 se
681 2223 784 2279 trouve
801 2235 808 2276 :
824 2216 904 2278 eirca
921 2213 1009 2277 absti-

48 2326 55 2351 ι
77 2305 205 2366 ueritiam
229 2302 353 2364 diuersae
371 2303 603 2367 consuetudines
627 2306 758 2368 existunt
776 2303 856 2386 apud
878 2303 1007 2365 diuersas

44 2416 53 2444 ιι
75 2412 145 2472 quas
159 2395 291 2476 quisque
305 2392 462 2454 observare
474 2392 578 2471 debet,
589 2395 759 2457 secundum
770 2410 886 2455 morem
900 2409 1006 2454 eorum

45 2503 53 2532 ι
75 2483 146 2544 iuter
154 2502 234 2565 quos
248 2489 452 2544 conversatur.
465 2483 496 2543 S.
508 2483 616 2544 Thom.
628 2483 712 2544 Sum.
726 2499 795 2562 pars
805 2485 836 2557 9,
850 2484 880 2557 9,
892 2499 922 2559 q.
937 2483 1005 2557 447,

44 2593 53 2623 ιι
78 2577 131 2634 urt.
147 2578 260 2634 8.»)-9
276 2573 362 2654 rtpud
378 2591 443 2646 nos,
459 2571 709 2654 inquitLeqneux
721 2570 871 2648 (u0102t),
887 2567 1005 2628 tolerari

45 2663 210 2725 irridentur
231 2661 329 2724 ardeas
352 2661 404 2740 (lca
427 2661 559 2741 aaronem
583 2659 680 2722 suticae
702 2659 762 2738 (ies
785 2656 887 2741 pontes
909 2655 1005 2735 d’eou)

45 2771 55 2804 r
76 2755 149 2814 corui
169 2753 299 2833 aquatici
319 2751 369 2832 (tes
392 2751 581 2829 moerezrscs);
604 2768 667 2812 non
690 2749 760 2810 vero
780 2745 893 2808 tolerati
914 2763 1005 2825 repu-

46 2861 56 2894 ι
76 2848 170 2905 tantur
184 2849 305 2920 anates,
327 2839 549 2903 anscrcsietcri
563 2839 614 2922 qui
635 2841 739 2903 natura
756 2855 817 2900 non
836 2834 1005 2898 diti'eruntt

45 2949 55 2982 r
76 2929 285 2994 domesticis»

76 3025 160 3084 tour.
182 3021 303 3093 Quaerit.
319 3025 351 3083 2⁰
366 3024 413 3083 An
427 3019 588 3102 dispensati
608 3020 645 3084 ad
666 3037 773 3083 carnes
786 3016 902 3100 possint
915 3016 1004 3080 simut

44 3107 123 3170 orioro
135 3129 243 3172 carnes
255 3119 283 3172 et
299 3113 395 3192 pisces
408 3110 516 3172 diebus
530 3111 711 3190 prohibitis?

81 3203 169 3276 Resp.
184 3198 353 3282 Negntivar
375 3203 466 3280 prout
480 3200 601 3258 constat
614 3191 742 3276 Encyot.
759 3195 834 3256 Bon.
853 3194 919 3256 XtV
937 3197 1004 3260 Non

49 3290 225 3374 ambigimus,
242 3295 272 3352 et
289 3286 463 3370 presertim
477 3285 569 3346 attera
585 3284 723 3363 ejusdcm
740 3283 865 3363 Enoycl.
881 3285 918 3346 Si
939 3287 1004 3368 fra·

51 3385 167 3445 remites
179 3397 246 3462 qua
258 3377 343 3441 initio
352 3374 524 3454 Theologiae
537 3375 568 3438 S.
582 3373 707 3454 Liguor.
723 3373 877 3452 teguntur.
894 3376 958 3438 troo
970 3393 1005 3438 ex

51 3493 125 3554 resp.
141 3477 172 3536 S.
189 3469 357 3536 Poenitenti.
370 3471 407 3529 ro
419 3465 495 3546 junii
514 3467 602 3538 4834,
616 3463 779 3544 prohibitio
792 3461 855 3523 haec
868 3481 1005 3542 compre·

51 3563 148 3626 hendit
163 3563 251 3626 ctiam
275 3575 378 3621 casum
404 3576 464 3635 quo
483 3555 616 3633 pisciculi
637 3553 698 3614 sato
721 3552 843 3624 siccati,
863 3551 1005 3627 trarcugi,

52 3653 144 3718 oncri
156 3649 341 3736 (6999999999)
350 3643 605 3724 ostruaephuttres),
615 3641 733 3716 otiaque
742 3643 869 3699 testacea
878 3637 1005 3696 mariun.
