2416 3954
402 199 488 246 stuta
509 199 665 248 SECUNDUS.
965 191 1019 252 387

69 293 225 374 huiusmodi
246 297 438 380 eleemosyna
457 303 535 362 essct
547 301 616 360 vere
630 293 843 376 satisfactoria,
859 294 930 380 quin
945 306 1024 362 esset
1057 365 1065 376 ,

67 401 133 464 opus
147 403 204 447 nun
218 385 320 450 famuli
332 393 382 448 aut
396 386 505 463 amici,
525 385 578 448 sed
596 386 677 448 illam
691 387 878 468 imperantis3
891 405 978 449 secus
998 387 1023 451 si

67 471 167 536 lentule
189 475 232 538 vel
252 475 350 538 amico
368 473 524 537 mandaret
545 481 580 537 ut
597 493 653 536 suo
669 477 791 539 nomine
809 476 956 556 jejunaret
976 476 1023 540 vel

67 571 167 640 oraret,
182 564 250 644 quia
265 565 333 626 talia
348 582 438 648 opera
452 571 524 628 sunt
540 563 729 646 personalia,
748 572 778 628 et
797 565 917 629 illerum
932 584 1023 632 causa

68 652 176 732 propria
186 659 215 715 ct
224 653 361 734 proxima
375 659 419 716 cst
434 654 601 715 necessario
609 654 750 732 jejunans
765 661 934 732 auterens,
948 658 999 738 qui
1013 702 1021 734 ,

69 740 129 802 cirm
143 759 179 804 ex
191 741 349 824 hypothesi
365 741 448 804 sitin
464 747 543 805 statu
562 743 675 824 peccati
691 743 839 820 mortalis,
860 762 937 826 opus
954 745 1024 808 verb

68 829 284 893 satisfactorium
297 849 441 914 peragere
451 849 513 894 non
527 832 614 894 valet.
627 832 807 910 (Borrama,
822 830 875 902 it„
894 837 928 894 nl
941 837 984 913 9.)

100 921 185 982 4543.
208 921 330 992 Quaerit.
345 923 378 981 4ο
393 923 440 982 bn
453 937 545 1002 opera
558 921 641 982 mere
655 927 779 983 externa
797 937 866 1001 qum
884 919 922 982 dc
942 939 1026 984 man-

66 1002 127 1068 dato
144 1005 277 1072 defuncti
301 1015 368 1090 post
383 1009 477 1092 ipsius
497 1015 624 1071 mortem
639 1015 710 1072 sunt
729 1008 939 1090 adimplenda,
953 1018 1025 1090 puta

67 1093 270 1178 eleemosyna,
292 1097 509 1175 restitutiones,
524 1095 761 1180 independenter
774 1098 813 1161 ab
831 1103 1024 1162 executurum

66 1181 300 1264 dispositionibus
314 1187 371 1248 sint
384 1186 601 1250 satisfactoria?

102 1273 187 1358 llesp.
202 1276 309 1338 Plures
330 1274 489 1350 affirmare,
506 1294 542 1339 ex
569 1295 687 1340 canone
715 1277 774 1353 Oui
795 1277 955 1340 obiationes
976 1281 1025 1356 ill,

66 1366 148 1425 must
161 1366 249 1442 xttt,
264 1363 330 1446 q.'2
342 1411 351 1442 ,
365 1363 416 1428 ubi
431 1363 539 1427 dicitur
555 1384 563 1426 ε
583 1367 667 1438 «Oui
687 1366 852 1429 oblationes
875 1366 1028 1429 defuncto

66 1473 79 1508 r
101 1470 165 1514 rum
179 1454 345 1517 retinent...
355 1453 472 1516 suntab
482 1453 614 1516 Ecclesfb
624 1455 776 1535 rejiciendi
786 1502 794 1532 ,
803 1457 872 1537 quia
885 1464 914 1517 et
925 1455 1027 1518 fideles

66 1559 79 1596 r
100 1539 136 1603 dc
158 1560 286 1624 corpure
303 1542 476 1605 recedentes
488 1553 625 1606 votorum
640 1562 765 1606 suorum
784 1544 984 1626 plenitudine,
999 1551 1028 1608 et

65 1649 79 1686 n
101 1648 246 1713 pauperes
259 1632 413 1696 consolatu
427 1632 577 1695 alimoniae
594 1632 781 1695 fraudantur.
797 1633 832 1694 lli
857 1633 930 1696 tales
943 1635 1027 1715 quasi

65 1738 80 1804 r
100 1721 252 1800 egentium
276 1727 430 1784 necatores
443 1721 573 1784 habendi
592 1728 699 1784 sunt...
715 1743 731 1781 r>
748 1725 865 1804 Negant
878 1723 943 1800 alii,
959 1723 1029 1803 quia

65 1825 160 1889 opera,
176 1810 414 1894 independenter
427 1812 445 1872 a
456 1811 506 1892 pil
523 1811 689 1873 intentione
702 1811 951 1892 exsequentium,
967 1829 1028 1873 non

65 1897 148 1962 aliem
160 1899 275 1964 babent
287 1899 449 1964 efficaciam
463 1901 556 1981 quim
576 1917 645 1964 cam
664 1901 763 1982 quaed
782 1899 913 1964 defuncti
928 1900 1029 1963 volun·

66 1991 119 2050 tate
131 1987 316 2054 hauserautr
331 1990 373 2052 ita
386 1991 506 2068 Suarez,
518 1988 598 2071 apud
612 1990 771 2072 Lequeux,
787 1998 822 2052 n·
835 1993 892 2053 967
900 2011 908 2068 ;
925 1991 1030 2054 etFer-

65 2077 133 2140 raris
146 2079 186 2158 (ν’
200 2077 372 2160 Suffragia,
387 2075 429 2139 n¹⁸
444 2081 498 2156 ll,
512 2080 571 2154 48).

101 2169 189 2230 4544.
202 2169 326 2240 Quaerit.
342 2171 374 2232 5·
385 2171 431 2229 Au
446 2166 495 2229 illc
508 2167 572 2248 qui,
586 2185 624 2230 ex
637 2167 772 2247 injuncta
785 2168 839 2231 sibi
855 2170 1029 2251 poenitentil

66 2262 112 2317 aut
124 2257 182 2320 alis
195 2257 235 2321 de
249 2260 361 2336 cause,
381 2261 500 2319 tenetur
517 2256 658 2320 defuncto
677 2256 852 2340 suffragium
873 2265 1028 2342 praestare,

67 2345 101 2404 sit
112 2345 293 2428 obligandus
304 2343 342 2408 ed
356 2363 433 2427 opus
447 2346 632 2426 iterandum,
647 2365 717 2410 casu
734 2366 795 2430 quo
808 2347 882 2410 illud
895 2348 1031 2431 praestitit

67 2431 93 2494 in
102 2439 178 2499 statu
191 2435 307 2519 peccati
322 2434 475 2496 mortalis?

103 2525 190 2608 besp.
206 2527 277 2588 Jam
292 2541 348 2586 nos
361 2523 471 2586 dixisse
484 2541 574 2606 supra
589 2525 688 2604 (3843)
702 2523 880 2586 sententiam
893 2541 1031 2586 commu-

67 2627 131 2675 nem
145 2631 230 2691 esse,
252 2613 338 2693 juxta
351 2615 382 2676 S.
406 2613 527 2694 Lignor.
548 2613 610 2691 (lib.
633 2617 670 2683 6,
687 2624 721 2673 n⁰
734 2615 819 2690 522),
841 2613 922 2692 qubd
936 2612 1033 2674 valida

66 2701 101 2762 sit
127 2703 264 2785 impletio
293 2703 516 2765 sacramentalis
544 2701 726 2782 poenitentiae
757 2701 787 2760 in
820 2705 897 2761 statu
920 2700 1032 2780 peccati

67 2793 195 2855 mortalis
210 2813 220 2870 ;
237 2793 262 2855 si
275 2799 376 2854 autern
390 2791 532 2871 obligatio
545 2789 721 2869 suffragium
736 2787 895 2870 prestandi
910 2788 1034 2851 defune-

69 2879 147 2943 tisex
162 2881 222 2955 otia
244 2883 334 2944 causa
348 2882 519 2964 proveniat,
540 2897 569 2938 v.
590 2896 620 2958 g.
641 2895 677 2938 er
696 2885 781 2954 roto,
804 2877 910 2940 eadem
925 2878 1033 2942 solutio

67 2967 266 3034 videturesse
292 2969 410 3046 danda;
436 2965 623 3030 contrarium
646 2972 748 3028 tamen
773 2971 856 3029 tenet
882 2967 1032 3032 Benacina

67 3055 160 3136 p'tid,
176 3071 212 3122 η·
226 3062 286 3136 44).

102 3149 192 3211 ests.
217 3147 340 3220 Quaerit.
356 3149 387 3210 6⁰
400 3149 547 3220 Quanam
560 3143 750 3226 requirantur
759 3165 796 3210 ex
808 3151 891 3230 parte
905 3149 970 3229 ejus
983 3149 1032 3212 eui

67 3235 205 3320 suffragia
218 3235 406 3300 offeruntur?

104 3326 193 3409 Resp.
208 3329 282 3390 Tres
295 3326 401 3388 saltem
413 3322 601 3388 conditiones
614 3323 726 3404 requiri
740 3325 771 3386 in
786 3345 822 3390 co
835 3344 891 3404 pro
905 3347 965 3408 quo
975 3329 1034 3390 sul·

69 3411 157 3496 fragia
169 3415 338 3478 offeruntur
354 3434 361 3475 :
379 3419 410 3476 l⁰
423 3422 456 3477 ut
469 3413 601 3494 indigeat
614 3411 755 3494 suffragio
779 3419 870 3494 (unde
890 3417 986 3478 Beatis
1002 3419 1033 3479 in

68 3506 141 3566 coelo
155 3505 297 3586 sutfragia
310 3503 452 3586 applicari
468 3505 646 3584 nequenrrtj;
662 3508 692 3564 et
706 3502 784 3565 idem
798 3513 842 3566 est
858 3503 1031 3581 dicendum,

69 3593 181 3660 etiamsi
196 3603 300 3676 postca
318 3594 484 3676 indigeret,
498 3591 569 3674 quia
583 3609 644 3654 non
659 3601 775 3655 constat
787 3594 926 3670 sutfragia
939 3597 956 3652 a
970 3593 1033 3652 Deo
