2462 3972
191 204 249 265 itt
409 223 546 267 nannum
566 223 667 268 rorrns
686 223 768 270 sums
788 222 937 269 canorum.

190 319 336 381 trientem
360 319 446 382 bonis
469 339 537 399 quae
558 321 668 399 injuste
690 320 728 382 sb
750 339 788 383 eo
810 319 883 383 olim
905 319 1028 382 luerent
1045 327 1157 402 erepte
1220 339 1221 380 3

191 407 264 470 Vide
278 411 312 468 D.
332 409 437 483 Bouix,
454 409 497 470 De
517 408 677 490 Capitulis,
693 408 833 492 supplem.
850 414 880 487 1,
896 429 928 491 p.
944 412 1074 472 661665
1087 455 1096 486 ,
1110 409 1158 472 uhi

190 497 297 560 citatur
322 498 477 578 responsio
500 499 531 560 S.
557 499 788 561 Poenitentiariae
811 497 966 580 praelatam
993 497 1158 560 doctrinam
1221 508 1222 572 )

190 585 392 662 confirmans;
411 587 548 648 consulta
566 588 648 648 enim
666 608 719 649 c...
736 591 768 648 2·
784 589 830 648 bn
843 586 1005 648 honoraria
1022 585 1160 648 sacerdo

189 697 205 733 a
222 673 302 736 tibus
315 675 332 736 a
347 673 501 737 Guberniu
513 675 598 753 data,
615 693 667 738 seu
681 693 719 738 ex
732 675 938 738 functionibus
955 674 1159 738 ecclesiasticis

190 785 205 822 r
229 763 454 844 provenientia,
470 764 531 824 sint
543 764 623 826 bona
642 763 961 846 quasi-patrimonialia
975 769 998 824 ¹.
1015 765 1048 825 S.
1064 763 1161 826 Poeni·
1222 800 1223 850 ,

190 873 204 910 n
229 851 402 915 tentiaria...
418 852 663 932 respondendum
676 853 831 915 censuit...
847 852 885 914 ad
897 856 938 914 2·
952 851 1028 914 alias
1041 851 1162 914 luisset

191 963 206 996 n
228 939 337 1004 selecta
350 941 589 1023 Congregatione
603 943 635 1003 S.
651 943 794 1003 itomanae
804 940 945 1004 Ecclesiae
959 940 1162 1003 cardinalium

192 1051 207 1086 n
232 1047 411 1110 responsum
426 1049 436 1092 t
450 1030 533 1111 qudd
552 1031 578 1092 si
591 1035 698 1111 agatur
719 1028 757 1092 de
778 1029 976 1112 pensionibus
995 1030 1162 1092 constitutis

193 1141 208 1178 n
233 1118 299 1180 inco
315 1117 488 1182 reddituum
510 1137 587 1199 quos
601 1117 783 1181 beneficiarii
797 1125 885 1180 antea
897 1117 1110 1200 percipiebant
1129 1137 1161 1180 ex

193 1231 208 1272 n
233 1207 334 1270 lundis
354 1225 409 1271 seu
433 1209 452 1269 tr
472 1207 539 1272 loco
563 1225 690 1271 suorum
712 1206 945 1283 beneficiorum,
968 1221 1026 1269 eos
1049 1209 1161 1270 censeri

194 1320 207 1356 u
235 1297 364 1358 redditus
382 1295 605 1372 ecclesiasticos,
628 1313 691 1358 non
711 1296 1059 1378 qnasi-patrimoniales;
1078 1313 1164 1358 secus

193 1408 209 1446 u
232 1387 303 1446 verb
325 1385 349 1446 si
367 1391 473 1466 agatur
494 1385 533 1448 de
555 1383 795 1467 stipendiisque
812 1384 923 1446 dantur
945 1383 1162 1463 laborantibus,
1224 1388 1225 1466 )

192 1495 208 1534 r
233 1473 423 1535 inserviendo
437 1473 642 1536 functionibus
654 1471 875 1552 ecclesiasticis,
891 1480 1037 1554 tanquam
1051 1491 1164 1537 merces
1224 1471 1225 1478 '

193 1583 209 1625 u
233 1562 333 1642 operis
355 1561 434 1624 etad
453 1564 606 1645 operantis
622 1561 871 1625 sustentationem
888 1580 896 1622 ι
912 1561 979 1623 baec
992 1561 1074 1623 eninr
1088 1561 1164 1624 bour

193 1673 209 1712 r
232 1656 394 1714 censentur
411 1650 739 1734 qnasi-patrimonialia.
760 1651 870 1712 Datum
892 1651 998 1712 Rome
1023 1650 1055 1712 in
1077 1653 1165 1714 Saert
1225 1680 1226 1738 p

194 1762 209 1798 n
235 1740 472 1816 Poenitentinrit,
492 1741 574 1804 died
591 1740 655 1820 jan.
671 1741 815 1818 1813ε1.
835 1739 870 1800 B.
887 1739 993 1816 Bussi,
1012 1740 1045 1801 S.
1062 1739 1097 1802 P.
1111 1743 1165 1802 lte·
1225 1739 1226 1754 *

195 1853 210 1890 r
235 1849 320 1912 geris.
335 1852 351 1888 n
368 1830 443 1892 Vide
456 1830 546 1892 etiam
560 1830 702 1910 Lequeux
715 1828 758 1908 (η’
773 1829 876 1906 1112).

235 1945 324 2005 6381.
336 1941 449 2005 Dicitur
458 1943 489 2003 3ο
504 1941 633 2023 Propter
643 1939 764 2022 aliquod
775 1939 905 2024 officium
919 1942 1163 2026 spirtumleffrde
1226 1975 1227 2018 r

149 2077 154 2084 .
196 2051 262 2112 cup.
281 2031 356 2106 Quin
367 2051 423 2114 per
435 2030 619 2092 ambitiosum
633 2033 689 2101 16,
713 2028 748 2092 de
760 2029 926 2110 rescriptis,
944 2032 976 2092 in
990 2033 1024 2093 6·
1044 2053 1054 2092 r
1072 2057 1087 2090 a
1102 2037 1163 2096 Non
1226 2033 1227 2038 ’

196 2143 210 2178 u
235 2121 330 2195 enim,
346 2120 444 2201 inquit
457 2120 559 2182 Devoti
574 2119 637 2197 (lib.
657 2123 687 2195 2,
702 2119 746 2179 tit.
766 2121 824 2195 11,
841 2118 859 2198 5
874 2121 916 2197 6),
931 2119 1053 2182 clericos
1065 2123 1162 2184 olr'osos

197 2232 211 2266 n
235 2216 265 2269 et
277 2205 1004 2288 nihilnpenteseuecclesiasticisredditibusvivere
1018 2217 1156 2292 oportet.»

196 2296 334 2360 Officium
348 2304 449 2358 nutem
464 2297 617 2378 spirituale
635 2299 653 2356 b
670 2294 868 2358 beneficiariis
882 2298 1103 2376 prestandum,
1115 2309 1152 2358 est

196 2407 224 2449 v.
249 2406 302 2468 g.,
325 2385 466 2466 obligatio
493 2385 636 2446 recitandi
666 2383 754 2446 boras
785 2385 961 2461 canonicas,
982 2385 1154 2450 deseniendi

197 2475 286 2539 alicui
309 2474 441 2537 ecclesie
469 2472 706 2535 administrando
729 2479 929 2549 sacramenta,
955 2477 1162 2556 praedicando,

198 2565 303 2628 missas
320 2563 517 2641 celebrando,
539 2569 609 2632 etc,
630 2569 701 2623 etc:
720 2560 778 2624 hoc
799 2559 932 2623 officium
951 2564 1110 2644 spirituale
1126 2579 1168 2628 est

197 2653 320 2736 quidem
335 2652 603 2715 fundamentumet
615 2668 704 2712 causa
713 2648 862 2726 beneficii,
877 2649 1004 2712 sednon
1019 2661 1067 2715 est
1079 2654 1170 2718 bene-

198 2743 311 2806 licium.
328 2742 403 2804 Vide
415 2740 583 2818 Reiffenst,
599 2739 643 2802 De
653 2737 771 2818 Benefi,
787 2737 855 2800 dist.
873 2741 906 2815 1,
926 2748 1036 2820 quaest.
1055 2749 1090 2820 l,
1107 2751 1171 2809 η’)

199 2831 322 2913 (Cursus
337 2830 494 2912 Complet.,
508 2833 583 2890 tons.
600 2831 649 2905 13,
665 2847 695 2908 p.
712 2830 791 2908 691).
808 2825 932 2908 Proprie
947 2830 1076 2892 nomine
1091 2852 1175 2896 exer·

198 2923 257 2983 ceri
272 2921 379 2997 debet,
395 2937 467 2982 nam
481 2917 532 2999 qui
547 2917 668 2978 alterius
682 2915 805 2978 nomine
825 2913 958 2976 officium
973 2927 1101 2982 exercet
1115 2941 1176 2986 nnn

199 3017 242 3070 est
256 3011 320 3090 ipse
333 3007 553 3084 beneficiarius,
569 3004 621 3066 scd
635 3005 752 3066 tantirm
767 3003 846 3065 illius
860 3003 996 3066 vicarius.

239 3124 327 3182 5382.
344 3119 457 3182 Dicitur
470 3117 697 3183 truculentae
709 3115 852 3179 Ecclesiae
864 3115 1076 3194 coustitutum,
1092 3123 1178 3187 mde-

201 3210 268 3271 licet
281 3210 312 3269 S.
329 3209 482 3270 Pontificis
494 3209 538 3270 vel
553 3205 710 3287 Episcopi:
728 3205 828 3266 «Girm
840 3203 937 3280 enim,
952 3204 1055 3288 inquit
1068 3211 1177 3276 Deuuti

199 3321 214 3356 υ
239 3295 303 3370 (ib,
322 3295 341 3373 ᾗ
357 3298 408 3370 5),
428 3295 619 3357 ecelesiastici
639 3291 787 3368 redditus,
808 3299 837 3354 et
854 3293 951 3354 multb
969 3296 1069 3374 magns
1092 3317 1179 3364 sacra

200 3403 214 3440 n
240 3382 418 3456 ministeria,
430 3401 499 3462 quae
511 3379 763 3445 duubenefrcium
773 3380 977 3464 completitur,
993 3383 1180 3452 sineEocle-

232 3607 241 3626 ⁸
258 3603 315 3652 Vide
328 3601 388 3650 inlrr
401 3600 503 3650 dicenda
518 3603 610 3666 (5111).
