2434 3940
1136 183 1145 230 l

169 224 227 288 199
387 241 527 290 annuam
547 241 648 289 rouus
667 241 749 290 sums
769 239 918 289 canomcr.

167 364 182 400 6
208 339 273 403 haec
286 339 405 402 rubrica
419 339 510 402 laicos
524 340 659 402 absolute
675 359 736 402 non
750 339 888 402 excludat
898 387 906 414 ‚
917 337 949 400 in
959 333 1130 400 necessitatis
1196 340 1197 420 l

169 453 183 489 n
207 449 297 502 casu,
313 447 375 510 quo
395 447 455 490 non
472 431 547 491 alius
562 429 618 490 nisi
637 429 729 491 laicus
743 431 880 490 minister
894 427 1029 499 babetur,
1045 431 1131 508 potest
1196 421 1197 440 ³

169 541 184 578 a
209 519 257 580 bic
271 520 302 580 S.
319 519 426 580 Oleum
440 517 593 580 delerre...
610 526 780 580 reverenter
794 526 823 580 et
836 517 964 580 occulte.
980 537 995 574 6
1013 514 1069 577 Sed
1082 513 1132 574 boc

170 607 293 688 intelligi
310 625 371 669 non
389 605 479 670 debet
498 607 553 668 nisi
568 606 606 670 de
620 625 691 670 casu
706 625 768 688 quo
786 608 913 688 ipsemet
926 603 1073 674 sacerdos.
1088 609 1133 664 aut

170 697 246 758 alius
259 696 398 759 sacerdos
411 697 456 758 vel
471 695 616 759 diaconus
626 703 677 758 aut
686 696 814 758 clericus
829 713 889 758 noo
902 701 1002 776 posset
1014 692 1133 768 deterre,

164 793 199 846 at
214 803 295 848 mors
310 786 449 849 instaret:
465 803 536 848 nam
553 785 681 847 Robrica
695 785 766 846 satis
780 784 893 846 indicat
905 781 986 865 qudd
996 783 1027 845 S.
1037 781 1135 844 Oleum

171 874 276 936 debeat
292 874 398 937 deterri
413 877 431 938 b
444 874 597 937 sacerdote
610 874 656 936 rel
672 872 811 936 diacono.
1197 885 1198 908 ³

212 964 358 1026 Sacerdos
368 964 466 1026 terens
476 966 506 1026 S.
521 964 640 1038 Oleum,
656 969 740 1025 extra
753 979 857 1025 casum
871 978 932 1044 quo
947 959 1036 1024 simul
1051 957 1137 1022 defert

173 1054 336 1128 viaticum,
358 1061 454 1134 potest
467 1052 550 1115 indui
566 1053 630 1115 solo
654 1051 756 1114 babitu
770 1051 906 1132 vulgari,
921 1047 1136 1132 6166666616-

172 1161 259 1204 ceum
274 1161 344 1204 cum
359 1142 432 1204 stola
447 1160 566 1203 sumere
581 1143 678 1204 solbm
694 1139 817 1221 quando
830 1147 875 1202 est
893 1139 1047 1220 ingressus
1060 1135 1138 1202 cubi-

172 1231 274 1293 culum
290 1231 412 1292 infirmi.
432 1233 471 1292 Er
488 1231 517 1292 S.
536 1233 570 1290 n.
587 1233 633 1306 6.,
645 1234 684 1292 98
696 1229 774 1309 jan,
791 1233 885 1306 1605,
911 1235 941 1291 61
956 1233 993 1290 16
1006 1225 1137 1292 decemb.
1198 1287 1199 1316 5

174 1324 326 1402 181666.
344 1319 505 1392 1161166111,
523 1338 591 1400 pars
604 1324 635 1392 6,
653 1323 745 1382 6020.
1198 1319 1199 1328 ’

213 1412 301 1472 3938.
325 1409 438 1471 Dicitur
451 1409 549 1470 adhuc
563 1409 594 1469 in
612 1407 750 1470 ltitoolr‘:
767 1406 948 1490 «imprimis
961 1425 998 1470 er
1012 1403 1140 1489 generali

173 1521 187 1558 a
212 1499 353 1562 Ecclesiae
366 1497 584 1560 consuetudine
601 1497 822 1560 observandum
839 1505 885 1560 est
900 1505 934 1560 ut
947 1497 971 1558 si
985 1503 1105 1577 tempus
1116 1501 1142 1556 61

173 1611 188 1647 r
213 1587 324 1650 166661
345 1586 478 1651 conditio
493 1587 659 1668 permittat,
674 1595 742 1648 ante
762 1586 1141 1662 Extremam-Unctionem‚

174 1701 189 1738 r>
214 1679 400 1740 Poenitentiae
427 1685 456 1738 et
483 1676 676 1739 Eucharistiae
703 1683 891 1738 sacramenta
918 1674 1049 1738 infirmis
1072 1693 1142 1758 pra·

175 1790 189 1827 a
214 1767 382 1831 beantur.»
401 1766 559 1847 Suscipere
572 1773 673 1828 tamen
693 1765 1061 1830 Extremam-Unctionem
1080 1771 1144 1828 anta

175 1857 345 1934 viaticum,
370 1864 419 1920 aut
446 1857 565 1918 nullum
590 1855 646 1917 erit
668 1863 843 1936 peccalum,
869 1855 1141 1926 6616161661616,

176 1947 273 2027 inquit
288 1947 318 2008 S.
339 1945 461 2025 Lignor.
486 1945 549 2024 (lib.
576 1949 610 2016 6,
632 1953 665 2004 6ο
686 1943 780 2024 116);
796 1943 976 2006 Benedictus
997 1947 1071 2006 verb
1084 1946 1142 2007 xlv

176 2035 230 2111 (lle
245 2031 363 2114 Synodo
376 2033 510 2102 dioeces..
527 2032 578 2094 lib.
594 2035 632 2106 8,
648 2051 714 2115 cap.
731 2037 766 2110 8,
782 2042 816 2094 n⁰
829 2035 866 2113 ll)
883 2034 924 2094 ait
937 2051 969 2094 66
983 2051 1047 2095 666
1064 2033 1147 2096 166116

177 2122 392 2203 permissurum
405 2121 543 2202 parochis
557 2121 714 2198 recedere,
731 2121 762 2183 in
774 2123 847 2186 locis
857 2121 907 2184 ubi
923 2122 1016 2202 riget,
1033 2123 1147 2184 edisci·
1200 2127 1201 2172 1

177 2210 256 2291 plina
270 2212 473 2272 communiter
481 2213 611 2292 recepta,
626 2210 665 2272 ob
678 2211 803 2274 unicum
812 2211 956 2274 rnotirum
972 2211 1146 2294 indulgendi

177 2301 296 2380 privatae
307 2297 417 2360 infirmi
427 2297 596 2376 devotioni;
611 2298 670 2362 hoo
680 2307 782 2362 tamen
798 2319 859 2363 non
875 2299 964 2364 babet
977 2301 1147 2384 6166611116-

176 2395 239 2450 tum
254 2387 359 2450 saltem
370 2387 427 2451 sub
441 2388 523 2470 gravi
535 2408 542 2449 :
554 2387 637 2451 unde
650 2389 751 2471 potibs
764 2389 937 2472 iniungeret
951 2391 1149 2472 parocbisout

176 2497 192 2534 a
219 2477 591 2542 Extremam-Unctionem
614 2478 787 2560 petentibus
810 2487 880 2542 ante
898 2479 1066 2558 1116116616,
1082 2499 1148 2544 sua-

176 2587 190 2624 6
216 2565 321 2628 derent
334 2567 427 2631 161166
441 2573 472 2631 61
484 2568 586 2631 utilius
599 2567 675 2644 fore,
692 2569 832 2632 llcclesiae
849 2571 992 2633 Romanae
1005 2569 1117 2634 ritui...
1132 2573 1149 2633 1

176 2677 190 2712 a
216 2656 329 2737 majore
344 2666 427 2738 parte
444 2657 586 2720 Ecclesiae
598 2658 661 2735 jam
676 2665 808 2738 recepto,
824 2675 857 2721 66
870 2659 1115 2723 accommodare.
1130 2683 1145 2720 a

214 2747 248 2808 16
270 2751 370 2810 nostra
389 2755 489 2810 autem
513 2747 636 2828 Synodo
655 2747 830 2808 Provinciali
856 2748 1060 2812 Arerrionensi
1078 2749 1148 2812 anni

177 2839 274 2911 1819,
289 2836 333 2898 616
346 2837 508 2898 statuitur:
535 2857 551 2894 c
569 2835 710 2908 Quamvis
723 2833 873 2899 ordinarie
892 2837 983 2900 simul
1003 2837 1148 2902 adminis-

179 2947 190 2988 r
215 2930 332 2986 trentur
355 2924 543 2986 Eucharistio
564 2931 595 2986 et
616 2925 898 3002 Extrema-Unum,
922 2932 1073 3002 attamen,
1095 2947 1148 3010 pro

178 3035 190 3075 o
215 3011 388 3074 conditione
421 3012 552 3088 166661,
586 3015 746 3095 separatim
775 3015 909 3095 primirm
939 3014 1147 3096 Eucharistia,

176 3125 190 3160 a
215 3100 336 3178 deinde,
352 3101 453 3182 aliquo
464 3101 542 3164 lacto
557 3103 721 3180 intervallo,
731 3105 834 3166 unctio
847 3104 904 3166 olei
918 3103 1052 3167 adhiberi
1069 3113 1149 3188 pote

176 3211 190 3248 a
215 3190 254 3250 rit
271 3207 301 3264 a;
322 3188 404 3252 unde
425 3189 616 3252 reformanda
637 3199 708 3255 sunt
731 3199 839 3255 statuta
858 3193 1001 3256 Dioecesis
1017 3195 1150 3258 Valenti-

177 3278 290 3354 nensis‚
314 3277 365 3340 ubi
389 3277 498 3342 dicitur
520 3280 562 3362 (p.
582 3283 674 3359 367):
699 3285 812 3344 «Nous
835 3281 1010 3346 ordonnons
1024 3283 1150 3348 d'admi·

176 3388 191 3425 a
217 3367 325 3429 nistrer
339 3365 641 3432 iuraremeonction
655 3377 743 3434 arant
757 3370 783 3433 le
796 3371 1032 3456 saintViatique.
1047 3395 1065 3434 a

209 3463 298 3521 3939.
312 3463 425 3521 Pastor
438 3461 559 3522 ratione
573 3459 668 3520 oflicii
684 3466 812 3522 tenatur
827 3463 886 3524 sub
898 3464 988 3543 9rcor'
1004 3465 1081 3525 dare
1097 3467 1153 3526 Ex·

172 3550 1154 3630 tremam-Unctionemeiaquipetuot‚nisijustacausaaxcuset;

170 3641 360 3718 regulariter
376 3637 892 3720 nontcnaturcumpariculovitae,
909 3642 1154 3706 nisiinllrmusd

619 3777 637 3786 ιι-
658 3783 662 3788 .
689 3771 795 3788 ..uffl‘i
815 3777 826 3786 ι.
