2462 3972
374 245 459 293 arasa
480 245 637 293 saturnus.
935 220 993 290 683

41 355 53 394 t
74 332 146 401 bona
157 353 260 404 eornm
273 343 388 423 dejure
402 344 514 408 utiliter
527 361 632 424 gerere
645 363 652 418 3
668 348 699 406 et
711 354 820 408 eorum
834 351 998 424 protentus
1122 333 1123 338 ’
1170 323 1204 406 ns

1135 431 1143 454 ,
1174 425 1180 454 ,γ

41 445 53 482 a
74 433 101 486 et
113 427 240 492 redditus
252 433 284 494 in
306 449 505 514 personarum
520 430 738 495 miserabilium
753 449 843 494 usum
862 429 1000 494 fidelibus

39 534 52 571 a
73 513 273 595 dispensare...
287 519 334 582 llli
347 520 458 602 quibus
480 519 631 584 dictorum
649 519 800 584 hortorum
817 519 1000 600 dispensatio

40 623 53 659 a
73 605 270 687 conmittitur,
285 607 325 670 ed
338 609 432 671 instar
444 616 580 673 tutorum
601 615 632 672 et
644 615 834 688 curatorum,
850 609 1001 688 juramen-

39 709 52 748 ι
72 698 132 754 tum
144 704 298 776 praestare,
311 715 348 760 ao
363 697 401 759 de
417 697 678 761 bonisinventoria
697 696 859 775 conficere,
875 703 904 760 et
918 697 1002 761 Ordi-

40 781 157 844 rnariis
168 831 176 858 ,
189 802 242 847 seu
256 786 321 848 aliis
334 785 446 868 quibus
455 785 522 850 haeo
535 786 602 850 loca
613 785 759 864 subsunt,
774 786 862 848 annis
875 786 1002 868 singulis

37 888 51 925 r
71 867 107 931 de
125 870 384 937 administratione
406 877 461 938 sub
477 881 637 940 teneantur
662 876 811 938 rationem
829 875 964 938 reddere.
982 897 998 934 a

39 956 181 1030 (Clement.
199 961 275 1038 Quia
288 964 478 1044 continqiffi,
492 962 528 1026 de
540 963 701 1045 Relipiosis
714 961 1002 1043 domiti—Eadem
1125 1015 1128 1024 i

37 1045 142 1124 epocbb
157 1053 189 1110 et
210 1058 333 1135 propter
349 1051 458 1113 similia
481 1052 592 1115 motiva
611 1051 734 1114 inducta
755 1055 801 1113 est
822 1051 1003 1115 fabricarum

38 1132 256 1202 administratio.
268 1140 354 1218 (Vide
370 1139 505 1205 Proeleet.
525 1141 561 1203 S.
576 1139 719 1222 Salpini,
731 1149 765 1201 n⁰
775 1143 845 1217 582,
856 1141 918 1218 lll.)

71 1223 155 1290 5310.
179 1228 454 1292 Matrioulariorum
476 1229 601 1292 nomine
622 1227 845 1312 (mareuilliers)
869 1227 936 1292 ideo
955 1247 1004 1292 vo

36 1311 175 1378 eatiluere
188 1315 208 1378 ii
219 1317 332 1398 quibus
345 1335 417 1381 eura
426 1317 578 1380 bonorum
586 1317 729 1382 anlesiae
738 1317 794 1381 luit
806 1317 1003 1390 demandata,

37 1401 100 1480 quia
112 1411 212 1468 ortum
224 1404 359 1468 habuere
373 1423 411 1468 ex
433 1405 470 1469 iis
482 1405 600 1470 clericis
622 1414 674 1470 eut
693 1406 877 1490 pauperibus
890 1407 942 1490 qui
961 1409 1005 1470 in·

36 1490 235 1558 scribebantur
250 1493 415 1558 matriculae
429 1513 483 1559 seu
501 1494 617 1559 tabellae
630 1513 737 1559 eorum
754 1495 807 1578 qui
820 1495 860 1558 ab
873 1497 1005 1560 eeclesiis

36 1577 200 1660 alebantur,
215 1583 380 1664 exquibus
403 1583 504 1647 selecti
526 1583 649 1647 luerunt
669 1585 805 1666 primum
825 1585 877 1667 qni
900 1587 1005 1649 munia

34 1673 146 1733 externa
160 1670 193 1734 in
208 1671 344 1736 ecelesiis
352 1671 562 1754 adimplerent,
573 1690 624 1736 eas
636 1673 834 1751 custodirent,
849 1681 1004 1751 ornarent,

34 1771 188 1840 campanas
197 1761 365 1843 pulsarent,
380 1767 438 1823 eto.
448 1761 534 1839 (Vide
548 1763 594 1824 Du
605 1762 716 1844 Gange,
726 1760 1003 1840 v⁰Metricnlarit);

33 1843 78 1906 sed
91 1855 195 1929 postea
209 1849 395 1931 amplificata
409 1849 491 1912 luere
505 1849 627 1912 illorum
641 1865 769 1912 munera
788 1856 819 1912 et
832 1850 894 1912 veri
906 1851 1006 1912 admi-

34 1933 201 2003 nistratores
214 1940 369 2002 bonorum
380 1936 515 2001 ecolesiae
530 1937 626 2001 effoeti
644 1937 747 2017 luere,
763 1956 884 2020 semper
902 1944 1005 2001 tamen

29 2019 229 2100 jurisdictioni
242 2027 462 2110 Episcoporum
475 2025 621 2106 subjecti,
635 2031 724 2108 prout
737 2026 838 2089 multis
847 2033 965 2090 constat
976 2034 1007 2090 et

34 2117 193 2189 prasertim
218 2134 258 2189 ex
280 2115 414 2178 Concilio
433 2114 568 2177 trident.
591 2116 674 2194 (sess.
690 2119 747 2190 22,
769 2133 798 2180 o.
814 2119 844 2190 9,
859 2115 895 2178 de
908 2116 1004 2198 res.):

38 2219 51 2255 a
70 2201 336 2268 administratores
348 2210 412 2266 tam
425 2203 618 2268 ecelesiastici
633 2205 726 2285 quam
740 2203 807 2267 laioi
823 2203 942 2268 lubricae
956 2224 1007 2270 cu-

31 2307 44 2344 t
62 2291 157 2369 justis
170 2293 328 2372 eeclesiae,
343 2293 434 2356 etiem
447 2292 629 2356 Catbedralis
640 2340 649 2371 ,
659 2293 824 2374 hospitalis,
840 2294 1005 2358 oonlrater-

27 2397 42 2436 r
64 2382 186 2463 nitatis,
201 2381 426 2465 eleemosyna,
439 2383 550 2446 Montis
562 2382 684 2445 Pietatis
701 2389 732 2444 et
744 2400 1007 2465 quorumcumque

26 2487 39 2524 t
61 2469 208 2536 locorum
222 2471 343 2550 piorum
356 2517 364 2546 ,
379 2471 506 2554 singulis
519 2471 625 2548 annis,
651 2477 805 2532 teneantur
826 2471 945 2532 reddere
957 2492 1006 2533 ra·

25 2575 39 2612 s
64 2559 175 2624 tionem
203 2558 475 2624 administrationis
494 2558 673 2632 ordinario,
697 2558 966 2622 consuetudinibus
978 2565 1008 2624 et

26 2665 37 2703 t
60 2648 236 2732 privilegiis
255 2648 499 2731 quibuscumque
518 2649 551 2710 in
573 2647 758 2710 eontrarium
780 2647 925 2724 sublatis,
949 2648 1007 2711 nisi

25 2755 38 2792 a
61 2754 154 2802 secus
167 2738 252 2802 forte
264 2737 297 2798 in
310 2738 527 2800 Constitutione
539 2741 570 2799 et
588 2735 776 2800 ordinatione
788 2736 855 2798 talis
873 2735 1008 2800 ecelesias

23 2847 35 2882 n
59 2846 116 2890 seu
130 2825 264 2890 iabrioae
277 2828 417 2909 expresse
430 2833 552 2889 cautum
565 2824 685 2902 inisset;
696 2823 779 2907 qnod
793 2824 818 2887 si
832 2842 870 2887 ex
883 2843 1008 2888 consue·

24 2936 37 2970 r
61 2917 174 2979 tudine
199 2919 255 2978 aut
273 2915 452 2997 privilegio,
476 2914 542 2978 aliis
563 2914 601 2977 ad
623 2913 655 2975 id
674 2913 823 2996 deputatis
845 2913 921 2977 ratio
938 2916 1008 2978 red·

20 3027 34 3062 a
58 3004 285 3082 tentasset,
303 3012 376 3068 tune
389 3003 563 3066 adhibeatur
588 3004 679 3066 etiem
692 3002 867 3067 Ordinarius
883 3021 891 3066 τ
910 3009 940 3067 et
953 3005 1008 3067 ali-

20 3115 34 3150 a
58 3101 108 3157 ter
131 3093 229 3156 feotae
250 3093 441 3155 liberationes
460 3091 548 3154 dietis
572 3091 863 3156 administratoribus
883 3092 1009 3157 minime

17 3203 33 3243 a
57 3181 320 3264 suffragentur.»

58 3276 162 3335 5311.
187 3269 254 3332 Etsi
268 3287 351 3333 nune
373 3270 406 3332 in
428 3269 540 3348 Gallia,
554 3269 809 3334 administratores
827 3269 1009 3335 fabricarum

14 3378 82 3426 non
97 3359 171 3424 sint
185 3359 316 3422 omnino
329 3357 566 3440 independentes
579 3357 618 3419 ab
637 3359 812 3423 auctoritate
824 3359 1008 3443 episcopali,

15 3457 129 3515 umen
143 3447 274 3512 fabrieae
287 3453 398 3510 nostrae
409 3465 473 3510 nou
486 3447 617 3529 amplibs
630 3453 701 3511 sunt
716 3446 806 3511 hodie
818 3447 1009 3511 administra·

14 3537 124 3606 tiones
150 3535 366 3600 ecclesiastiea
384 3535 505 3618 proprie
527 3535 635 3600 diotae:
651 3538 750 3619 potibs
771 3535 854 3600 enim
874 3535 1009 3599 saeculari

14 3625 171 3713 potestati
188 3624 360 3689 subduntur
373 3625 467 3707 quam
480 3623 625 3704 spirituali
637 3623 804 3688 auctoritati
816 3623 916 3702 :juxta
927 3620 1008 3684 enim

1187 1129 1212 1174 ἅμ’

1206 1183 1210 1192 l

1197 1245 1200 1254 l

1215 1997 1216 2012 l

1212 2503 1216 2522 t

1215 3011 1216 3036 l
