2498 3966
195 125 253 186 782
420 141 560 190 sannaus
581 142 682 190 renus
701 143 783 190 ruars
804 143 954 192 cerronrnr.

194 260 321 340 nuptiis,
335 258 385 324 vei
399 259 484 341 quod
500 260 540 320 de
555 258 620 338 ipsa
635 267 733 322 morte
747 261 920 343 recipiatur
940 271 1070 326 certum
1099 281 1186 323 nun-

198 349 287 422 tium,
301 349 345 410 uti
360 365 425 429 cop.
452 349 490 412 Io
508 349 681 428 praesentio,
703 348 748 412 De
769 351 956 431 sponsalibus
972 359 1003 415 ct
1026 353 1186 414 murriano

195 439 266 502 uiis.
281 436 356 500 Inde
369 439 462 500 etiarn
473 455 586 519 eaquae
596 439 796 518 explanatius
808 438 979 503 traduntur
993 443 1025 502 in
1041 442 1185 503 iussur-

195 531 281 589 tione
305 527 382 590 Cum
395 525 483 600 afros,
500 525 537 587 tt
555 527 688 605 depasti
699 526 789 603 toto,
809 545 827 590 a
843 527 941 590 Ciam.
955 529 984 590 X
1000 532 1142 603 sancita,
1157 541 1184 592 et

196 618 227 680 in
245 615 382 679 bullonio
398 615 539 678 Romano
556 617 683 690 inserta,
698 634 794 696 super
808 617 955 680 examine
970 623 1107 682 testium
1126 639 1182 698 pro

195 703 405 768 matrimoniis
418 701 655 781 contrahendis,
670 706 702 765 in
717 705 805 767 curia
817 703 888 767 Emi
902 707 1021 768 vicarii
1043 705 1143 770 Urbis
1156 723 1183 770 et

195 801 380 858 caeterorum
398 792 648 856 ordinariorum.
673 791 808 856 Maxime
837 813 910 858 vero
932 813 1007 876 quae
1031 800 1182 878 proprius

194 883 316 947 adrem
333 880 480 944 facientia
497 881 540 943 ibi
556 881 728 956 habentur,
744 901 776 943 n.
794 881 831 943 tt
847 892 879 945 et
896 881 943 946 13.

236 997 249 1029 s
267 971 305 1032 Et
319 970 387 1034 hoec
402 971 529 1050 quidem
543 970 672 1034 abunde
689 969 885 1050 sufficerent,
912 973 939 1034 si
965 973 1000 1034 in
1020 973 1179 1054 ejusmodi

194 1063 297 1125 causis
324 1059 508 1141 peragendis
529 1059 713 1123 omnimoda
727 1072 758 1122 et
772 1060 917 1124 absoluta
955 1063 1122 1126 certitudo
1144 1065 1179 1125 de

197 1150 326 1213 alterius
339 1149 482 1230 conjugis
497 1147 586 1212 obitu
597 1149 705 1212 baberi
733 1169 858 1232 semper
873 1159 984 1231 posset
999 1168 1008 1214 τ
1034 1153 1090 1214 sed
1109 1171 1177 1214 cum

197 1241 226 1301 id
242 1257 305 1302 non
318 1239 423 1300 sinant
439 1255 569 1301 casuum
586 1240 818 1320 propemodum
830 1241 962 1302 infinita
979 1243 1066 1302 vices
1078 1241 1178 1322 (quod

195 1330 352 1409 sapienter
383 1328 639 1390 animadversum
675 1339 723 1388 est
747 1327 778 1389 iu
804 1327 932 1390 laudata
959 1329 1176 1392 instructione

196 1419 246 1479 his
264 1416 386 1479 verbis:
413 1416 446 1480 Si
479 1423 580 1482 tumen
602 1416 780 1497 bujutmodi
801 1419 974 1482 testimonia
1001 1418 1111 1482 iuberi
1124 1437 1177 1481 nou

195 1513 330 1585 possunt,
343 1506 374 1571 S.
393 1504 428 1569 C.
444 1523 504 1570 oon
529 1507 661 1570 intendit
675 1507 840 1569 excludere
866 1507 944 1570 otios
965 1507 1176 1587 probationes.

196 1613 261 1676 quo
275 1597 311 1659 de
317 1597 390 1676 jure
404 1596 556 1658 commoni
566 1602 692 1676 possunt
710 1597 848 1674 admitti,
862 1597 1019 1659 dummodo
1036 1597 1178 1678 tepitinrn

195 1686 518 1768 inimicissimorum),
534 1687 687 1767 sequitur,
700 1688 785 1768 quod
807 1687 970 1750 stantibus
1000 1687 1075 1750 ficet
1091 1689 1177 1767 prin-

197 1775 286 1856 cipiis
300 1775 501 1856 generalibus
513 1775 708 1856 praestitutis,
719 1774 803 1838 baud
819 1793 892 1839 raro
904 1793 997 1838 casus
1010 1777 1174 1846 eveniunt,

199 1866 368 1946 inquibus
395 1862 680 1928 ecclesiasticorum
709 1864 878 1946 praesidum
906 1863 1028 1944 judicia
1058 1865 1173 1928 haerere

197 1953 300 2016 solent
316 1955 346 2015 in
363 1971 435 2016 vers
447 1953 595 2034 justaque
621 1951 810 2034 probatione
838 1953 1105 2034 dignoscendam
1118 1965 1172 2015 sta-

198 2041 330 2118 tuenda;
343 2043 417 2116 imo,
435 2059 492 2123 pro
506 2057 631 2106 summa
646 2038 859 2104 iffaiacilitate
873 2059 945 2124 quae
963 2048 1061 2105 aetate
1073 2053 1168 2105 nostra

199 2132 277 2194 facta
301 2140 347 2192 est
375 2132 600 2194 remotrssimas
621 2146 766 2211 quasque
800 2132 947 2212 regiones
972 2131 1163 2205 adsumtio
1228 2167 1229 2184 ,

198 2238 308 2282 omnes
323 2215 385 2280 fere
400 2219 486 2282 orbis
509 2229 611 2300 partes
634 2219 777 2282 homiues
793 2219 995 2299 divagemur,
1022 2219 1161 2302 ejusmodi
1228 2221 1229 2280 i

199 2327 329 2372 casuum
346 2309 517 2371 multitudo
530 2305 608 2371 adeo
615 2311 781 2382 succrevit,
806 2319 840 2371 ut
855 2309 1096 2388 frequentissimi
1108 2311 1157 2368 bac

197 2397 282 2460 dere
307 2397 345 2461 ad
373 2415 554 2478 supremam
584 2399 667 2459 bano
686 2397 971 2480 Congregationem
1000 2398 1161 2462 habeantur

199 2505 355 2566 recursus,
372 2507 436 2550 uon
452 2488 520 2550 sine
549 2505 643 2570 porro
657 2489 796 2569 partium
825 2487 1045 2562 incommodo,
1065 2488 1165 2571 quibus

199 2582 281 2644 inter
307 2575 543 2640 informationes
569 2582 665 2657 atquc
700 2576 937 2650 instructiones,
966 2595 1048 2658 quas
1070 2596 1123 2657 pro
1141 2597 1168 2638 re

199 2677 285 2740 nata,
316 2675 351 2731 ut
375 2667 475 2743 aiunt,
497 2665 558 2748 peti
579 2667 728 2747 mittique
752 2682 882 2729 necesse
908 2673 966 2740 est,
1005 2666 1167 2747 plurimum

199 2758 309 2822 defluit
320 2755 481 2837 temporis,
493 2757 569 2837 quin
584 2757 705 2836 possint
721 2753 760 2818 ad
773 2764 879 2836 optata
904 2764 975 2818 vota
987 2757 1164 2817 convolare.

242 2873 253 2906 ι
273 2847 465 2928 Quapropter
484 2842 519 2907 S.
539 2843 648 2908 eadem
674 2845 708 2907 G.
732 2843 917 2927 hujusmodi
940 2844 1170 2906 necessitatibus

198 2954 364 2999 occurrere
379 2933 578 3015 percupiens,
604 2933 764 3014 simulque
786 2929 985 3013 perpendens
1012 2933 1044 2993 in
1063 2932 1171 2994 dissitis

199 3025 372 3105 praesertim
406 3022 592 3085 missionum
622 3021 697 3084 focis
712 3019 940 3084 ecclesiasticos
962 3019 1171 3102 praesidesop·

199 3111 481 3194 portunisdestitui
492 3110 653 3185 subsidiis,
674 3109 843 3192 quibuser
863 3109 1013 3190 gravibus
1041 3111 1171 3172 diffrani-

198 3199 315 3260 tatibus
330 3201 482 3262 extricare
492 3217 524 3262 se
535 3201 671 3273 valeant,
690 3217 750 3262 ere
763 3217 830 3262 csse
850 3198 974 3262 censuit
998 3199 1169 3261 uberiorem

197 3285 289 3346 edere
300 3287 552 3360 instructionem,
565 3290 598 3350 in
621 3307 696 3370 qua,
723 3291 761 3352 iis
789 3307 862 3371 quos
882 3288 949 3366 jam
972 3287 1085 3350 tradita
1104 3299 1169 3350 sunt

198 3371 288 3433 nulio
303 3381 394 3454 pacto
407 3376 575 3454 abrogatis,
590 3377 708 3457 reguiae
724 3377 945 3455 indigitentur,
959 3378 1081 3455 quasin
1096 3377 1170 3455 ejus-

198 3460 285 3522 modi
300 3462 424 3526 casibus
446 3463 512 3526 baec
527 3466 593 3547 ipsa
605 3468 636 3528 S.
647 3467 681 3529 Gr
697 3467 788 3550 sequi
800 3467 890 3542 solet,
915 3474 949 3529 ut
963 3465 1090 3528 iliarum
1102 3485 1166 3548 ops,
