2420 3968
402 178 487 224 mam
508 179 666 227 susurrus.
960 167 1019 228 583

61 309 74 343 r
96 291 174 364 runt,
188 291 246 348 etc.
262 305 277 344 a
294 286 388 347 Porrd
397 286 631 350 consuetudines
641 307 709 372 quaa
721 292 738 352 a
748 290 814 372 lege
827 291 1019 353 declarantur

60 373 191 450 abusive,
215 391 279 436 non
302 379 430 456 possunt
450 375 553 438 haberi
576 383 611 439 ut
633 377 785 458 legitimae.
808 381 884 442 Vide
907 380 965 443 alia
988 381 1020 442 in

60 462 157 526 eodem
168 462 258 526 citato
270 465 414 542 Remoto,
428 464 508 546 apud
524 465 618 528 Rouix
634 466 699 545 (it,
718 471 875 551 ast-257).

97 555 178 616 5059.
199 554 244 614 Ex
262 550 349 616 dictis
362 555 470 616 meritd
487 553 645 618 deducitur
665 556 833 638 illegitimas
847 579 913 624 esse
934 563 1023 625 litur-

60 645 118 724 gias
143 641 172 704 in
196 641 289 704 Gallid
317 642 479 704 novissimo
502 645 613 707 sarculo
633 645 834 711 adinventas:
865 651 1021 714 manifeste

35 803 37 807 ,
60 732 137 796 enim
149 737 253 794 contra
273 735 409 794 tenorem
431 731 588 795 Bullarum
602 735 633 796 S.
650 733 694 796 Pil
709 737 732 796 V
749 735 871 799 fuerunt
884 741 1020 820 invectae,

61 839 252 903 necunquam
260 819 433 901 hujusmodi
447 821 689 887 innovationibus
702 827 857 888 consensit
869 829 901 890 S.
917 829 1020 910 Sedes,

61 921 91 976 ut
104 917 182 993 putet
203 930 241 974 ex
262 907 440 992 supradictis
459 911 668 976 Decisionibus
686 914 718 976 S.
741 917 777 976 R.
803 917 971 996 Congreg.;
994 925 1024 980 et

60 1003 177 1084 insuper
203 1000 360 1064 Decisionc
387 999 455 1062 dota
478 999 516 1062 ad
537 1003 575 1063 D.
599 1003 698 1065 Lollin
721 1004 909 1069 Canonicum
927 1008 1023 1068 Ceno·

60 1108 248 1168 mananscm,
263 1089 312 1151 die
327 1093 364 1152 ll]
378 1090 441 1168 jan.
460 1093 557 1167 tusa,
573 1091 626 1153 ubi
640 1092 748 1174 legitur
764 1112 772 1154 :
793 1115 807 1151 u
823 1096 927 1157 Utrum
945 1093 1025 1156 licita

59 1203 74 1240 n
98 1180 205 1255 luerit,
226 1179 315 1241 annis
334 1182 411 1242 lits
430 1184 460 1240 et
481 1183 578 1258 llos),
603 1181 754 1244 innovatio
777 1181 931 1257 breviarii,
952 1183 1025 1244 mis-

59 1294 74 1332 r
99 1269 165 1332 salis
187 1271 477 1346 cenomanensium,
502 1271 519 1330 a
537 1270 597 1332 ritu
616 1273 754 1334 Romano
774 1289 896 1354 prorsus
916 1273 1027 1334 alieno-

58 1386 74 1422 n
99 1377 181 1437 rum,
197 1359 305 1422 amotis
322 1359 405 1440 prilrs
425 1359 574 1422 veteribus
588 1360 625 1422 ad
638 1359 767 1424 formam
783 1363 950 1424 Romanam
963 1381 1028 1424 cor-

58 1475 72 1510 n
99 1449 187 1512 rectis
201 1448 348 1511 breviario
361 1455 391 1510 et
405 1447 515 1510 missali
529 1496 536 1524 ‚
553 1449 615 1511 sola
637 1451 777 1532 Episcopi
786 1455 822 1514 ct
835 1451 960 1532 Capituli
975 1454 1028 1514 Ec-

58 1565 73 1600 r
99 1539 197 1603 olesiae
223 1539 459 1600 Cenomanensis
482 1538 673 1617 auctoritate,
702 1546 731 1601 el
755 1541 924 1602 inconsulta
951 1540 1028 1602 sado

58 1655 73 1689 r
101 1627 287 1710 spostolus,
301 1627 379 1689 lacta
397 1633 449 1689 aut
461 1626 606 1708 probata?
619 1661 659 1674 -
678 1630 868 1710 Responsum
883 1633 928 1690 est
944 1648 951 1688 ε
968 1629 1028 1689 lle·

57 1717 157 1802 patio&
170 1721 192 1780 ¹.
207 1737 223 1777 a
241 1717 334 1778 Porro
349 1715 431 1797 quod
449 1715 633 1776 declaratum
651 1715 707 1777 fuit
727 1735 781 1796 pro
801 1716 922 1779 dioecesi
938 1719 1029 1778 Ceno

58 1807 215 1886 manensi,
230 1805 443 1889 applicandum
458 1810 502 1865 est
515 1803 629 1866 caeteris
648 1803 829 1867 dioecesibus
848 1805 898 1866 ubi
919 1806 1032 1868 similes

58 1897 242 1962 mutationes
261 1895 470 1976 contigerunt,
492 1899 614 1976 propter
630 1893 786 1975 paritatem
807 1895 940 1958 rationis.
956 1895 1032 1958 Vide

58 1987 195 2052 similem
221 1985 311 2048 aliam
338 1985 529 2047 Decisionom
554 2001 609 2065 pro
641 1983 761 2047 dioecesi
784 1983 987 2048 Bellovacensi
1014 1987 1032 2048 la

58 2077 184 2141 Cardin.
206 2073 435 2138 Lambruschini
457 2075 488 2136 S.
512 2073 550 2136 R.
575 2074 724 2156 Congreg.
751 2075 895 2138 Praefecto
914 2075 1031 2155 datam,

58 2167 231 2249 RRaugusti
246 2168 318 2228 l85l
332 2211 340 2242 ‚
355 2162 435 2245 apud
450 2162 560 2236 Bouix,
576 2162 630 2240 it„
646 2182 716 2245 pars
728 2167 759 2243 5,
775 2185 806 2248 p.
821 2170 852 2228 l.

100 2261 194 2322 5060.
218 2257 281 2318 Nec
297 2254 379 2316 dicas
400 2252 572 2332 hujusmodi
587 2253 721 2335 liturgias
740 2253 889 2336 legitimas
907 2256 1035 2318 evasisse

58 2368 115 2432 per
130 2346 338 2431 praescriptam
348 2343 598 2406 consuetudinem
613 2363 620 2405 ι
633 2361 704 2405 nam
714 2343 752 2405 de
766 2344 885 2424 liturgia
899 2345 1035 2422 ejusdem

58 2437 205 2502 dioecesis
217 2433 453 2499 Cenomanensis
471 2433 608 2495 consulta
632 2451 640 2492 ε
666 2435 802 2495 «Utrum
817 2433 920 2493 saltam
935 2431 1036 2510 hujus-

58 2553 73 2588 ι)
101 2525 190 2590 modi
207 2525 326 2607 liturgia
338 2526 366 2587 vi
380 2521 613 2605 praescriptionis
630 2539 683 2582 seu
701 2519 926 2582 consuetudinis
946 2539 1037 2582 sarcu-

57 2642 73 2679 a
101 2615 178 2682 laris
190 2613 268 2680 lacta
281 2615 319 2676 sil
332 2613 479 2696 legitima,
503 2613 588 2673 itaut
602 2607 728 2692 quilibet
741 2608 880 2670 sacerdos
894 2610 1039 2670 Cenoma·

58 2731 75 2772 r
102 2707 212 2772 nensis
222 2706 315 2788 possit
327 2723 395 2767 eam
408 2706 472 2778 tuta
484 2698 667 2764 conscientia
682 2697 819 2760 serrare?
834 2700 864 2760 S.
880 2699 939 2759 Rit.
960 2699 1038 2760 Con-

60 2824 75 2860 n
104 2798 244 2884 gregalio
258 2795 412 2878 respondit
426 2813 433 2854 :
448 2787 603 2874 Nepotivl.
618 2786 732 2852 »Unde
741 2787 873 2850 Ecclesia
884 2805 1040 2868 nunquam

60 2890 225 2955 consensit
238 2888 270 2950 in
287 2882 460 2966 hujusmodi
479 2877 758 2944 consuetudinibus,
774 2877 859 2940 Ratio
872 2883 973 2940 autem
987 2895 1041 2940 cur

60 2979 206 3045 Ecclesia
217 2996 279 3040 uon
289 2973 443 3039 consensit
455 2976 500 3034 est
511 2969 556 3032 vel
571 2966 652 3049 qudd
666 2966 840 3047 hujusmodi
854 2966 1042 3030 consuetudo

60 3091 165 3156 prava
177 3070 238 3148 rit,
261 3073 295 3131 ut
312 3064 444 3148 loquitur
462 3063 572 3123 Suarez
585 3057 640 3135 (De
657 3057 772 3139 Ralip„
790 3063 864 3120 tom.
881 3061 918 3136 ἓ,
934 3055 985 3118 lib.
1002 3061 1041 3131 4,

62 3181 139 3246 cap.
156 3166 208 3239 23,
224 3167 258 3222 n⁰
273 3159 334 3236 to),
349 3153 394 3216 vol
404 3149 487 3235 qudd
501 3165 620 3231 semper
634 3152 790 3228 permanet
804 3146 948 3209 motivum
962 3145 1043 3230 quod

63 3252 196 3335 impulit
204 3249 242 3314 ad
250 3247 479 3332 legcmPiauam
489 3235 740 3306 lereudam.Vide
750 3237 845 3298 Bouix
855 3235 963 3318 (ib.‚p.
975 3240 1045 3299 277-

63 3347 145 3420 280,
163 3343 327 3424 etparstt,
341 3355 408 3418 cap.
425 3341 507 3418 2‚p.
522 3337 563 3414 5).

101 3451 110 3479 ¹
128 3448 192 3500 llide
208 3446 328 3513 integram
350 3439 537 3508 responsionem
556 3436 620 3501 apud
637 3439 716 3486 Routx
735 3434 779 3498 llic
797 3432 858 3485 lure
869 3430 998 3492 Lllurplco,
1015 3427 1046 3478 ad

66 3519 172 3572 calcem
187 3517 368 3586 Operis).ldem
381 3518 516 3565 constater
529 3508 620 3560 recenti
633 3521 744 3571 respons.
756 3505 826 3556 Card.
838 3499 962 3552 Patriziad
975 3497 1044 3550 Card-

70 3587 102 3641 o.
113 3589 237 3640 Bardili
251 3587 306 3638 alde
318 3587 374 3640 llru.
384 3585 424 3634 der
435 3584 539 3632 relcuom
552 3577 620 3636 eorl..
631 3575 661 3626 20
674 3573 732 3624 avril
743 3573 813 3630 taos,
824 3585 850 3632 p.
863 3569 918 3619 ast.
