2474 3946
443 189 527 235 crana
548 169 707 239 secundus.
1002 167 1055 228 33l

82 307 98 344 n
126 290 158 347 et
172 303 236 348 non
252 283 333 347 nuda
353 283 399 346 rel
414 283 542 346 casualis
561 284 743 364 praesentiat
761 278 998 343 l'ulereetiamsi·
1012 296 1063 357 pa·

83 397 99 434 r
125 373 241 438 rochus
263 373 352 436 aliam
370 372 540 434 obcauarm
555 370 704 434 adhibitus
723 371 761 434 sit
778 369 817 434 ad
830 370 916 433 illum
930 371 1030 430 actum
1054 411 1063 444 ,

82 485 99 524 n
138 471 188 526 est
200 461 402 525 delinitum.»

125 554 220 614 4353.
243 553 307 614 Hac
331 549 483 612 decisione
506 565 569 610 nnn
591 547 743 622 obstante,
765 543 950 630 probabilius
982 545 1066 624 putat

85 641 274 704 Benedictus
281 641 470 718 le,contra
479 637 595 718 aliquos
606 634 799 717 (DeSynoob,
810 634 863 696 lib.
875 637 924 710 l3,
933 652 999 715 cap.
1012 635 1063 712 23,

84 743 120 793 n⁰
136 733 193 810 V),
210 729 413 792 necessarium
428 745 493 790 esse
506 724 587 808 dudd
596 725 755 808 parochus,
771 723 825 786 etsi
838 722 878 785 ob
892 723 981 786 aliam
992 740 1064 785 cau·

84 839 155 882 sam
179 820 219 881 sit
241 818 421 894 accersitus,
438 823 526 881 antea
545 821 703 877 moneatur
728 833 736 874 ι
756 813 835 876 etin
855 812 1064 893 probationem

84 909 177 972 affert
190 915 367 990 sequentem
379 905 593 968 resolutionem
604 905 701 966 Sacrae
713 901 977 983 Congregationis:
993 901 1065 965 rhu

85 1021 101 1057 r
127 999 169 1060 sit
182 996 411 1060 matrimonium
424 1042 432 1071 ,
447 995 471 1056 si
493 993 555 1056 duo
568 991 745 1064 contrahant
761 1009 815 1072 per
832 988 922 1052 verba
936 987 974 1049 de
988 1007 1065 1070 prae·

84 1111 100 1147 a
128 1089 227 1161 senti,
244 1085 367 1170 proprio
384 1091 502 1166 pastore
523 1088 684 1164 praesente,
700 1087 730 1142 et
747 1079 813 1141 aliis
833 1076 984 1160 requisitis
1005 1094 1066 1138 non

85 1199 101 1236 a
128 1176 272 1252 omissis,
294 1175 343 1238 cui
369 1172 533 1235 contractui
557 1169 705 1254 parochus
727 1167 891 1231 formaliter
918 1165 1068 1228 adhibitus

84 1289 102 1326 a
129 1285 196 1328 non
212 1263 286 1341 luit;
303 1263 355 1326 sed
374 1261 446 1324 dum
467 1260 543 1323 sorte
564 1259 707 1330 convivii,
731 1258 777 1320 rel
801 1254 1066 1332 confabulationis,

86 1379 102 1415 c
128 1356 179 1418 rel
194 1354 275 1418 aliud
287 1351 433 1415 tractandi
450 1352 539 1418 causa
554 1349 689 1424 adesset,
705 1347 788 1410 audit
802 1343 975 1424 huiusmodi
994 1361 1066 1404 con-

86 1471 102 1505 r
129 1451 263 1507 tractum
288 1443 368 1526 geri,
392 1445 423 1503 et
444 1445 547 1522 postea
570 1439 643 1500 alter
668 1434 911 1499 contrahentium
935 1432 1004 1494 velit
1031 1432 1069 1494 ab

86 1558 102 1594 a
130 1531 308 1612 hujusmodi
330 1535 523 1593 contractu...
549 1526 686 1588 resilire?
699 1559 740 1570 -
758 1527 848 1585 Sacra
871 1520 1069 1601 Congregatio

86 1647 103 1683 n
132 1621 291 1702 respondit
302 1637 400 1702 posse,
416 1618 473 1679 nisi
488 1617 545 1678 alia
563 1613 776 1676 intervenerint
790 1629 858 1693 quae
873 1607 1037 1692 parochum
1052 1610 1069 1672 a

87 1736 103 1772 n
131 1710 381 1775 contrahentibus
390 1707 557 1770 adhibitum
572 1704 807 1783 luissearguant.
820 1722 835 1758 r
848 1699 920 1760 Vide
934 1699 1068 1760 Garriere

90 1798 340 1884 (Compendiam,
356 1805 389 1858 n⁰
404 1798 473 1875 tea)
488 1843 496 1873 ,
511 1801 540 1856 et
554 1795 584 1855 S.
605 1791 781 1872 Lignorium
796 1789 857 1866 (lib.
875 1791 904 1863 6,
921 1794 954 1846 n⁰
970 1786 1067 1865 laea).

131 1891 212 1952 ltem
225 1891 244 1949 6
258 1885 355 1948 martii
371 1888 464 1962 1700,
480 1882 586 1946 eadem
601 1883 690 1942 Sacra
700 1876 898 1958 congregatio
912 1875 1068 1938 consulta:

95 2004 110 2040 o
134 1983 168 2041 1⁰
192 1979 238 2038 dn
257 1974 378 2058 parochi
401 1973 560 2055 praesentia
581 1970 619 2031 de
642 1971 701 2049 qua
723 1967 854 2047 loquitur
880 1963 1068 2041 Concilium,

91 2093 105 2128 a
133 2067 245 2130 debent
261 2083 326 2127 esse
346 2063 466 2124 moralis
480 2061 614 2122 humano
635 2056 725 2119 modo
739 2063 769 2116 et
782 2073 851 2117 cum
867 2053 1068 2130 advertent-itt,

90 2183 106 2219 a
135 2161 177 2220 ita
191 2163 223 2218 ut
238 2153 331 2236 possit
345 2170 410 2214 ease
428 2150 512 2212 testis
526 2147 709 2209 matrimonii
725 2144 878 2208 actualiter
891 2151 920 2204 et
937 2141 974 2204 de
994 2142 1070 2203 lacto

93 2273 108 2308 u
135 2243 282 2310 contracti
295 2292 302 2320 ,
318 2261 379 2303 non
399 2241 469 2302 verb
483 2237 642 2300 voluntatis
656 2232 871 2298 contrahendi:
885 2231 929 2294 vel
945 2231 1071 2292 sufficiat

93 2361 109 2397 a
134 2335 237 2418 potiirs
248 2333 311 2395 sola
325 2327 482 2412 praesentia
496 2326 619 2407 physica
633 2343 687 2386 seu
700 2321 878 2396 materialis;
894 2325 926 2381 2⁰
940 2319 1016 2380 etc?
1030 2352 1069 2364 -

94 2449 110 2488 u
137 2427 230 2486 Sacra
254 2417 473 2501 congregatio,
494 2413 652 2496 reprobata
674 2413 817 2493 opinione
841 2408 922 2488 qudd
946 2406 1072 2468 sufficiat

95 2539 111 2576 a
135 2511 297 2597 praesentia
318 2505 438 2590 parochi
458 2505 533 2586 pure
553 2502 676 2583 physica
694 2511 747 2561 seu
771 2495 952 2570 materialis,
974 2495 1071 2574 prori-

96 2629 113 2666 a
138 2603 220 2667 debit
235 2601 268 2663 in
281 2597 399 2660 casibus
414 2591 659 2678 particularibus,
674 2593 731 2648 ato.
747 2607 762 2643 a

138 2694 231 2756 4354.
246 2691 314 2751 Non
324 2683 459 2747 absolute
473 2679 636 2761 requiritur
645 2675 683 2736 ad
695 2672 875 2735 validitatem
889 2665 1072 2730 matrimonii

98 2781 182 2866 qudd
197 2776 346 2863 parochus
359 2772 448 2835 rerba
462 2765 705 2831 contrahentium
719 2759 836 2822 audiat.
853 2755 944 2817 modo
958 2774 994 2816 ex
1008 2754 1074 2816 aliis

99 2871 196 2952 signis
209 2867 280 2931 satis
294 2861 473 2926 intellexerit
485 2856 548 2918 dari
564 2849 814 2915 matrimonialem
829 2861 1020 2906 consensum.
1035 2875 1074 2888 -

101 2961 150 3024 Sic
164 2949 404 3022 etiam'dacisum
423 2945 582 3009 retentura
602 2937 747 3002 Zamhoni
769 2938 812 3015 (v⁰
827 2932 1072 3010 Matrimonium,

101 3051 184 3131 ξιξ),
199 3049 234 3108 n⁰
247 3047 296 3122 33)
313 3061 321 3102 ε
340 3062 356 3098 n
371 3042 559 3117 Responsum
573 3036 616 3092 ost
632 3028 754 3089 aSacrt
767 3021 1005 3104 congregatione
1020 3039 1074 3102 pro

102 3161 117 3198 a
141 3134 292 3198 validitate
300 3123 482 3191 matrimonii
490 3117 673 3183 clandestine
681 3113 823 3178 contracti
833 3129 935 3174 coram
946 3109 1075 3192 parocho

103 3248 118 3286 n
143 3225 195 3306 qui
214 3234 397 3285 consensum
417 3227 536 3294 sponsae
556 3224 616 3268 non
635 3202 745 3268 audivit
761 3223 769 3264 ι
788 3202 849 3264 duo
867 3207 968 3262 tamen
987 3205 1076 3260 testes

104 3337 119 3374 r
144 3309 268 3375 adhibiti
291 3304 484 3388 deponebant
506 3297 544 3362 de
570 3294 668 3357 verbis
694 3309 812 3375 sponsae
840 3289 1076 3370 exprimentibus

106 3427 121 3463 n
146 3417 237 3464 suum
257 3407 456 3464 consensum,
477 3403 549 3448 nam
564 3389 724 3468 postquam
740 3377 930 3451 Franciscus,
946 3377 1077 3437 innuens

107 3513 122 3552 n
146 3485 278 3570 parocho
292 3481 428 3553 Mariam,
440 3473 642 3558 pronuntiarit
651 3471 715 3532 haec
727 3468 835 3531 verba:
857 3463 1078 3542 Vedete,questo

108 3602 123 3640 r
148 3577 243 3638 imin
261 3569 389 3650 mouile:
402 3584 464 3648 quo
486 3561 607 3634 audito,
626 3557 775 3638 parochus
795 3553 885 3633 coepit
907 3551 1079 3629 indignatus
