2416 3954
206 107 264 170 t8d
425 123 564 170 nannum
584 121 686 171 rcrrus
705 125 786 172 rums
807 125 955 174 canonrcr.

206 224 316 287 sariam
330 241 399 288 cum
413 241 460 284 eo.
477 219 552 283 Vide
565 222 708 304 chueux
721 223 869 304 (n0i0'10,
886 223 916 283 r'n
931 222 1011 306 fine).
1029 221 1112 284 Aliter
1122 229 1155 283 est

206 313 369 376 dicendum
395 311 434 373 de
461 313 651 374 execratione
674 330 682 373 ι
712 314 849 374 execrati
868 313 951 374 enim
970 310 1090 375 ecelesia
1108 329 1155 372 non

207 402 274 465 ideo
303 407 480 464 execrantur
513 400 617 463 aitaris
640 400 730 462 etiam
753 399 813 462 fixa
835 421 904 483 ques
928 401 1004 463 inibi
1026 401 1152 464 existunt:

207 509 273 572 cap.
292 489 340 553 Ad
351 490 422 566 haec,
438 487 473 552 de
488 488 625 552 Conrerr.
641 489 740 552 eccles.

247 583 336 642 asts.
359 581 427 642 Non
451 577 519 642 idad
545 579 722 660 polluuntur
736 579 870 642 ecciesiae
890 580 963 661 quie
983 579 1021 642 ah
1034 576 1156 640 hereticis

207 669 329 732 inerunt
342 673 511 750 occupatae;
532 668 556 730 si
571 675 672 730 anien
687 673 754 732 ectu
769 668 808 730 ab
822 669 969 732 hereticis
983 675 1155 749 occupentur,

163 759 169 768 '
206 757 375 821 carendum
392 765 452 834 est,
468 775 551 820 sacra
565 757 597 818 in
618 757 661 819 eis
682 757 836 836 faciende,
853 777 891 820 ne
905 757 1062 838 approbari
1076 756 1156 818 riden-

208 855 257 910 tur
270 847 391 911 haeresis
405 853 456 910 aut
468 845 608 909 schisma.
626 846 702 910 Vide
717 848 858 930 Lequcux
875 849 920 928 (n⁰
931 848 1032 924 idid).

614 1027 694 1092 ΛΒΤ.
717 1027 774 1090 vtt.

446 1167 485 1212 or
506 1166 706 1212 succensurum
728 1165 942 1220 eccuusmmnr.

249 1298 338 1359 tatu.
360 1295 454 1357 Multa
467 1294 599 1356 diximus
613 1293 651 1356 de
671 1297 755 1356 sacra
769 1292 964 1376 supellectili,
979 1291 1123 1376 loquendo
1133 1291 1160 1350 dr

209 1385 360 1466 requisitis
382 1383 419 1445 sd
441 1383 562 1444 inissem
587 1403 594 1444 :
617 1383 684 1446 ride
703 1401 794 1465 supra
813 1386 1031 1460 (adtuendam
1058 1381 1162 1446 sutiirint

210 1473 259 1535 hic
283 1473 413 1552 adjicere
434 1489 443 1534 r
464 1476 494 1533 1⁰
509 1491 578 1553 quac
599 1473 743 1536 dicuntur
760 1473 791 1534 in
812 1471 932 1534 Iir'tuaii
955 1473 1086 1534 Romano
1103 1471 1162 1533 cirea

210 1580 278 1624 vasa
293 1561 324 1623 in
338 1561 449 1644 quibus
461 1561 667 1624 conservanda
681 1568 750 1624 sunt
764 1561 835 1624 Olea
853 1579 939 1623 sacra
955 1559 1131 1624 :uchrisnn
1142 1565 1163 1619 rt

210 1675 225 1710 r
250 1651 357 1714 Oleum
372 1669 493 1713 sucrum
507 1651 567 1712 sint
581 1651 612 1714 in
623 1649 685 1712 suis
694 1650 821 1713 vasculis
835 1649 999 1731 argenteis,
1014 1657 1068 1712 eut
1079 1648 1163 1710 seiten

211 1763 227 1801 o
251 1741 398 1818 stanneis,
414 1739 491 1803 bene
510 1740 654 1802 obturatis
671 1759 678 1799 :
695 1757 764 1820 quar
786 1739 906 1801 vascula
919 1739 981 1799 sint
996 1738 1074 1800 inter
1085 1736 1165 1800 sedis

211 1853 226 1888 o
252 1830 358 1906 tincta,
373 1837 402 1893 et
416 1831 569 1912 propriam
578 1827 819 1910 unumquodque
833 1827 1066 1908 inscriptionem
1078 1826 1163 1888 habeat

211 1939 226 1977 n
250 1919 423 1995 majusculis
437 1919 541 1980 litteris
566 1919 707 1996 incisam,
729 1937 767 1980 nc
781 1917 850 1999 quis
863 1933 947 1978 error
964 1917 1163 1978 committetur.

249 2030 265 2066 n
292 2007 337 2068 hd
352 2027 441 2069 usum
456 2008 526 2069 vero
545 2006 776 2087 quotidianum,
799 2006 918 2068 minora
935 2004 1105 2069 habeantur
1115 2023 1164 2065 ras·

210 2119 226 2156 u
250 2095 318 2158 cuia
331 2113 367 2156 ex
377 2095 537 2174 argentosi
551 2095 616 2157 fieri
627 2102 740 2177 potest,
756 2099 943 2170 autstenn03
960 2093 1165 2177 sivesepams

210 2206 226 2243 s
250 2184 311 2246 sive
324 2183 414 2244 etiam
428 2185 611 2262 conjuncta,
629 2187 698 2266 apte
713 2191 814 2246 tamen
834 2182 974 2245 distincta
988 2189 1020 2246 et
1039 2185 1114 2248 bend
1126 2201 1165 2244 rn-

210 2295 226 2332 υ
250 2279 367 2354 operta,
382 2279 492 2334 etcum
505 2272 568 2334 suis
579 2273 865 2354 inscriptionibus.»
883 2271 989 2351 (nour.
1006 2271 1041 2335 de
1056 2271 1166 2354 Raptis.)

250 2359 1165 2443 Ouoinlocohrccvuscuiasintasservando,ridesuprsiddttifr.

251 2455 339 2515 turi.
363 2485 401 2498 -
420 2455 452 2517 2⁰
474 2453 594 2514 Nemini
622 2451 713 2528 licet,
746 2451 778 2512 in
801 2449 926 2514 ecclesia
955 2451 1168 2532 quomodolibet

212 2543 366 2622 exempti,
393 2541 515 2602 «utiam
526 2541 677 2602 insolitam
688 2539 852 2620 imaginem
863 2557 993 2620 ponere,
1009 2540 1056 2602 rei
1066 2557 1166 2622 ponen-

211 2652 227 2690 ι
250 2631 320 2692 dam
328 2649 445 2708 curare,
457 2630 514 2692 nisi
528 2629 566 2692 ab
576 2630 725 2710 Episcopo
736 2627 859 2710 probata
869 2627 960 2692 fuerit
972 2650 988 2688 n
1002 2629 1166 2707 (Concilium

210 2719 439 2796 Tridentinum,
464 2737 538 2781 sess.
558 2722 614 2790 25,
638 2717 794 2780 Decretum
811 2717 846 2779 de
863 2717 1049 2780 Inuorctione
1066 2719 1169 2781 Sancto

216 2809 314 2886 rum);
331 2809 403 2889 poni
417 2815 520 2871 tamen
534 2813 677 2890 possunt,
697 2805 868 2869 inconsulto
887 2807 1058 2888 Episcopo,
1077 2805 1167 2884 imagi·

213 2914 266 2957 nes
282 2915 350 2976 quae
372 2897 457 2959 solitu
478 2897 619 2978 mysteria
637 2901 688 2958 aut
707 2893 845 2958 historias
863 2895 1044 2976 approbatas
1064 2897 1168 2958 Sancto

212 3001 280 3046 rum
295 2985 469 3060 continent3
485 2985 537 3047 sed
549 3005 611 3049 non
625 2985 852 3066 licetexponere
866 2985 1168 3065 inecciesitimaginrs

212 3073 373 3134 Servorum
387 3072 440 3134 Dei
456 3075 592 3136 nondum
607 3073 852 3138 canonizatcrum
865 3080 916 3136 aut
930 3073 1167 3138 beatificatorum.

212 3249 336 3311 Constii.
355 3249 485 3312 celestis
496 3249 649 3328 (Ferraris,
664 3255 694 3314 v⁰
707 3251 864 3332 Imnpr'nes,
876 3253 911 3313 n⁰
924 3254 984 3327 id).

252 3335 413 3399 Beatificati
428 3339 573 3420 pingendi
587 3345 657 3401 sunt
671 3357 742 3402 cum
761 3340 852 3402 radiis
865 3341 1000 3418 tantdm3
1015 3335 1168 3404 canonizati

211 3425 281 3485 rard
290 3441 361 3485 cum
371 3424 540 3488 diademate
550 3427 629 3489 circa
643 3429 935 3509 caput—imagines
947 3431 1104 3492 Beatomm
1119 3443 1168 3488 non

213 3509 325 3592 ubique
339 3509 408 3574 licet
429 3528 580 3593 exponere
593 3513 713 3598 pontice
730 3514 915 3580 venerationi
930 3514 1064 3582 fidelium
1076 3519 1169 3596 (Beue-
