2434 3940
174 153 230 216 152
391 174 531 222 unvitans
550 173 652 222 rorrus
671 171 752 218 runis
773 171 919 218 aaronica

170 275 405 338 comminatione
419 274 548 352 faciant,
564 274 701 338 Pontifex
721 272 853 336 declarat
866 291 918 336 eos
931 271 1059 352 praviter
1072 287 1142 352 pec·

170 384 249 440 care,
265 373 293 428 et
308 366 462 428 incurrere
476 365 705 448 suspensionem
720 361 851 426 fcrendae
864 364 1021 424 sentrmiae
1035 360 1073 424 ab
1087 377 1144 422 au·

170 455 288 517 diendis
309 453 549 517 confessionibus
570 474 578 518 ε
598 454 791 524 «Noverint,
814 453 931 533 inquit,
956 469 1042 523 sese,
1069 449 1144 513 ultra

170 565 185 601 u
210 545 321 626 peccati
338 543 452 606 lethalis
466 544 634 622 incursum,
649 541 837 624 suspensioni
852 541 891 602 alr
904 540 1003 604 otlicio
1016 538 1145 602 audien·

171 654 185 689 a
210 632 317 695 darum
339 632 585 711 confessionum,
609 631 735 714 aliisque
756 629 941 712 gravioribus
962 629 1059 712 poenls
1082 627 1145 689 fore

172 743 188 778 n
214 721 479 800 sulrjiciendostr)

212 813 360 873 Caeterum
382 810 555 874 confessarii
575 811 654 874 bene
677 816 825 892 possunt,
848 809 911 874 imd
931 816 961 874 et
981 807 1096 872 debent
1109 809 1147 871 ad

172 899 393 982 procurandam
415 900 612 962 confessionis
630 899 853 980 integritatem,
877 907 929 963 aut
949 899 1036 962 saluti
1052 899 1148 980 poeni·

174 990 261 1051 tentis
274 988 507 1062 consulendum,
519 990 677 1070 exquirere
691 989 930 1052 circumstantias
945 988 1145 1050 necessarias:

174 1099 199 1140 v.
216 1099 246 1160 g.
262 1097 300 1140 an
316 1097 443 1160 persona
456 1078 611 1158 complicis
625 1079 665 1140 sit
678 1078 708 1139 in
724 1078 822 1160 primo
833 1079 877 1140 vel
888 1077 1021 1141 secundo
1039 1077 1147 1158 gradu,

172 1175 223 1228 aut
236 1168 272 1228 sil
288 1175 355 1230 volo
376 1168 483 1247 ligata,
504 1174 556 1228 aut
576 1171 614 1228 sil
634 1167 758 1238 ancilla,
783 1175 836 1230 aut
853 1167 966 1230 habitet
985 1167 1016 1228 in
1040 1167 1147 1229 eadem

172 1255 281 1326 domo,
296 1265 368 1331 etc,
384 1257 452 1318 licet
467 1257 497 1317 in
512 1257 715 1336 cognitionem
731 1257 887 1338 complicis
902 1257 945 1320 sic
958 1255 1069 1318 veniat.

212 1347 300 1406 3827.
326 1347 437 1406 llorera
460 1346 622 1426 aliquando
648 1347 795 1427 poenitens
823 1355 941 1408 tenetur
968 1347 1148 1426 complicem

173 1433 363 1496 manifestare
381 1433 419 1496 ad
446 1433 567 1515 aliquod
589 1454 677 1516 grave
693 1437 806 1497 malum
831 1435 1081 1517 impediendunr;
1098 1435 1149 1497 sed

175 1530 245 1586 tunc
258 1523 457 1586 confessarius
471 1524 559 1585 delret
573 1528 690 1586 molum
706 1525 732 1586 ei
752 1525 907 1607 imponere
921 1533 954 1587 ut
968 1525 1150 1606 complicem

174 1613 282 1673 revelet
302 1612 343 1674 illi
362 1613 413 1694 qui
436 1613 612 1676 scandalum
633 1614 678 1676 vel
702 1613 849 1676 damnum
878 1621 974 1696 potest
994 1623 1149 1690 avertera;

175 1719 331 1783 nunquam
350 1710 449 1764 autem
472 1703 527 1784 ipsi
555 1703 623 1764 licet
642 1703 764 1765 dicere:
782 1703 989 1766 revelamini:
1005 1705 1065 1766 «Si
1081 1707 1151 1767 reri>
1210 1711 1211 1790 ξ

173 1813 187 1848 n
212 1792 363 1874 poenitens
376 1809 410 1853 ex
427 1809 460 1854 se
479 1798 509 1854 et
528 1799 635 1874 sponte
654 1797 707 1854 sna
728 1801 846 1874 rogaret
864 1792 1105 1870 confessarium,
1121 1805 1151 1856 ut
1210 1791 1211 1794 ’

173 1903 186 1936 n
212 1881 391 1964 complicem
406 1883 580 1962 corrigeret,
595 1889 669 1944 tunc
683 1881 866 1944 confessario
881 1883 974 1944 muttit
989 1883 1151 1965 prudentia

172 1993 187 2026 o
212 1989 290 2049 opus
304 1975 349 2030 est
366 1989 374 2029 r
391 1988 459 2029 nam
474 2015 484 2046 ‚
498 1969 647 2032 ordinarie
672 1970 835 2052 loquendo,
852 1990 913 2033 non
927 1972 1049 2053 expellit
1073 1981 1107 2034 ul
1122 1993 1151 2036 sa

173 2082 187 2114 »
211 2059 379 2120 committat
393 2058 423 2116 in
439 2057 610 2135 hujusmodi
626 2077 710 2136 renr;
729 2061 784 2142 ipsi
799 2063 881 2122 enim
896 2063 1013 2122 tantiam
1028 2061 1147 2125 incum-

172 2170 186 2204 »
212 2145 255 2206 bit
278 2163 383 2206 curare
407 2144 555 2208 damnum
576 2147 621 2210 sui
646 2149 841 2230 poenitentis,
864 2169 925 2212 non
951 2149 1105 2228 alienum,
1124 2161 1153 2215 et

173 2257 188 2291 o
214 2233 405 2296 solummodo
426 2234 502 2296 intra
525 2235 770 2318 confessionem,
792 2257 854 2302 non
878 2247 980 2316 extra3
998 2248 1078 2303 etex
1095 2243 1153 2305 alia

173 2346 187 2381 n
212 2330 313 2404 parte,
329 2322 530 2386 confessarius
544 2325 702 2390 difficulter
716 2335 848 2392 assumet
869 2329 927 2392 hoc
946 2347 1059 2393 nrunus
1083 2351 1152 2395 cor-

172 2435 186 2470 »
211 2411 327 2491 vigendi
341 2413 407 2474 sine
422 2413 554 2494 periculo
569 2417 712 2494 scandali,
724 2425 752 2479 et
766 2418 933 2482 offensione
948 2421 1023 2483 sacri
1039 2421 1151 2484 minis-

171 2525 186 2558 »
212 2501 288 2564 terii.
305 2504 377 2565 »lta
388 2505 419 2565 S.
436 2503 571 2584 trgum„
587 2505 640 2566 lib.
659 2509 688 2580 6,
706 2515 739 2567 n⁰
753 2511 827 2586 4923
844 2516 874 2570 et
887 2509 977 2572 etiam
989 2513 1151 2592 Stremler,

178 2589 279 2652 Trur'td
291 2590 444 2674 despeines
459 2594 570 2672 eccles,
585 2615 617 2677 p.
635 2599 780 2659 lat-136.

210 2683 299 2745 3828.
324 2683 481 2759 Praeterea,
498 2684 528 2746 in
546 2685 628 2746 Brevi
644 2684 735 2746 modd
749 2686 854 2764 citato,
871 2687 984 2752 Bened.
1000 2691 1068 2752 xlv
1084 2709 1151 2768 poe-

173 2791 241 2833 nam
256 2775 578 2836 cxcommunicalionis
593 2775 657 2856 ipso
671 2773 748 2837 facto
765 2776 975 2856 incurrendae,
990 2787 1020 2841 et
1032 2781 1153 2844 Sanctae

171 2861 239 2923 Sedi
254 2869 425 2938 reservatae,
441 2863 576 2924 decernit
594 2871 698 2926 contra
712 2883 835 2928 ornnem
851 2869 902 2948 qui
922 2887 1042 2932 causus
1062 2869 1153 2934 fuerit

170 2973 185 3008 n
209 2949 310 3011 dicere
335 2950 446 3010 licitam
472 2969 538 3012 esse
569 2951 743 3030 hujusmodi
768 2955 908 3037 praxim,
945 2965 1034 3040 prout
1057 2977 1093 3022 ea
1121 2961 1152 3022 in

170 3061 185 3096 r
210 3038 303 3099 relato
322 3045 424 3099 nostro
452 3039 535 3100 Brevi
558 3043 753 3121 reprobatur,
775 3045 822 3106 rel
842 3046 974 3109 scribere
996 3047 1041 3110 vel
1068 3048 1151 3131 loqui

170 3149 186 3188 n
210 3126 434 3207 praesumpserit
448 3125 478 3188 in
494 3128 628 3204 ejusdem
643 3131 793 3196 damnate
809 3135 908 3216 pravis
922 3135 1132 3202 defensionem
1141 3162 1150 3216 ;
1207 3145 1208 3198 ἒ

170 3235 185 3272 a
209 3213 256 3275 rel
268 3231 303 3274 ea
325 3231 394 3294 quae
408 3215 439 3276 in
455 3212 536 3274 dicto
550 3218 634 3280 Brevi
650 3231 754 3284 contra
767 3223 947 3288 eorumdem
962 3227 1079 3308 praxim
1101 3228 1151 3291 de
1207 3223 1208 3309 l

201 3369 209 3397 ¹
228 3383 239 3412 ι
257 3364 308 3447 Nec
321 3381 424 3428 noman,
439 3384 485 3421 nec
498 3375 650 3424 domicilium
662 3377 804 3442 poenitentis
822 3377 948 3448 inquirant
960 3380 1128 3448 (confessarii)
1142 3420 1148 3442 .

172 3457 181 3484 ι
200 3445 383 3504 praesertimque
397 3450 498 3492 caveant
510 3443 523 3493 d
538 3447 637 3496 nomine
649 3450 777 3514 complicis
788 3451 940 3518 exquirendo
952 3490 959 3512 ‚
973 3452 1039 3518 quod
1053 3452 1149 3504 inhibet

173 3529 182 3553 ·
200 3507 246 3558 surb
258 3511 413 3574 gravioribus
432 3515 509 3579 paenis
523 3515 670 3569 Benedictus
682 3521 745 3583 xlv,
760 3523 784 3572 in
804 3523 932 3591 Encyclici
945 3523 990 3579 tltr'
1004 3527 1149 3594 primum·

173 3580 204 3651 laq
217 3579 309 3650 donnil.
323 3582 440 3654 drenion.
453 3585 515 3652 idid
526 3587 573 3648 (tit.
588 3587 613 3650 t,
627 3604 679 3657 cap.
694 3593 719 3651 5,
732 3607 756 3658 p.
769 3594 819 3660 51),
859 3595 862 3602 ’
