2498 3966
195 195 254 258 776
414 213 553 260 uruntur
574 213 677 259 rorrus
697 212 779 258 runis
799 211 948 262 aaronica.

195 332 411 414 imperatorias
424 329 606 412 repudiarit,
638 348 709 412 quae
730 330 872 392 divortiis
897 337 928 390 et
948 329 1090 410 repudiis
1109 348 1179 412 per·

154 461 158 464 -
194 421 313 485 niciose
336 418 486 482 lavissent
500 421 522 480 Ι.
548 451 587 468 -
611 419 778 484 Pontifices
799 437 876 484 vero
898 420 1031 482 maximi
1054 422 1181 502 quoties

194 512 377 574 restiterunt
393 510 588 590 principibus
603 509 843 591 potentissimis,
860 509 997 572 divortia
1013 527 1031 571 a
1047 527 1081 572 se
1097 509 1180 570 lacta

194 607 229 663 ut
244 609 308 662 rata
324 598 470 662 Ecclesiae
484 608 587 661 essent
602 600 766 662 minaciter
782 597 976 677 petentibus,
993 599 1087 661 toties
1099 602 1180 660 exis

194 689 326 752 timandi
341 697 415 752 sunt
431 707 492 749 nnn
511 688 607 752 modb
621 707 676 767 pro
696 687 916 752 incolumitate
931 687 1110 768 religionis.
1126 689 1179 750 serl

194 781 286 842 etiam
303 797 358 862 pro
373 777 579 842 humanitatis
593 779 733 857 gentium
750 779 1007 860 propugnarisse.
1021 776 1128 851 Quam
1141 779 1178 840 ad

194 889 260 930 rem
275 869 378 931 omnis
401 867 609 930 admirabitur
632 869 796 947 posteritas
822 867 929 929 inuicti
954 866 1058 928 animi
1077 867 1178 930 dlicu-

195 969 327 1021 mentua
339 955 954 1028 Nicolaoliditaadversusbotharium3
968 955 1178 1019 abUrbauoll

193 1059 224 1110 et
252 1047 391 1110 Pascltali
409 1045 433 1107 ll
447 1045 597 1107 adversus
614 1045 794 1127 Philippum
820 1046 832 1106 l
852 1063 955 1124 regern
976 1043 1176 1118 Galliarum

193 1157 209 1200 a
235 1136 400 1200 Coelestino
420 1134 457 1196 lll
485 1145 516 1196 ct
543 1137 728 1198 Innocentio
744 1133 784 1196 Ill
806 1134 955 1196 adversus
974 1135 1176 1215 rllpbousum

193 1225 328 1288 aLeoue
352 1237 382 1286 et
407 1223 584 1304 Philippum
608 1223 634 1285 ll
649 1223 824 1306 principem
834 1221 1032 1300 Galliarum
1060 1241 1079 1285 a
1107 1223 1178 1286 Gle-

194 1327 298 1378 mente
311 1314 362 1376 Vll
377 1325 406 1376 et
420 1313 512 1376 Paulo
526 1313 563 1374 lll
578 1313 728 1374 adversus
743 1312 912 1374 Henricunt
925 1310 992 1373 Vlll
1008 1333 1017 1390 ;
1034 1313 1176 1394 denique

193 1425 210 1467 a
232 1407 284 1466 Pio
308 1404 360 1465 llll
379 1402 575 1464 sanctissimo
597 1400 829 1482 fortissimoque
848 1399 998 1462 Pontilicc
1023 1400 1177 1464 adversus

192 1493 402 1576 Napoleonem
419 1490 442 1566 l,
459 1489 607 1553 secundis
633 1490 727 1552 rebus
749 1499 779 1551 et
804 1489 1026 1569 magnitudine
1050 1491 1175 1572 imperii

192 1584 396 1646 exultantem.
538 1638 544 1649 ,

232 1675 305 1749 Quae
325 1689 396 1734 cum
420 1670 461 1731 ita
487 1669 563 1743 sint,
587 1685 696 1731 omnes
720 1667 946 1748 gubernatores
970 1667 1175 1731 administra-

194 1775 338 1841 toresque
354 1777 458 1822 rerum
485 1758 699 1839 publicarum,
725 1759 750 1818 si
773 1756 927 1818 rationem
942 1757 1030 1838 sequi
1053 1759 1177 1838 sapien·
1237 1769 1238 1826 ἴ

194 1855 280 1924 tiam,
297 1853 319 1912 si
344 1852 443 1930 ipsam
467 1849 658 1930 populorum
681 1845 848 1908 utilitatem
871 1844 1057 1924 voluissent,
1079 1849 1176 1910 melle
1237 1847 1238 1876 ³

193 1943 365 2004 debuerant
384 1955 486 2000 sacras
501 1935 539 1998 de
561 1935 762 1998 matrimonio
776 1935 859 2015 leges
877 1934 1012 1996 intactas
1031 1951 1173 2016 manae,
1237 1941 1238 1945 ’

192 2032 400 2113 oblatumque
421 2025 566 2088 Ecclesiae
590 2025 807 2104 adjumentum
834 2025 865 2084 in
890 2023 1021 2084 tutelam
1048 2043 1172 2088 morum

195 2121 496 2198 prosperitatemque
523 2114 715 2176 lamiliarum
742 2112 905 2186 adbibere,
941 2130 1039 2189 quam
1070 2114 1169 2194 ipsam

191 2208 361 2272 Ecclesiam
378 2207 407 2266 in
422 2204 634 2285 suspicionem
653 2201 838 2277 inimicitie,
854 2210 885 2262 et
900 2203 932 2262 iu
950 2199 1060 2263 lalsam
1075 2211 1167 2284 atque

191 2299 333 2378 iniquam
351 2293 456 2356 violati
469 2294 550 2374 juris
564 2292 665 2354 civilis
682 2291 969 2353 insimulationem.

230 2385 337 2467 quue
353 2383 462 2464 magis,
484 2381 569 2464 quod
584 2379 720 2442 Ecclesia
742 2379 908 2452 catholica,
926 2388 960 2440 ut
978 2379 1010 2442 in
1035 2397 1067 2442 re
1079 2377 1159 2440 nulla
1236 2393 1237 2435 l

191 2487 293 2564 potest
307 2475 348 2536 ab
372 2472 522 2552 religione
540 2471 635 2533 ollicii
657 2478 689 2531 et
708 2467 891 2532 defensioue
908 2467 992 2546 juris
1013 2469 1061 2531 sui
1076 2467 1164 2530 ‹leeli-

193 2589 279 2646 ιιιιιιι,
295 2567 336 2627 ita
359 2564 494 2624 maxime
511 2559 589 2622 solet
608 2577 676 2622 esse
692 2557 732 2620 ad
747 2557 976 2638 benignitatem
1003 2557 1168 2639 indulgen·

192 2665 332 2739 tiamque
353 2651 499 2732 proclivis
520 2649 551 2710 iu
575 2650 669 2710 rebus
690 2645 842 2709 omnibus
860 2663 932 2728 quae
951 2665 1025 2710 cum
1052 2646 1171 2710 incolu-

193 2754 299 2813 mitate
312 2745 435 2825 jurium
459 2739 668 2802 etranctitate
686 2737 863 2800 ciliciorum
887 2753 1017 2798 suorum
1041 2749 1173 2817 possunt
1235 2761 1236 2786 ι

192 2859 254 2903 una
270 2835 450 2900 consistere.
473 2829 572 2904 Quam
589 2825 631 2889 ob
655 2845 721 2888 rem
738 2824 820 2888 nibil
845 2843 987 2906 unquam
1001 2823 1043 2888 de
1067 2827 1172 2887 matri·

192 2927 300 2990 monio
313 2921 430 2993 statuit,
447 2918 524 3000 quin
538 2923 715 2996 respectum
732 2912 876 2976 babuerit
891 2911 931 2975 ad
950 2921 1066 2975 statum
1083 2932 1173 2976 wm-

191 3015 366 3086 munitatis,
377 3009 414 3071 ad
430 3005 624 3071 conditiones
636 3004 826 3086 populorum
839 3019 848 3077 ;
860 3021 919 3065 nec
934 3001 1030 3064 semel
1041 3020 1173 3066 suarum

190 3105 255 3184 ipsa
270 3101 373 3179 legum
389 3099 580 3178 praescripta,
597 3093 701 3174 quoad
718 3094 834 3174 potuit,
856 3091 1022 3171 mitigavit,
1038 3093 1173 3172 quando

191 3201 224 3254 ut
243 3191 399 3268 mitigaret
413 3204 517 3249 causae
529 3184 622 3262 justae
636 3191 667 3245 et
681 3201 793 3261 graves
809 3179 1016 3263 impulerunt.
1033 3209 1073 3229 -
1094 3179 1172 3244 lietu

191 3297 252 3340 non
276 3278 341 3355 ipsa
359 3277 479 3355 ignorat
496 3293 599 3355 neque
621 3273 785 3346 diffitetur,
803 3279 1037 3333 sacramentum
1064 3273 1174 3332 matri·

219 3479 242 3527 l.
252 3479 354 3537 Hieron,
365 3477 436 3539 epist
446 3472 477 3524 ta
490 3478 521 3526 atl
535 3477 655 3527 becau-
669 3478 792 3540 Ambrae,
805 3475 849 3527 lib.
861 3487 909 3534 mn,
924 3473 950 3522 lu
962 3487 1016 3538 cap.
1047 3473 1077 3525 lb
1090 3477 1171 3540 buces,

188 3560 217 3598 ιι.
234 3549 257 3600 5.
274 3575 304 3585 -
317 3551 428 3612 August..
444 3547 475 3594 de
486 3548 588 3610 nuptiis,
604 3561 659 3610 cap.
674 3545 712 3596 to.
