2416 3954
913 6 1124 39 '''‘'”“'.‘=.⁷*'l'''“
1186 9 1199 227 ι

179 231 236 294 539
394 245 529 290 tinnulis
549 245 650 292 rorrcs
670 246 752 292 sums
773 245 920 292 cenorum.

168 367 182 402 n
209 344 453 422 incommodum,
478 351 530 406 eut
549 344 714 420 damnum,
738 341 873 408 inbonis
890 345 1001 408 animm
1017 343 1121 406 velcon·
1193 360 1197 369 ·

167 457 183 494 n
208 435 300 516 poris,
314 433 426 515 proprii
438 433 484 495 vel
500 433 642 515 proximi.
657 435 700 496 Ita
712 433 927 496 communiter.
942 455 959 493 n
976 436 1008 497 S.
1017 435 1119 514 Liguor.

167 521 232 601 (it,
250 524 381 600 n⁰32l.)
1193 527 1197 535 '

206 613 295 672 4923.
312 610 361 672 Sic
373 615 556 673 excusantur
570 609 697 687 infirmi,
716 611 840 692 quando
859 609 1024 692 prudenter
1035 613 1123 674 timent
1192 632 1197 643 ·

168 697 1121 762 conlevedainnumvelmoremnotabilemsdconvalesoendun:
1194 698 1198 757 1

170 811 184 846 c
206 787 236 849 Si
256 787 385 851 dubium
403 788 497 849 sitan
520 786 749 850 incommodum
766 788 805 850 sit
817 787 881 850 leve
901 787 949 850 vel
963 787 1123 850 sufficienter

167 902 181 934 υ
207 895 312 958 grave,
328 877 471 939 standum
484 881 530 938 est
542 875 669 940 consilio
683 875 809 954 medici,
825 883 876 939 aut
891 877 1072 958 Superioris,
1084 881 1123 936 nul

167 989 181 1024 n
207 964 330 1046 parochi
344 966 390 1028 vel
401 965 478 1028 elius
490 965 544 1027 vici
561 964 717 1046 prudentis
736 972 766 1027 et
779 965 870 1027 etiem
888 984 944 1028 suo
961 965 1070 1044 judicio
1081 981 1123 1044 po·

167 1077 182 1113 c
206 1059 266 1117 test
279 1055 470 1136 acquiescere
484 1052 639 1128 infirmuS,
655 1053 681 1115 si
701 1053 866 1135 prudenter
888 1055 927 1116 ila
942 1053 1065 1134 J'udicet.
1080 1049 1124 1112 Sed

167 1165 182 1202 n
207 1143 293 1225 quid,
308 1144 332 1204 si
347 1141 445 1205 adhuc
458 1142 586 1204 consilio
598 1141 701 1222 petito,
717 1149 837 1204 moneat
850 1141 988 1204 dubius'l
1003 1165 1018 1201 c
1035 1141 1064 1204 Si
1077 1158 1125 1200 uon
1198 1155 1200 1226 g

167 1233 262 1313 possit
289 1231 416 1294 obtineri
446 1229 653 1310 dispensatio,
686 1229 919 1310 «judicandum
944 1237 989 1292 est
1018 1233 1125 1294 Metron
1198 1249 1200 1300 i

167 1318 782 1400 oEcclesiamintalicasunonobligere.
793 1317 939 1382 Estvalde
951 1318 1124 1401 probabile.»

168 1409 210 1481 (S.
228 1409 367 1488 Lignum,
382 1406 437 1482 ib,
454 1416 487 1467 n⁰
502 1409 587 1484 325.)

205 1499 294 1558 tunt.
318 1495 657 1558 Excommunicstusvel
671 1495 848 1559 interdictus
862 1513 924 1559 non
935 1504 1038 1578 peccat
1052 1495 1127 1575 omit·

166 1585 258 1646 tendo
276 1583 418 1660 missam,
447 1589 476 1645 el
503 1581 583 1645 idem
611 1591 657 1646 est
678 1584 842 1648 dicendum
869 1585 908 1646 de
934 1585 1127 1662 incarcerato,
1195 1587 1200 1658 ,l

168 1673 283 1735 etiamsi
313 1673 466 1754 negligent
487 1673 707 1736 absolutionem
730 1673 776 1736 vel
799 1673 984 1748 libertatem,
1003 1673 1130 1735 modbex

168 1763 320 1844 proposito
335 1781 396 1825 non
409 1763 562 1844 negligent
576 1781 614 1824 ne
627 1769 785 1825 teneantur
799 1762 837 1824 ed
852 1762 993 1839 missam,
1009 1762 1055 1824 vel
1069 1761 1129 1836 nisi,

168 1853 243 1914 sicut
258 1852 441 1934 probabilius
455 1851 556 1933 plures
568 1851 686 1928 dicunt,
702 1851 740 1912 de
754 1849 832 1912 incili
846 1857 969 1931 possent
982 1849 1131 1912 absolutio·
1197 1891 1198 1918 2

168 1957 238 2000 nem
253 1947 304 2002 eut
318 1939 485 2002 libertatem
497 1939 647 2002 obtinere:
660 1939 868 2022 quiaquisque
877 1945 997 2001 tenetur
1007 1957 1077 2002 cum
1086 1939 1130 1998 lcu'

168 2029 361 2090 incommodo
384 2029 488 2091 tollere
511 2027 726 2110 impedimenta
744 2034 778 2091 ut
793 2029 875 2110 gravi
891 2035 1044 2110 praeceptc
1057 2029 1131 2091 setis-

167 2115 264 2178 luciet.
282 2121 323 2194 (S.
340 2117 476 2196 Lignor.,
493 2117 578 2194 ibid.)

206 2208 293 2265 tuus.
318 2205 367 2265 Sic
381 2211 563 2266 excusantur
575 2204 779 2268 custodientes
786 2207 899 2268 'domos
913 2206 964 2268 vel
974 2225 1096 2288 gregem
1110 2211 1133 2266 sl
1197 2201 1198 2234 i

167 2293 191 2354 si
206 2293 265 2354 sint
276 2292 375 2373 plures
385 2293 523 2354 custodes
537 2300 565 2354 et
579 2313 640 2356 una
650 2294 766 2356 dicetur
779 2297 896 2356 tentum
911 2295 1018 2370 missa,
1033 2295 1133 2358 debent

168 2381 335 2443 alternatim
349 2399 415 2443 eum
430 2379 550 2458 uudirc3
563 2382 673 2464 pariter
688 2383 818 2444 insimili
833 2384 955 2445 casuvir
972 2401 1032 2445 non
1047 2389 1133 2464 potest

168 2491 274 2552 cogere
297 2470 455 2533 mulierem
477 2476 512 2532 ut
533 2489 653 2553 semper
675 2470 756 2532 domi
772 2477 908 2548 maneat,
924 2469 1003 2533 cirm'
1012 2472 1049 2533 sit
1063 2472 1133 2534 socia
1196 2489 1197 2510 i

171 2581 229 2622 non
245 2561 374 2640 lamule,
390 2579 458 2642 quae
472 2563 489 2621 ὸ
503 2579 647 2622 converso
661 2560 728 2640 cogi
743 2569 862 2639 posset;
877 2560 1033 2622 sedetiam
1048 2560 1134 2622 domi-

171 2669 227 2712 nus
251 2655 347 2731 potest
369 2647 552 2732 quaudoque
573 2665 695 2709 monere
722 2646 803 2709 donli
827 2655 858 2709 ut
886 2647 999 2710 farinula
1021 2649 1133 2710 missum
1195 2723 1196 2726 Ἴ

170 2739 271 2801 audiat
286 2760 293 2814 ;
309 2739 372 2821 puri
393 2737 484 2800 modo
498 2743 679 2800 excusantur
699 2736 738 2797 eb
758 2735 909 2798 audiendo
927 2755 1014 2798 sacro
1034 2743 1133 2798 matres
1195 2729 1196 2736 '

170 2847 238 2907 quae
255 2845 316 2889 non
341 2827 453 2889 habent
475 2825 558 2887 domi
573 2825 623 2888 oui
644 2824 815 2905 relinquunt
834 2825 974 2905 porrulos
988 2825 1053 2886 sint
1066 2823 1134 2906 prri-

170 2915 256 2992 cutc,
273 2921 303 2976 et
316 2933 377 2977 non
392 2922 515 2996 possent
527 2933 579 2977 eos
592 2913 709 2976 deterre
723 2915 755 2974 in
768 2912 926 2975 ecclesium
940 2913 1006 2976 sine
1021 2909 1133 2976 notabili
1194 2951 1195 3006 l

170 3004 330 3063 astantium
341 3005 574 3082 perturbatione.

210 3093 375 3151 Excusatur
389 3092 498 3168 pariter
519 3094 570 3174 qui
589 3093 694 3174 nequit
707 3093 830 3154 missam
847 3091 951 3154 audire
966 3092 1041 3173 quin
1055 3089 1134 3152 relin-

171 3185 244 3260 qunt
266 3175 421 3238 infirmum
449 3178 514 3241 sine
541 3183 731 3258 assistentit3
759 3180 807 3242 vel
834 3181 924 3242 etium
952 3181 977 3242 si
1005 3180 1133 3243 intirmus

173 3271 289 3350 putaret
306 3265 384 3326 illius
406 3267 604 3330 assistentiam
626 3271 682 3332 sibi
705 3289 770 3333 esse
793 3270 993 3332 necessariam
1008 3318 1016 3346 ‚
1030 3267 1134 3332 etnlits

172 3369 292 3432 gravem
308 3361 455 3431 pateretur
468 3356 627 3419 tristitiam.
643 3360 685 3438 (S.
701 3360 836 3440 Lignor.‚
852 3358 906 3428 it„
924 3362 958 3420 n⁰
973 3359 1055 3434 326.)

211 3443 300 3499 lune.
324 3441 510 3503 Excusantur
530 3441 653 3522 famuli,
670 3446 793 3528 quondo
815 3465 922 3510 eorum
943 3445 1133 3509 ministerium

173 3533 217 3586 est
243 3528 444 3588 communiter
475 3534 706 3610 necessarium3
737 3535 847 3596 debent
868 3541 971 3598 tamen
999 3536 1132 3614 mojorem

174 3611 314 3674 adhibere
339 3613 523 3693 diligentiam
544 3623 579 3680 ut
600 3621 722 3684 missam
748 3641 809 3685 non
823 3623 973 3687 omittant.
998 3621 1133 3688 Dourinus
