2498 3966
72 10 132 76 ’,π

379 218 461 262 sinen
484 217 639 264 sacunnus.
941 201 999 266 ’133

27 316 127 392 aiunt,
144 316 223 380 bons
236 317 435 380 ecclesiastiea
453 316 524 378 :sed
535 335 572 378 ex
585 316 673 378 dictis
687 335 777 400 supra
792 318 897 398 (5379,
909 321 1000 398 5389)

27 407 155 468 omnino
168 413 213 467 est
221 405 445 482 affirmandum,
461 407 532 486 quia
545 422 648 467 revera
662 404 728 468 haec
741 406 847 470 salaria
862 415 932 470 sunt
951 406 1002 470 bo

29 513 103 557 num
118 495 371 573 ecclesiasticum,
390 501 493 576 utpote
506 493 647 556 Ecclesiae
660 493 774 557 debita.
810 497 841 557 in
855 514 1001 578 compen-

29 585 177 648 sationem
192 585 343 647 bonornns
361 586 378 646 1
393 583 546 646 Gubernio
560 589 788 664 usurpatorum,
804 592 894 667 prout
907 585 1002 668 stipu-

30 673 124 736 latum
136 672 232 736 luilin
246 672 431 735 Concordato
446 675 520 734 1891
546 691 553 732 :
574 670 655 734 unde
674 673 705 734 S.
726 673 949 736 Poenitentiaria
963 675 1002 738 de

30 762 74 824 his
86 761 231 833 ,consulta
249 761 362 844 pluries
381 761 537 843 respondit
550 779 586 823 ea
606 760 712 824 salaria
731 761 851 824 induere
864 771 1002 825 notorum

32 851 234 934 emesinorum
254 869 303 913 eeu
323 849 457 912 bonorum
473 849 732 912 ecclesiasticorum
748 871 757 912 ε
772 851 815 913 sic
828 851 955 916 habetur
972 855 1004 915 in

32 945 91 1003 unt
111 959 152 1003 ex
165 941 231 1020 ejus
241 939 488 1022 responsionibus
504 958 512 1000 τ
530 963 544 999 o
561 944 606 1002 nn
620 939 726 1003 salaria
739 959 808 1021 quae
822 943 854 1002 in
869 941 972 1025 Belgio
987 945 1005 1005 b

33 1051 47 1090 n
70 1029 227 1092 Gubernio
240 1029 396 1092 solvuntur
405 1028 573 1110 pastoribus
580 1036 609 1090 et
620 1029 778 1092 Canonicis
787 1029 912 1092 induant
921 1041 1005 1094 notu

38 1142 46 1177 ›
71 1138 138 1179 rom
148 1117 1005 1200 beneficiorumseuhoncmamecclesiostieorum‚etennexom

33 1207 198 1270 blamont
225 1207 429 1288 oblipotionern
459 1207 649 1270 r'ndoerentenr
678 1207 724 1269 bis
759 1207 865 1288 lonis,
895 1211 1007 1274 scilicet

33 1323 46 1354 n
70 1298 206 1360 striclam
216 1297 428 1360 etcanonicam
436 1295 648 1378 obligationem
656 1296 845 1379 expendendi
854 1300 1008 1381 superflua

33 1411 47 1446 1
71 1386 257 1468 pauperibus
270 1404 324 1449 seu
337 1385 395 1469 piis
408 1384 506 1447 causis
519 1389 551 1448 et
567 1385 753 1465 residentia,
769 1387 825 1449 sub
840 1391 929 1470 poent
944 1407 1005 1451 non

34 1501 47 1532 n
71 1475 203 1538 faciendi
224 1474 338 1538 tructus
359 1473 455 1537 suos?
471 1509 512 1520 -
527 1475 558 1536 S.
584 1474 822 1554 poenitentiario,
849 1478 1005 1559 perpensis

34 1589 48 1622 n
71 1563 233 1646 expositis,
248 1563 403 1646 respondit
413 1565 476 1644 jam
497 1563 570 1625 aliis
583 1565 600 1626 d
611 1565 643 1626 S.
659 1563 746 1640 Sede,
762 1564 800 1628 de
814 1567 944 1629 Consilio
959 1587 1006 1631 se-

34 1654 159 1718 aleotte
186 1653 347 1736 Congreg„
375 1669 555 1734 responsum
582 1651 673 1715 luisse
699 1653 885 1716 affirmative.
910 1679 926 1714 s
954 1659 1008 1720 Die

36 1748 71 1806 19
85 1743 148 1806 'an.
166 1745 255 1806 1819.

76 1764 180 1894 illitera
192 1831 310 1894 Decisio
323 1831 366 1894 sio
380 1829 471 1893 habet
486 1849 494 1890 ε
509 1851 525 1889 «
542 1833 586 1890 nn
597 1833 753 1912 responsio
765 1849 820 1914 pro
834 1833 938 1916 Belgio
947 1833 1006 1897 diei

37 1947 49 1980 a
75 1927 112 1986 19
124 1922 189 2002 jan.
201 1924 294 2000 1819,
305 1919 447 2002 applicari
459 1917 565 1980 debeat
575 1918 774 1982 solr'ssoloriis
783 1920 851 1983 fixis
866 1925 957 1998 1,090
969 1923 1005 1984 fr.

38 2038 50 2068 n
73 2030 132 2094 pro
145 2009 296 2092 parochis,
311 2017 340 2071 et
349 2011 409 2072 '150
423 2026 478 2089 pro
489 2006 743 2086 deservientibus,
758 2010 804 2072 vel
818 2010 938 2072 extendi
954 2011 1006 2073 de·

39 2125 50 2155 n
75 2102 147 2163 beat
159 2098 198 2162 ad
215 2099 382 2161 oblationes
401 2097 558 2160 fidelium?
573 2131 610 2142 -
626 2099 657 2160 S.
682 2099 902 2162 Poenitentiaria
916 2119 1008 2183 super

42 2215 54 2245 1
76 2185 1008 2272 novitercspositisrespondendumcensuilnffinnotiodquoad

40 2305 53 2334 n
76 2280 208 2362 primam
226 2284 358 2359 partem3
380 2274 513 2358 nepotiod
531 2277 602 2338 verb
624 2277 725 2358 quoad
747 2279 923 2342 secundam.
955 2279 1010 2342 Die

38 2393 52 2425 n
75 2373 94 2432 9
108 2387 182 2449 aug.
198 2371 314 2430 ruat.»

75 2456 201 2520 nedem
226 2454 395 2518 decisiones
415 2456 492 2518 dale
514 2455 705 2536 lueruntpro
719 2455 823 2532 Gallia,
845 2455 943 2536 qualis
965 2465 1010 2518 est

37 2566 131 2630 quarn
145 2564 237 2628 supra
250 2545 408 2608 retulimus
422 2546 536 2626 (5380).
552 2543 627 2604 Vide
637 2545 778 2623 Lequeux
790 2547 835 2622 (11ο
847 2548 946 2620 1919),
957 2544 1009 2625 qui

38 2635 194 2718 probabile
216 2641 334 2715 reputat
355 2634 493 2696 eamdem
511 2631 696 2694 decisionem
716 2649 781 2694 esse
799 2632 1008 2715 applicandam

37 2725 257 2810 supplementis
270 2743 339 2806 quae
352 2725 371 2785 9
385 2722 559 2803 municipiis
571 2728 762 2803 prestantur.

451 2871 604 2919 sellom.

77 2985 170 3045 5117.
193 2977 270 3044 Utile
279 2975 418 3041 ducimus
426 2976 476 3038 hic
486 2976 625 3057 quaedam
634 2982 779 3038 annotare
791 2977 872 3041 circa
885 2979 1011 3060 quotila·

37 3079 99 3133 lem
113 3069 389 3133 emolumentorum
403 3065 492 3128 bodie
508 3065 541 3126 in
563 3064 657 3126 Gallia
677 3065 820 3128 ministris
837 3067 978 3132 Ecclesiae
992 3071 1009 3131 d

37 3159 195 3224 Gubernio
206 3157 483 3242 persolvendorum.

79 3249 283 3314 Ascribuntur
296 3265 369 3328 ergo
383 3250 414 3308 l·
428 3243 822 3324 cardinalibus.(snppress.)
859 3249 969 3326 19999
976 3246 1007 3288 ¹¹·

37 3343 118 3405 ultra
129 3338 334 3403 emolumenta
344 3336 415 3418 ipsis
424 3334 573 3415 assignata
582 3340 725 3414 tanquam
735 3333 819 3415 Epis·

35 3432 126 3513 copis
142 3435 196 3492 aul
214 3425 470 3507 archiepiscopis,
486 3431 517 3484 et
530 3429 638 3504 pretor
653 3425 764 3497 30,000
778 3422 815 3486 lr.

34 3540 108 3604 quae
133 3519 205 3602 ipsis
226 3516 438 3600 persolvuntur
451 3519 596 3594 tanquam
612 3510 814 3573 senatoribus.

79 3601 657 3686 ί,911191ιί99199οωΡ91191911911111119.
700 3641 710 3660 ·
752 3641 761 3659 ·
806 3641 815 3662 .
865 3603 974 3664 15900
1014 3609 1021 3660 1
