2416 3954
349 225 434 268 sinna
455 221 613 267 srcuuous.
914 206 971 265 533

31 319 95 380 oertd
109 326 204 400 peccat
224 322 247 382 si
273 321 400 383 famulos
417 321 561 402 impediat
582 319 704 380 missam
726 318 831 380 audire
850 319 974 400 quando

32 405 129 468 illorum
142 409 334 472 ministerium
348 409 404 471 sibi
426 426 489 470 non
508 414 551 470 est
565 407 784 469 necessarium:
801 407 858 489 ipsi
872 415 972 470 autem

32 491 114 556 innuli
127 503 260 559 tenentur
272 507 344 560 tunc
363 497 486 574 audire,
501 501 610 557 contra
629 495 743 556 domini
762 497 899 574 jussum,
916 497 974 557 nisi

32 599 130 658 gravent
142 583 373 665 indignationem
386 587 544 662 timerent,
560 583 605 646 vei
614 583 670 644 nisi
687 583 786 646 statim
800 581 881 647 etde
894 582 974 647 taciti

33 687 79 730 non
92 682 202 751 possent
213 675 303 736 aliurn
317 673 475 736 dominum
490 673 637 740 invenire.

62 767 160 832 Pariter
169 778 323 834 excusatur
333 789 420 848 uxor,
435 771 459 832 si
470 789 506 832 cx
521 789 643 832 accessu
652 769 690 833 ad
700 770 858 834 ecclesiam
871 772 976 835 timeat

32 873 130 933 gravem
143 857 375 942 indignationem
388 860 443 921 viri
462 859 597 920 iracundi
615 859 661 920 vel
684 857 810 940 zelotypi
826 879 834 934 ;
851 878 937 922 secus
950 861 974 922 si

33 941 118 1007 terem.
138 947 180 1008 Ex
205 950 284 1026 iusta
310 952 401 1010 causa
428 955 528 1027 posset
555 952 639 1027 pater
663 947 797 1008 detinere
819 947 976 1011 filiumvet

33 1028 121 1112 itiam,
134 1033 209 1097 dumi
224 1037 360 1099 clausum
374 1037 419 1098 vel
434 1035 566 1097 clausam
581 1035 613 1096 in
628 1053 769 1116 pienum,
788 1035 844 1097 etsi
854 1035 977 1096 missam

33 1135 80 1179 non
99 1122 201 1185 audiat.
217 1126 259 1203 (S.
276 1126 410 1205 Lignum,
422 1124 477 1201 it,
494 1125 619 1201 n⁰327.)

62 1221 137 1282 tam.
158 1222 285 1284 Excusat
308 1221 404 1302 graiis
426 1220 583 1281 difficultas
603 1221 694 1282 eundi
710 1220 746 1282 ad
768 1220 926 1283 ecclesiam
940 1219 980 1282 ob

33 1303 193 1386 distantiam
209 1328 350 1390 quaenam
364 1310 435 1370 verd
453 1309 579 1371 subiciat
598 1309 753 1387 distantia,
769 1309 827 1371 hoc
843 1308 990 1392 judicor-¹

34 1389 91 1452 dum
118 1401 159 1457 est
188 1417 224 1460 ex
251 1397 485 1460 circumstantiis
509 1413 671 1477 personae,
706 1397 869 1479 temporis,
899 1403 978 1460 otc:

34 1479 159 1545 ordinarie
171 1493 294 1548 excusat
313 1485 451 1546 distantia
472 1484 564 1546 leucae
579 1485 639 1546 sive
655 1485 745 1547 trium
762 1485 936 1546 milliarium
951 1484 980 1545 id

34 1575 67 1628 est
83 1571 163 1633 unius
179 1574 261 1637 borae
284 1574 339 1636 iter
362 1573 488 1654 pedibus
510 1573 627 1652 agentis
643 1575 665 1649 ',
690 1579 721 1636 et
740 1575 841 1635 minus
860 1573 883 1634 si
904 1581 982 1634 esset

34 1656 146 1721 molestia
155 1659 240 1741 nivis,
251 1661 366 1732 imbris,
379 1661 423 1722 vel
439 1662 496 1723 aba
512 1681 599 1723 causa
612 1709 619 1737 ,
630 1667 663 1722 ut
678 1661 815 1723 debilitas
829 1661 924 1722 aetatis
936 1660 981 1722 vei

34 1748 105 1806 serris
125 1747 153 1808 in
172 1749 208 1810 iis
230 1749 285 1832 qui
307 1749 487 1810 itinerationi
512 1767 572 1809 non
596 1754 666 1810 sunt
689 1751 817 1827 assueti,
832 1754 868 1810 ut
887 1748 984 1810 soient

34 1848 83 1894 esse
103 1837 212 1900 nobiles
236 1840 280 1916 (S.
296 1838 431 1918 trgum„
447 1837 508 1910 it,
530 1848 563 1896 n⁰
585 1840 665 1910 329).
687 1839 754 1898 Non
768 1841 984 1899 excusarentur
1002 1905 1005 1912 ,

34 1925 115 1982 tanen
127 1931 198 1988 tunc
211 1923 329 1988 nobiles
343 1927 367 1986 si
382 1930 504 2006 possent
517 1943 608 1986 curru
622 1923 691 1986 duci
707 1923 745 1985 ad
759 1923 927 1986 ecclesiam.
998 1985 1001 1991 .

64 2019 240 2086 Excusantur
259 2022 374 2098 viduae,
391 2021 460 2082 iiliae
478 2027 508 2082 et
521 2039 655 2094 sorores,
672 2021 787 2083 ratione
802 2021 898 2084 luctus
912 2022 983 2102 (nnn

35 2107 116 2168 tanen
129 2110 203 2172 ultra
226 2113 386 2188 mensem),
411 2109 469 2169 nisi
493 2105 616 2170 ddomo
636 2109 700 2188 J'am
718 2127 846 2191 egressas
859 2109 986 2173 fuissent

35 2201 137 2276 propter
149 2199 220 2261 alias
233 2217 351 2261 causas.

66 2293 137 2356 Bene
149 2300 332 2358 excusantur
346 2295 486 2357 mulieres
499 2313 562 2357 non
580 2295 723 2360 habentes
736 2314 833 2360 vestes
846 2297 988 2360 decentes

34 2375 101 2453 juxta
113 2401 199 2448 suurn
214 2390 338 2459 statum,
349 2383 393 2444 vet
408 2382 553 2445 famulum
565 2390 617 2446 aut
629 2384 784 2462 famulam,
800 2387 866 2447 sind
879 2387 988 2466 quibus

36 2485 128 2547 nngno
137 2473 248 2534 rubore
258 2471 501 2534 suffunderentur
512 2491 519 2532 :
532 2473 588 2534 nisi
598 2473 682 2534 valde
692 2490 782 2534 mane
797 2472 888 2534 autin
897 2473 990 2534 eccle

36 2555 69 2614 sii
79 2576 133 2619 non
142 2560 331 2641 frequentati
341 2565 464 2640 possent
478 2561 599 2621 missam
614 2559 728 2620 autiire.

69 2656 260 2718 tixcusaretur
274 2656 365 2718 ctiam
388 2656 488 2737 puelia
507 2655 664 2716 inhoneste
685 2673 865 2736 praegnans,
886 2655 943 2716 nisi
960 2653 991 2716 in

38 2739 123 2822 atiquo
137 2745 203 2807 ioco
213 2743 330 2806 occulte
345 2749 375 2805 et
387 2745 451 2806 sind
466 2747 537 2806 nott
551 2749 650 2824 posset
663 2743 762 2804 missae
776 2743 931 2805 interesse.

70 2845 150 2904 ibib.
174 2845 364 2903 Excusantur
378 2841 486 2923 puellae
496 2860 564 2922 quae
572 2839 742 2902 abecctesit
750 2847 863 2902 exeunt
872 2840 993 2922 quando

41 2923 105 2990 bunt.
115 2929 363 3010 proclamationes
373 2949 427 3010 pro
437 2948 541 2992 earum
551 2929 752 3005 matrimonio,
764 2928 817 2990 etsi
827 2929 995 2992 ideoomit·

40 3021 237 3094 adsacrum,
252 3018 276 3080 si
291 3017 330 3080 ob
344 3017 375 3079 id
389 3017 551 3080 notabilem
559 3016 770 3080 verecundiam
779 3019 840 3098 pati
851 3018 994 3098 debeant,

42 3105 131 3167 sautem
144 3107 195 3168 ubi
207 3106 291 3168 adest
303 3106 369 3167 tatis
378 3105 574 3168 consuetudo.
585 3105 697 3168 Pariter
711 3103 898 3170 consuetudo
909 3127 997 3173 crcu-

42 3201 77 3252 sat
89 3211 249 3276 puerperas
261 3193 343 3256 domi
359 3213 391 3256 se
404 3195 592 3256 continentes
606 3201 673 3275 post
686 3202 806 3274 partum
815 3215 869 3275 per
877 3198 998 3279 aliquod

43 3283 160 3362 ternpus,
175 3303 204 3344 v.
221 3303 264 3363 g.,
281 3302 332 3364 per
347 3302 399 3344 sex
412 3283 635 3359 hebdomadas,
650 3283 740 3345 etiam
755 3291 914 3366 postquam
929 3305 1000 3350 con·

43 3367 186 3432 valuerint.
200 3372 243 3450 (S.
259 3373 393 3453 lignun,
409 3371 461 3433 lib.
477 3373 507 3449 3,
523 3381 557 3432 n⁰
567 3375 649 3450 330.)

71 3529 78 3555 ¹
93 3527 177 3582 Nescio
195 3543 240 3580 cur
257 3531 283 3580 P.
303 3531 367 3596 Gury
389 3531 455 3581 dicat
471 3532 534 3583 banc
557 3531 698 3582 distantiam
716 3547 766 3582 non
784 3547 923 3595 excusare,
946 3537 1001 3586 cbrn

47 3600 116 3649 tamen
126 3597 274 3652 sententiam
287 3601 313 3651 S.
326 3601 435 3666 biguorii
445 3601 511 3652 dicat
523 3617 550 3655 sc
557 3603 700 3668 exprimere.
712 3601 780 3666 (Vide
788 3609 848 3653 torn.
863 3605 885 3664 t,
900 3617 928 3652 ne
937 3605 1002 3667 ast.)

838 3687 921 3744 rou·
