2452 3946
205 229 220 252 ·“
274 265 279 272 -
363 233 473 293 undo
494 243 652 294 securibus.
961 229 995 290 73

74 345 993 424 rium,raustritinerisvetvisitationisiiideDecr.Ciem.Xi,

74 439 106 497 15
118 437 180 496 der.
198 439 282 512 1103,
293 439 376 518 apud
391 439 423 500 S.
437 438 780 517 tigoor.,l.e‚-n⁰1359.
791 447 855 499 not.
872 435 935 500 ΙΙΙ.

103 525 297 604 Enipiudior
324 535 428 588 autem
452 527 482 588 in
506 529 596 588 Brevi
626 529 692 588 dies'
707 529 912 589 solemniores
941 545 991 605 per

73 634 183 677 annum.
207 617 403 694 tnerrogeta
429 634 504 678 vero
538 617 568 677 S.
586 616 622 678 C.
653 618 708 692 R.,
725 617 757 677 in
782 617 931 686 Romano,
960 617 993 676 ii

72 707 146 783 aprii.
160 707 247 767 1896:
261 731 273 762 ι
286 707 420 779 Quinam
435 723 508 768 vere
519 707 582 766 sint
592 707 875 770 solemnioresdirs
888 709 918 766 in
929 706 992 784 qui·

72 819 83 850 ·
95 795 146 857 bus
160 813 215 873 pro
227 797 375 857 omnibus
388 796 546 871 peculiare
560 795 723 857 indultum
737 794 994 859 nonhabemibus

73 885 189 945 »misrae
204 893 278 945 sunt
302 885 406 944 vetitae
423 885 453 944 in
473 885 602 961 privatis
617 885 767 946 oratoriis
788 911 816 960 a,
832 881 995 962 reposuit:

72 971 133 1032 »ilii
149 991 201 1051 per
215 992 248 1032 se
258 980 335 1034 sunt
345 973 556 1034 solemniores
567 973 597 1033 in
614 992 687 1038 casu
701 975 757 1052 qui
772 973 995 1036 describuntur

72 1087 83 1117 ι
99 1062 127 1122 in
140 1064 270 1124 Cerem-
290 1063 448 1142 Episcop,
464 1062 489 1123 l.
508 1063 547 1140 lt,
564 1081 591 1124 c.
608 1065 657 1138 34,
676 1083 707 1124 n.
730 1063 760 1134 2,
777 1072 809 1124 et
830 1067 995 1126 servantur

72 1151 125 1212 ode
158 1160 317 1232 praecepto
350 1175 380 1211 ».
405 1150 564 1227 iamvero,
590 1151 659 1215 dies
681 1153 798 1214 ibidem
825 1155 994 1216 enumerati

71 1248 130 1302 sunt
154 1248 349 1322 sequentes:
377 1241 541 1314 Nativitas,
567 1242 752 1320 Epiphania,
784 1245 914 1316 Pascha,
940 1247 1011 1308 As·-

71 1331 168 1404 ueusio,
184 1331 398 1403 Pentecostes,
421 1329 450 1390 S.
468 1330 595 1408 Joseph.
613 1329 833 1409 ennuntiatio,
853 1334 995 1412 Concep-

71 1421 112 1493 rio,
125 1420 163 1480 SS
196 1421 251 1498 Ap.
272 1419 357 1478 Petri
372 1423 402 1477 et
421 1418 522 1490 Pauli,
546 1419 687 1480 omnium
704 1421 906 1495 Sanctorum,
921 1423 994 1484 titu-

70 1509 130 1568 uris
151 1509 302 1579 eccesiae,
331 1507 585 1568 anniversarium
618 1509 829 1571 Dedicationis
857 1513 995 1574 ecciesiae

70 1598 250 1672 attrebatis,
266 1597 323 1656 ier.
345 1596 414 1656 Vin
428 1595 521 1657 Coena
537 1597 661 1658 Domini
684 1617 692 1674 ς
710 1599 825 1677 quibus
851 1601 996 1662 addenda

70 1685 170 1747 ridetur
184 1686 372 1748 solemnitas
386 1684 532 1762 Corporis
555 1685 679 1746 Christi.
697 1689 756 1749 Sed
768 1689 996 1749 attendendum

69 1775 240 1838 estinduttis
257 1772 557 1852 specialibusQuod
568 1774 596 1832 si
613 1774 701 1834 liceat
718 1776 888 1835 celebratio
900 1777 932 1836 in
947 1775 997 1836 die

69 1864 220 1926 Nativitatis
237 1863 376 1936 Domini,
390 1867 466 1924 tunc
490 1871 556 1923 tres
580 1863 680 1923 Missae
709 1861 864 1924 celebrari
881 1863 996 1938 valent,

70 1969 95 2012 cx
108 1953 134 2012 S.
146 1953 177 2014 G.
193 1955 242 2025 G.,
259 1954 299 2012 20
309 1953 436 2029 januar.
453 1952 543 2012 1725.

96 2042 165 2104 ibit
188 2043 290 2103 Breve
305 2039 518 2102 concessionis
530 2041 605 2102 oiim
627 2039 824 2120 dirigebatur
838 2043 878 2105 ad
892 2041 997 2104 indul-

68 2134 174 2210 onom
188 2134 209 2194 h
225 2129 286 2192 dio
300 2129 718 2205 veroadOrdinariomioci,
728 2136 760 2192 et
774 2139 820 2194 est
836 2136 997 2212 sequentis

69 2222 167 2282 porois
185 2239 193 2282 :
214 2218 475 2297 «Exponendum
493 2219 614 2279 curavit
633 2219 728 2280 Nobis
743 2220 879 2283 dilectus
903 2223 997 2284 Filius

69 2333 79 2362 a
96 2311 128 2372 N.
145 2314 196 2386 N.,
213 2317 277 2370 toae
290 2307 420 2370 istius...
436 2308 592 2383 dioecesis,
620 2307 678 2368 sibi
696 2328 751 2387 pro
767 2328 825 2371 sua
840 2311 997 2390 spirituaii

68 2400 306 2462 »consotatinne
326 2397 358 2457 in
379 2397 460 2458 votis
485 2416 567 2472 esse,
584 2405 617 2458 ut
630 2397 662 2458 in
684 2399 813 2476 privatis
833 2400 997 2464 domorum

66 2511 77 2542 r
97 2487 998 2552 snaebabiiationisoratoriissacrosanctumMissaesacri-

65 2605 76 2632 r
95 2579 195 2640 ficium
211 2577 388 2659 (ceiebrere
402 2575 468 2657 vet)
481 2577 635 2637 celebrari
658 2577 773 2648 iacere,
790 2581 961 2656 impetrata
980 2601 998 2643 a

65 2689 77 2722 s
96 2669 185 2729 u-·bis
208 2665 312 2740 venia,
333 2671 442 2744 queet.
458 2666 520 2726 Nos
535 2671 696 2728 oratorem
716 2666 845 2741 speciali
864 2669 998 2726 benevo-

63 2781 74 2811 ω
94 2755 342 2836 tentiaprosequi
358 2755 509 2829 volentes,
526 2763 594 2818 ct...
609 2753 691 2828 Tibi,
707 2754 907 2813 venerabilis
923 2754 999 2813 Fra-

64 2871 75 2900 n
95 2852 150 2924 ter,
165 2865 219 2926 per
242 2851 416 2924 praesenies
436 2845 659 2908 committimus
676 2849 845 2924 quatenus,
863 2841 999 2903 consiito

63 2955 74 2990 r
95 2938 146 2996 tibi
161 2935 198 2997 de
212 2934 363 3004 narraris,
379 2932 481 2994 eidem
498 2933 677 3012 exponenti,
691 2937 727 2994 ut
738 2932 805 3010 ipse
820 2932 851 2992 in
867 2933 1000 3010 privatis

63 3047 74 3078 r
94 3026 257 3087 domorum
279 3041 343 3085 suae
363 3022 571 3084 habitationis
593 3023 757 3086 incivitate
776 3040 814 3083 ac
833 3021 998 3082 dioecesi...

63 3133 73 3168 ι
94 3109 1000 3176 existentiumoratoriis.adbocdecentermuroeiitructis

63 3229 73 3258 ι
95 3213 123 3266 et
139 3204 258 3266 ornatis
273 3221 329 3264 eeu
353 3202 540 3264 extruendis
559 3208 592 3265 et
611 3203 772 3264 ornandis
793 3203 833 3264 ab
853 3201 1000 3264 omnibus

63 3317 75 3344 ο
95 3293 271 3356 domesticis
290 3293 401 3355 usibus
418 3291 536 3366 tiberis,
553 3311 611 3371 per
625 3299 655 3354 te
677 3292 843 3356 visitandis
860 3292 948 3370 prius
970 3296 1002 3354 et

63 3407 74 3438 o
94 3383 304 3463 approbandis
318 3381 423 3460 deque
435 3385 480 3444 iui
491 3383 616 3446 licentia
627 3383 756 3444 arbitrio
769 3383 1000 3460 tnoduretura,

65 3495 76 3527 a
95 3491 187 3534 unum
204 3477 326 3536 tontum
343 3475 470 3536 Missam
483 3493 539 3552 pro
552 3490 742 3552 unoquoque
754 3471 997 3547 die,dummodo

64 3585 76 3618 v
96 3562 209 3626 eisdem
232 3564 267 3628 in
286 3564 433 3627 domibus
453 3561 637 3626 celebrandi
656 3560 783 3622 licentis
802 3577 873 3639 quoa
893 3558 998 3620 adbuc

152 3689 179 3736 τ.
200 3689 245 3740 m.
882 3663 901 3724 ³
