2420 3968
312 127 461 156 wan·-
519 131 531 152 ι

377 223 462 269 ornan
482 216 641 268 secuuuur.
935 207 990 268 501

50 314 193 392 quominus
205 317 382 384 beneficium
397 317 562 400 accipiant,
578 323 629 380 aut
641 315 757 380 fructus
769 317 946 402 percipiant.
959 321 992 380 ln

50 418 109 464 asu
120 406 183 467 verb
196 405 252 470 litis
272 427 362 491 super
375 406 579 484 beneficium,
594 405 619 468 si
633 405 843 470 beneficiarius
853 405 916 487 jam
930 406 993 470 fue·

48 490 81 550 rit
98 489 212 576 adeptus
230 499 449 581 possessionem
468 495 629 573 beneficii,
653 495 707 557 etai
730 494 846 558 fructus
859 495 899 558 ob
912 495 994 560 litem

49 579 167 644 nondum
179 587 330 672 percipiat,
354 593 472 650 tenetur
485 585 523 648 ad
537 583 672 647 officium
683 581 786 665 siipse
799 603 884 668 spem
899 603 995 648 mora-

49 665 104 729 liter
122 677 227 738 oertam
248 676 356 739 hebeat
368 673 527 751 vincandi;
552 691 640 737 secus
658 672 683 735 si
698 672 775 735 absit
788 673 854 737 haeo
872 693 951 757 spes,
966 682 993 738 et

48 755 158 824 dubium
169 763 204 826 sit
216 765 264 830 oui
280 763 471 846 adjudicandi
489 769 577 827 erant
588 761 722 844 praedicti
743 761 859 826 fructus
877 771 928 826 :et
939 765 995 828 hoc

47 847 146 945 etiarnsi
159 849 365 919 beneficiarius
389 854 629 918 emolumentum
643 869 681 914 ex
693 850 838 914 fructibus
858 851 996 916 beneficii

47 942 289 1090 fflemipeffit‘
316 943 369 1008 sed
382 943 423 1008 ob
441 943 583 1006 mentuale
605 940 770 1005 servitium.
793 941 836 1020 (S.
860 941 994 1024 Lignor„

57 1041 63 1082 ¹
84 1071 90 1086 .
129 1076 136 1106 ,
151 1033 282 1116 10001.)

79 1119 159 1180 5081.
180 1123 311 1186 'tenetur
322 1121 413 1187 horae
431 1123 557 1188 recitare
570 1121 597 1184 ie
609 1118 664 1203 qui
676 1119 745 1184 iicet
763 1137 870 1183 ornnes
883 1118 998 1183 fructus

48 1219 108 1266 suos
119 1225 177 1271 non
192 1213 333 1295 recipiat,
349 1213 411 1276 sive
424 1231 462 1276 ex
476 1214 531 1275 sub
543 1209 634 1292 culpa
653 1209 715 1272 sive
729 1227 790 1272 non
804 1255 812 1287 ,
827 1209 934 1291 recipit
954 1216 998 1270 ta·

48 1307 108 1356 roan
129 1305 241 1379 partem
262 1321 331 1384 quae
345 1301 455 1365 sufficit
474 1300 513 1362 ad
537 1298 800 1376 sustentationem
824 1298 895 1362 item
914 1307 998 1361 tene-

47 1383 88 1440 tur
98 1387 144 1465 qui
159 1391 263 1469 primis
276 1391 366 1454 annia
383 1391 492 1473 parium
511 1388 637 1471 recipit,
651 1388 689 1451 eb
714 1387 796 1469 quod
813 1386 928 1451 fructus
947 1407 998 1450 eu·

48 1471 143 1548 penda
152 1477 183 1540 in
196 1479 404 1544 substitutum.

79 1563 102 1622 Α
114 1572 193 1645 patre
206 1575 329 1632 coactus
342 1568 380 1631 ad
393 1573 504 1632 statum
517 1565 765 1645 ecclesiasticum,
780 1566 804 1628 si
814 1566 877 1648 ipse
887 1565 1000 1630 fructus

48 1653 186 1734 percipiat,
200 1657 238 1720 ad
255 1658 346 1721 boras
358 1662 495 1732 tanetum
512 1673 620 1732 secus,
639 1654 815 1736 sipercipiat
830 1661 933 1736 pater,
948 1655 1000 1736 qui

46 1743 70 1797 et
81 1738 139 1889 ipae
150 1745 187 1808 ud
200 1746 422 1810 restitutionem
434 1745 594 1826 obligatur.
606 1743 706 1824 (Apud
716 1743 745 1806 S.
754 1743 890 1824 Lignor„
905 1743 957 1804 lib.
968 1747 1000 1820 4,

46 1833 73 1885 n
104 1833 163 1912 44.)

80 1919 122 1981 bn
133 1927 293 1988 teneantur
311 1924 333 1986 ii
353 1923 406 2007 qui
419 1921 519 2005 primo
531 1923 685 1984 autetiam
700 1919 833 1986 secundo
846 1937 927 1983 anno
940 1938 1002 1983 non

50 2008 200 2092 percipiunt
214 2013 352 2092 tructus,
367 2013 405 2076 ed
425 2009 507 2094 qudd
527 2013 718 2092 assignentur
737 2009 856 2072 fabrica
869 2009 914 2072 vel
930 2027 1004 2091 prae-

49 2093 180 2164 decesson
202 2101 366 2182 defuncto,
387 2099 566 2184 quinetiam
589 2099 645 2182 ipsi
668 2105 736 2182 post
753 2103 882 2162 mortem
895 2097 1004 2162 eodem

48 2185 187 2272 privilegio
200 2190 321 2255 fruituri
335 2197 416 2266 sunt,
434 2189 682 2266 controvertitur;
698 2188 751 2252 sed
765 2187 911 2250 sententia
924 2187 1004 2250 atiir·

46 2289 121 2338 nans
146 2280 341 2343 communior
366 2279 493 2342 uidetur.
519 2277 594 2342 Vide
619 2279 653 2342 S.
681 2277 857 2362 Liguorium
881 2277 945 2358 (lib.
965 2281 1002 2351 4,

46 2375 73 2421 u
87 2369 155 2444 rra,
170 2373 227 2450 30).

77 2457 162 2520 5088.
178 2461 255 2522 item
265 2457 494 2520 controvertitur
507 2473 546 2519 an
559 2454 598 2519 ad
618 2455 751 2518 officium
765 2461 901 2518 teneatur
914 2455 940 2516 is
953 2454 1004 2535 qui

45 2536 220 2609 beneficium
232 2552 324 2610 tenue
337 2546 446 2622 babet3
462 2545 644 2606 recentiores
653 2551 755 2606 umen
766 2544 861 2624 magis
872 2561 1007 2604 commu-

46 2629 259 2698 uitcrvidentur
269 2652 390 2717 negare,
399 2634 573 2698 etnituntur
584 2629 680 2713 capite
689 2633 719 2694 lo
727 2631 787 2709 cui,
800 2629 1006 2708 cerretano,

47 2715 72 2778 in
84 2725 125 2799 6⁰,
139 2725 193 2786 ubi
207 2724 336 2787 dicitur:
355 2723 469 2786 olscui
483 2721 677 2800 conceditur,
693 2721 866 2783 auctoritato
882 2721 1007 2799 Aposto-

45 2828 57 2864 ι
79 2809 133 2874 tica
151 2814 207 2876 uni
230 2831 367 2895 personae
386 2811 502 2874 idoneae
517 2809 548 2872 in
569 2813 622 2872 sud
636 2810 680 2871 vel
695 2808 753 2872 alia
771 2807 899 2872 ecclesia
910 2806 1009 2888 provi-

45 2899 168 2980 idere,
193 2900 283 2966 alicui
303 2899 384 2964 aliud
406 2899 555 2982 sufficiens
585 2897 751 2980 beneficium
770 2895 917 2960 obtinenti
939 2913 1009 2977 pro-

44 3003 57 3042 n
79 2987 178 3054 videre
194 3009 256 3054 non
270 2996 408 3073 potest.»
432 2990 512 3070 Ergo
525 2987 681 3070 providere
703 2993 803 3069 posset
827 2984 1009 3048 beneficium

46 3091 102 3138 non
116 3079 271 3144 sufficiens
283 3077 448 3155 obtinenti3
470 3095 543 3158 ergo
554 3083 646 3141 tenua
659 3075 840 3140 beneficium
854 3080 888 3138 ut
905 3093 1009 3138 verum

45 3159 226 3232 beneficium
239 3185 303 3232 nou
315 3173 361 3232 est
373 3165 558 3230 habendum.
574 3164 650 3228 Vide
664 3165 696 3228 S.
711 3164 885 3246 Lignoriurn
899 3162 963 3243 (lib.
977 3165 1008 3242 3,

45 3257 170 3332 10618).

81 3349 172 3411 5089.
196 3345 354 3421 Quodnam
366 3346 437 3409 vend
451 3343 636 3408 insufficiens
653 3361 707 3406 seu
723 3348 816 3406 boue
829 3341 1010 3406 beneficium

43 3434 81 3496 sit
91 3433 280 3514 babendum,
304 3434 508 3500 communiter
523 3435 585 3495 bb.
601 3437 726 3495 censent
744 3430 936 3512 probabiliter
953 3431 1011 3494 talc

44 3539 107 3586 esse
121 3525 220 3588 sinon
234 3527 383 3609 pertingat
395 3524 434 3586 ad
446 3521 564 3586 tertiam
573 3519 938 3604 partemsustentationis;
950 3535 1011 3580 sus-

45 3615 169 3676 tene-'o
183 3625 282 3678 autern
296 3613 463 3676 mensurari
475 3609 581 3681 debet.
595 3627 634 3671 eu
647 3605 906 3682 Vivd,secundirm
918 3605 1011 3668 diver·
