2434 3940
397 191 482 244 tram
504 195 661 244 secamus.
955 171 1007 244 nl

300 337 435 397 nortbm
449 351 488 396 ex
502 353 623 398 arruam
637 353 770 402 6616166.

81 535 87 548 ·
101 449 179 516 3909.
201 457 237 519 Ut
250 455 381 521 diximus
395 477 485 541 supra
499 462 616 538 (3786),
632 463 726 525 multa
740 463 809 542 alia,
824 464 861 527 ad
869 467 1006 530 Poniten

71 544 127 598 tnrn
135 546 300 622 spectantia,
315 555 478 610 tractantur
489 549 673 631 b'l'heologis
686 551 722 614 ad
732 571 808 632 quos
822 555 1015 632 remittimus:

71 627 178 692 sulliciat
189 637 302 696 tantbm
316 635 365 698 htc
379 637 478 700 adhuc
491 647 636 702 annotare
646 657 684 702 ex
699 641 819 703 Ititaali
832 643 979 704 Bonane.-

43 798 45 802 .
103 741 129 798 l·
149 745 206 804 rln
217 746 354 824 ecclesie,
366 765 426 810 non
441 755 543 810 autem
557 747 587 810 in
603 749 724 830 privatis
738 748 1019 829 aedibualsacerdosl

71 845 85 883 r
100 829 289 896 consessiones
301 836 414 912 audiat,
431 835 487 898 nisi
502 855 539 898 ex
553 842 644 900 eausa
659 837 839 915 rationabili,
854 857 935 920 quae,
950 841 1019 902 ciam

71 935 82 970 r
101 915 242 1000 inciderit,
264 925 380 988 studeat
394 932 495 986 tamen
510 924 540 990 id
554 925 671 988 decenti
686 945 722 989 ac
737 925 848 1008 patenti
866 927 932 988 loco
945 946 1020 1008 prar-

70 1025 81 1060 »
100 1012 177 1070 stare.
192 1031 207 1068 a
224 1045 263 1058 —
277 1015 310 1074 ln
326 1013 427 1076 multis
441 1023 542 1076 tamen
567 1015 659 1094 locis,
683 1015 832 1094 vimrum,
856 1017 1021 1098 praesertim

69 1093 241 1178 elericomm,
257 1102 472 1177 consessiones,
488 1103 748 1186 etiaminpriratis
763 1104 893 1180 aedibus,
905 1111 1021 1168 etextra

69 1199 153 1246 orsum
168 1187 358 1262 infirmitatis,
373 1191 438 1253 sine
451 1191 624 1254 difficultate
634 1185 809 1256 audiuntur.

99 1284 177 1348 3910.
194 1322 229 1334 -
245 1293 278 1350 2⁰
302 1311 316 1347 a
337 1289 452 1350 Habeat
469 1289 689 1367 (confessarius)
717 1291 748 1353 in
768 1291 896 1354 ecclesia
919 1293 1021 1356 sedern

69 1391 80 1426 r
98 1373 349 1452 confessionalem,
362 1379 392 1439 in
403 1383 463 1460 qut
471 1397 570 1441 sacras
579 1379 782 1442 confessiones
791 1381 938 1463 excipiat:
954 1401 1022 1464 quac

68 1461 174 1528 tsodes
187 1467 318 1547 patenti,
337 1467 502 1548 conspicuo
525 1475 556 1529 et
575 1473 645 1549 apto
666 1469 800 1532 ecclesie
822 1469 888 1532 loco
908 1473 1020 1552 posita,

67 1571 78 1604 r
98 1561 168 1615 crate
182 1555 332 1636 perforate
352 1556 430 1618 inter
452 1557 649 1638 poenitentem
665 1563 696 1619 61
717 1557 905 1621 sacerdotem
918 1559 956 1622 sit
976 1559 1022 1622 in-

66 1657 78 1693 r
97 1649 239 1706 stmcta.r

96 1743 437 1826 lnmultisditrcesibus,
447 1747 505 1811 sub
515 1748 652 1810 censuris
662 1748 835 1829 praecipitur
848 1768 923 1814 usus
937 1749 1024 1814 cratis

66 1829 219 1911 hujusmodi
246 1837 426 1920 perforatae,
454 1836 578 1920 quando
603 1837 702 1920 agitur
722 1835 761 1899 de
784 1835 1025 1902 confessionibus

68 1925 205 1988 muliebris
219 1930 324 1990 sends.

96 2028 205 2110 Optime
219 2036 306 2094 notat
320 2031 363 2093 De
377 2029 470 2092 Herdt
484 2031 564 2112 (pars
579 2031 610 2106 6,
626 2035 659 2088 n·
673 2029 722 2104 ta,
737 2025 777 2108 11)
788 2027 868 2110 qudd
883 2027 945 2092 sola
959 2048 1024 2094 cra·

66 2119 115 2191 tea,
139 2121 246 2181 saltem
267 2137 377 2202 parva,
402 2119 539 2182 sullicere
562 2134 624 2178 non
646 2116 784 2193 videtur;
810 2116 862 2178 scd
885 2122 1025 2182 convenit

67 2206 130 2281 qudd
149 2207 353 2271 confessarius
374 2209 393 2270 a
416 2207 581 2290 prenitente
604 2204 732 2268 totaliter
751 2205 789 2268 sit
806 2215 971 2289 separatus,
986 2209 1023 2272 ad

67 2290 232 2360 ebriandum
248 2296 389 2379 periculis
401 2305 431 2358 et
444 2294 678 2377 suspicionibus.

94 2397 162 2462 Ciam
176 2407 282 2463 autem
296 2399 381 2462 locus
394 2397 501 2460 debeat
514 2415 581 2459 esse
594 2395 797 2478 conspicuus,
813 2398 947 2480 sequitur
961 2416 1023 2462 non

64 2499 116 2548 esse
126 2487 320 2570 excipiendas
334 2487 494 2550 mulierum
502 2484 708 2549 consessiones
718 2493 787 2547 ante
798 2487 841 2547 vcl
851 2496 916 2567 post
925 2489 1023 2549 lucem

63 2571 109 2636 diei
124 2579 166 2656 (S.
184 2581 221 2640 lt.
238 2578 339 2654 (1.,ῒό
355 2583 443 2638 mart.
462 2579 555 2652 1686,
573 2583 605 2636 n⁰
620 2578 700 2638 aeto
714 2579 763 2652 2);
783 2573 829 2635 vel
844 2576 950 2640 saltem
969 2593 1022 2656 ap-

63 2666 229 2742 ponendum
241 2683 308 2728 esse
321 2665 424 2728 lumen
439 2667 494 2738 (De
509 2661 619 2742 Herdt,
635 2660 721 2731 ibid..
739 2661 830 2722 Debet
844 2664 898 2737 2⁰).

93 2769 282 2834 31111.--3ο
299 2791 315 2829 6
336 2771 489 2833 Poenitens
506 2768 728 2832 confessionem
747 2765 919 2846 generalem
934 2763 1024 2829 latina

62 2875 74 2910 r
94 2859 135 2920 rel
148 2859 264 2941 vulgari
278 2859 382 2940 lingue
397 2859 486 2934 dicat,
499 2858 632 2931 scilicet;
649 2853 808 2935 Confiteor,
824 2860 895 2930 etc,
910 2853 956 2916 vel
966 2853 1025 2918 sel-

61 2965 72 2999 6
94 2952 150 3010 lem
164 2956 267 3012 utatur
279 2947 327 3010 bis
340 2946 438 3010 verbis
460 2945 608 3026 Confiteor
622 2943 682 3006 Ileo
695 2941 902 3024 omnipotenti,
918 2949 948 3004 et
969 2942 1025 3004 n'tn'

63 3055 74 3088 r
95 3037 195 3101 Peter.
213 3041 337 3101 Peccata
357 3053 411 3098 sua
431 3036 539 3097 exinde
552 3033 750 3110 confiteatur,
775 3031 935 3111 adjuvante
948 3050 1024 3114 quo-

62 3125 280 3208 artescumque
311 3143 388 3208 opus
422 3123 511 3186 luerit
540 3119 714 3198 sacerdote,
746 3121 797 3202 qui
827 3119 1024 3184 confitentem

62 3231 73 3266 ι
96 3233 155 3277 666
178 3214 397 3298 reprehendet,
420 3213 476 3275 nisi
499 3209 604 3286 fruita,
622 3209 798 3285 uldicetur,
813 3209 1021 3289 contessione;

61 3321 74 3358 r
95 3321 193 3387 neque
207 3303 406 3386 interpellabit
418 3301 474 3363 nisi
489 3318 566 3383 opus
580 3297 669 3362 luerit
685 3297 798 3380 aliquid
814 3299 922 3361 melius
936 3301 1021 3362 intel·

61 3411 74 3447 r
95 3393 187 3474 ligere
202 3414 210 3456 r
225 3392 352 3476 proinde
365 3389 505 3453 fiduciam
520 3390 547 3450 ei
563 3387 692 3470 praebcat
713 3396 742 3451 et
761 3388 931 3450 humaniter
952 3409 1024 3471 sug-

61 3499 74 3534 r
96 3490 179 3561 gerat
199 3491 232 3546 ut
243 3483 345 3546 omnia
363 3491 484 3564 peccata
499 3497 554 3540 sua
569 3478 624 3539 nte
638 3485 668 3539 et
688 3477 804 3558 integre
824 3479 1021 3548 confitentur,

60 3589 73 3626 r
95 3575 210 3634 remota
221 3572 312 3636 stulu
329 3571 381 3634 itta
397 3566 598 3653 quorumdam
616 3567 810 3644 verecundia,
826 3571 886 3648 qut
907 3580 1022 3646 praepe·

175 3693 265 3741 nm.
883 3671 903 3727 ὃ
