2416 3954
441 241 526 288 arnna
547 241 702 290 saturnus.
992 231 1047 293 tu

77 335 227 400 teruntur.
240 335 315 400 Vide
324 336 427 399 Dcroti
442 337 505 415 (lib.
516 341 547 416 3,
558 336 603 398 tit.
616 341 647 414 7,
660 337 727 418 §tib
740 337 934 402 licitfenstual
945 339 1008 418 (lib.
1020 345 1051 419 3,

78 424 381 503 urbanum-aot.
552 435 555 440 ·

116 517 209 576 4761.
233 513 336 588 Quoad
350 513 541 578 Catbedrales
551 516 713 594 Ecclesins,
729 535 780 579 eas
793 519 960 581 instaurare
974 523 1054 582 lene·

78 602 227 666 tursolus
239 603 406 684 Episcopus
426 603 451 666 si
474 605 610 669 redditus
621 605 790 686 superlluos
803 606 920 680 babeat,
941 612 971 670 et
993 627 1054 670 non

78 691 157 754 adsit
171 691 305 773 legitima
326 691 514 756 consuetudo
535 695 565 756 in
588 695 792 770 contrarium;
812 695 837 757 si
851 703 952 758 aulem
966 697 1053 778 Epis-

77 799 176 864 copus
189 781 323 846 redditus
337 783 506 864 superlluos
521 804 581 846 nou
596 781 703 846 babeat
716 783 755 845 ad
774 784 956 847 Cclbedralis
976 793 1055 850 sarta

79 871 320 950 eadfacienda,
339 871 479 953 compelli
499 879 625 955 possunt
642 872 786 935 canonici
804 873 972 954 superlluos
986 876 1054 938 red·

78 960 161 1022 ditus
175 960 340 1038 habentes,
356 959 416 1023 sive
435 979 470 1024 ex
485 961 647 1044 praebeodt
666 961 726 1024 sive
743 979 780 1024 ex
794 959 1055 1028 distributionibus

80 1049 267 1132 quotidianis
292 1049 418 1131 aliisque
440 1050 531 1113 rebus
549 1051 686 1132 Capituli.
711 1051 829 1114 Horum
851 1049 969 1112 defectu
988 1055 1056 1134 cogi

79 1145 211 1220 possunt
223 1137 379 1202 inferiores
392 1139 492 1204 clerici
506 1139 542 1202 ad
564 1139 819 1202 contribuendum
833 1138 871 1200 dc
885 1139 947 1201 suis
961 1139 1058 1201 reddi-

80 1227 164 1290 tibus
179 1227 355 1310 superlluis3
371 1234 400 1290 el
418 1228 507 1290 etiam
521 1227 658 1309 deputari
672 1234 799 1310 possunt
811 1227 926 1292 tructus
940 1227 1056 1290 benefi-

80 1317 202 1380 ciorum
228 1316 411 1380 vacantium.
435 1315 511 1380 Vide
538 1315 668 1379 Ferraris
703 1319 743 1396 (vl
767 1316 908 1392 ecclesia,
932 1322 987 1378 art.
1017 1320 1056 1395 3,

81 1410 117 1467 n⁰
136 1410 196 1480 08,
212 1406 293 1487 etc).
309 1407 343 1467 ln
365 1405 458 1468 Gallit
474 1405 662 1470 Gubernium
676 1406 708 1468 in
722 1425 754 1470 sc
768 1405 894 1487 suscipit
906 1423 986 1469 onus
1006 1408 1058 1469 Ga-

80 1495 233 1558 tbedrales
246 1495 394 1558 Ecclesiae
407 1494 604 1558 restaurandi.

122 1588 214 1648 4768.
238 1585 311 1656 Ouae
332 1583 412 1647 dictu
436 1592 507 1648 sunt
533 1583 572 1646 de
595 1583 834 1667 reparationibus
860 1583 995 1647 ecclesiis
1012 1584 1056 1648 ia-

81 1673 213 1752 ciendis,
237 1672 432 1755 intelligenda
450 1680 522 1736 sunt
542 1673 581 1735 dc
595 1673 826 1738 reaediiicatione
848 1692 884 1736 ac
897 1671 1059 1736 reiectione

80 1763 196 1826 dumbs
214 1763 424 1845 presbyteralis
450 1770 500 1826 aut
523 1762 707 1825 beneficialis
733 1770 784 1826 aut
811 1762 915 1824 Palatii
938 1763 1060 1844 Episco-

80 1853 162 1936 pelis
173 1900 181 1928 ‚
194 1852 278 1932 juxta
292 1851 525 1914 declarationem
540 1853 571 1914 S.
583 1853 693 1932 Congu.
707 1851 798 1914 Gonu.
814 1853 831 1913 t
846 1850 977 1914 Barbosa
990 1851 1060 1913 cita-

80 1951 159 2006 tam.
175 1943 291 2004 Docent
306 1941 417 2024 pariter
435 1943 498 2003 00.
523 1940 605 2021 qudd
622 1939 745 2022 paroclri
761 1946 791 2001 et
808 1939 857 2003 alii
871 1939 1057 2020 beneficiati,

81 2031 297 2095 deficientibus
315 2030 449 2094 ecclesie
468 2029 649 2108 redditibus,
674 2036 833 2094 tencantur
846 2029 884 2092 ad
898 2029 1059 2092 reficienda

82 2129 262 2204 paramenta
280 2120 495 2197 ecclesiastica,
516 2125 546 2182 et
566 2137 634 2182 vasa
654 2137 737 2181 sacro
761 2119 974 2182 restauranda:
991 2118 1059 2182 vide

82 2209 240 2272 Reiffenst.
257 2208 320 2290 (lib.
334 2213 368 2286 3,
379 2209 424 2270 tit.
439 2213 494 2286 48,
511 2215 542 2268 n·
554 2213 619 2285 36),
634 2213 665 2270 et
677 2208 751 2271 lust.
768 2211 804 2270 R.
821 2208 859 2272 de
872 2211 912 2270 Μ.
927 2213 1007 2290 (pars
1021 2215 1057 2287 3,

83 2299 140 2362 lib.
157 2303 192 2377 1,
207 2316 275 2380 cap.
291 2303 326 2378 4,
341 2303 396 2360 art.
409 2297 548 2378 s).-1n
563 2296 658 2360 Gallia
670 2299 741 2360 verb
751 2317 806 2380 pro
816 2297 1060 2378 omnibussupra

82 2389 175 2452 dictis
187 2387 337 2468 expensis,
351 2389 374 2448 si
390 2386 528 2449 debriant
542 2385 675 2449 redditus
684 2385 829 2464 ecclesiae,
840 2387 1004 2450 recurritur
1013 2385 1059 2447 vel

85 2479 126 2544 ad
150 2476 403 2538 Communitntem
432 2478 599 2554 (emmane)
615 2475 662 2537 vel
686 2477 776 2537 etiam
807 2475 845 2535 ad
872 2473 1060 2535 Gubernium

86 2571 159 2650 (art.
177 2571 227 2644 10,
244 2568 294 2644 31,
309 2570 364 2644 93,
380 2566 496 2628 Decreti
511 2568 549 2628 30
562 2563 700 2627 decemb.
718 2561 936 2642 esbal-vide
951 2561 1058 2624 Journ.

85 2659 136 2721 der
148 2655 245 2740 subn,
259 2661 334 2718 tom.
345 2659 376 2736 4,
391 2673 422 2736 p.
439 2657 509 2718 345.

500 2831 581 2895 titt.
604 2829 649 2894 lll.

90 2982 159 3036 0010
181 2978 226 3026 ult*
246 2975 417 3024 ssuublcrto
439 2973 475 3020 m·
495 2971 692 3020 CONSECRATIO
706 2969 921 3035 ECOEESIARUM,
936 2971 972 3018 Π
991 2971 1061 3027 (ibib

311 3067 348 3110 011
368 3065 406 3110 tls
427 3064 447 3109 Α
465 3063 538 3109 tultis
557 3061 602 3107 stt
622 3061 841 3108 PRAESCRlPTUll.

128 3201 221 3262 4769.
238 3228 277 3244 --
292 3205 323 3258 1·
338 3193 511 3257 Benedictio
529 3190 662 3253 ecclesiae
680 3197 725 3254 est
742 3197 826 3253 actus
840 3209 900 3272 quo
912 3191 1063 3274 legitimus

93 3287 229 3352 minister
243 3285 340 3348 aedem
349 3283 482 3364 aliquam
491 3279 593 3342 divino
602 3279 694 3342 cultui
708 3279 876 3348 dedicabat
890 3279 969 3342 illam
980 3299 1059 3344 sano

94 3379 196 3441 libeat.
212 3373 346 3456 Duplicis
359 3372 477 3455 generis
490 3377 536 3432 est
555 3388 563 3430 ι
582 3369 710 3451 simplex
723 3387 777 3432 seu
797 3368 984 3432 anecdotolis
994 3389 1063 3451 quae

93 3465 244 3546 lsimplici
256 3463 430 3545 presbytero
437 3461 492 3522 rite
498 3457 641 3542 deputato
648 3459 748 3541 peragi
758 3465 868 3541 potest;
880 3456 1064 3520 Conserrotr'o

95 3555 124 3620 iu
138 3558 198 3638 qut
212 3553 371 3617 adhibetur
382 3549 551 3614 chrismatis
563 3548 677 3628 unctio,
692 3549 752 3611 ett
770 3547 834 3610 solo
846 3544 995 3628 Episcopo
1013 3561 1064 3626 pe·

95 3647 158 3724 rugi
171 3643 258 3707 solct.
