<?xml version="1.0" encoding="UTF-8"?>
<!DOCTYPE html PUBLIC "-//W3C//DTD XHTML 1.0 Transitional//EN"
    "http://www.w3.org/TR/xhtml1/DTD/xhtml1-transitional.dtd">
<html xmlns="http://www.w3.org/1999/xhtml" xml:lang="en" lang="en">
 <head>
  <title>
</title>
<meta http-equiv="Content-Type" content="text/html;charset=utf-8" />
  <meta name='ocr-system' content='tesseract 3.04.00' />
  <meta name='ocr-capabilities' content='ocr_page ocr_carea ocr_par ocr_line ocrx_word'/>
</head>
<body>
  <div class='ocr_page' id='page_1' title='image "./manualetotiusju00craigoog_0594.png"; bbox 0 0 2420 3968; ppageno 0'>
   <div class='ocr_carea' id='block_1_1' title="bbox 415 225 1030 284">
    <p class='ocr_par' dir='ltr' id='par_1_1' title="bbox 415 225 1030 284">
     <span class='ocr_line' id='line_1_1' title="bbox 415 225 1030 284; baseline 0 0"><span class='ocrx_word' id='word_1_1' title='bbox 415 235 502 284; x_wconf 81' lang='lat' dir='ltr'>uram</span> <span class='ocrx_word' id='word_1_2' title='bbox 521 233 678 282; x_wconf 81' lang='lat' dir='ltr'>susurrus.</span> <span class='ocrx_word' id='word_1_3' title='bbox 976 225 1030 284; x_wconf 66' lang='lat'>58]</span> 
     </span>
    </p>
   </div>
   <div class='ocr_carea' id='block_1_2' title="bbox 33 331 1102 3726">
    <p class='ocr_par' dir='ltr' id='par_1_2' title="bbox 63 331 1037 774">
     <span class='ocr_line' id='line_1_2' title="bbox 63 331 1037 416; baseline -0.002 -18"><span class='ocrx_word' id='word_1_4' title='bbox 63 334 189 398; x_wconf 82' lang='lat' dir='ltr'>recitare</span> <span class='ocrx_word' id='word_1_5' title='bbox 201 335 316 398; x_wconf 86' lang='lat' dir='ltr'>dictum</span> <span class='ocrx_word' id='word_1_6' title='bbox 330 333 462 398; x_wconf 85' lang='lat' dir='ltr'>officium</span> <span class='ocrx_word' id='word_1_7' title='bbox 474 335 559 413; x_wconf 79' lang='lat' dir='ltr'>juxta</span> <span class='ocrx_word' id='word_1_8' title='bbox 574 331 766 396; x_wconf 82' lang='lat' dir='ltr'>lormutamt</span> <span class='ocrx_word' id='word_1_9' title='bbox 784 335 815 396; x_wconf 88' lang='lat' dir='ltr'>S.</span> <span class='ocrx_word' id='word_1_10' title='bbox 832 334 885 396; x_wconf 91' lang='lat' dir='ltr'>Pio</span> <span class='ocrx_word' id='word_1_11' title='bbox 900 337 924 396; x_wconf 89' lang='lat' dir='ltr'>V</span> <span class='ocrx_word' id='word_1_12' title='bbox 941 335 1037 416; x_wconf 89' lang='lat' dir='ltr'>publi-</span> 
     </span>
     <span class='ocr_line' id='line_1_3' title="bbox 63 422 1035 500; baseline 0.003 -13"><span class='ocrx_word' id='word_1_13' title='bbox 63 429 180 500; x_wconf 86' lang='lat' dir='ltr'>catam,</span> <span class='ocrx_word' id='word_1_14' title='bbox 201 424 226 486; x_wconf 92' lang='lat' dir='ltr'>si</span> <span class='ocrx_word' id='word_1_15' title='bbox 247 425 399 487; x_wconf 82' lang='lat' dir='ltr'>incorum</span> <span class='ocrx_word' id='word_1_16' title='bbox 420 422 552 486; x_wconf 89' lang='lat' dir='ltr'>ecclesiis</span> <span class='ocrx_word' id='word_1_17' title='bbox 566 440 628 484; x_wconf 93' lang='lat' dir='ltr'>non</span> <span class='ocrx_word' id='word_1_18' title='bbox 642 428 720 485; x_wconf 90' lang='lat' dir='ltr'>esset</span> <span class='ocrx_word' id='word_1_19' title='bbox 737 422 871 486; x_wconf 87' lang='lat' dir='ltr'>officium</span> <span class='ocrx_word' id='word_1_20' title='bbox 885 425 918 484; x_wconf 91' lang='lat' dir='ltr'>B.</span> <span class='ocrx_word' id='word_1_21' title='bbox 935 424 1035 490; x_wconf 72' lang='lat' dir='ltr'>Mario</span> 
     </span>
     <span class='ocr_line' id='line_1_4' title="bbox 64 509 1037 596; baseline 0.003 -23"><span class='ocrx_word' id='word_1_22' title='bbox 64 514 149 596; x_wconf 87' lang='lat' dir='ltr'>Virg.</span> <span class='ocrx_word' id='word_1_23' title='bbox 161 513 300 576; x_wconf 87' lang='lat' dir='ltr'>ducentis</span> <span class='ocrx_word' id='word_1_24' title='bbox 309 513 396 576; x_wconf 87' lang='lat' dir='ltr'>annis</span> <span class='ocrx_word' id='word_1_25' title='bbox 410 511 573 595; x_wconf 85' lang='lat' dir='ltr'>antiquius.</span> <span class='ocrx_word' id='word_1_26' title='bbox 589 509 693 574; x_wconf 84' lang='lat' dir='ltr'>Officio</span> <span class='ocrx_word' id='word_1_27' title='bbox 704 511 739 572; x_wconf 89' lang='lat' dir='ltr'>B.</span> <span class='ocrx_word' id='word_1_28' title='bbox 752 514 793 574; x_wconf 88' lang='lat' dir='ltr'>M.</span> <span class='ocrx_word' id='word_1_29' title='bbox 809 513 888 575; x_wconf 76' lang='lat' dir='ltr'>ario</span> <span class='ocrx_word' id='word_1_30' title='bbox 901 515 928 575; x_wconf 86' lang='lat' dir='ltr'>V</span> <span class='ocrx_word' id='word_1_31' title='bbox 940 514 1037 596; x_wconf 82' lang='lat' dir='ltr'>publi·</span> 
     </span>
     <span class='ocr_line' id='line_1_5' title="bbox 64 599 1035 686; baseline 0.001 -21"><span class='ocrx_word' id='word_1_32' title='bbox 64 609 131 665; x_wconf 87' lang='lat' dir='ltr'>cato</span> <span class='ocrx_word' id='word_1_33' title='bbox 145 602 323 686; x_wconf 84' lang='lat' dir='ltr'>applicanda</span> <span class='ocrx_word' id='word_1_34' title='bbox 334 609 524 684; x_wconf 85' lang='lat' dir='ltr'>sunteaquae</span> <span class='ocrx_word' id='word_1_35' title='bbox 534 601 672 682; x_wconf 83' lang='lat' dir='ltr'>superius</span> <span class='ocrx_word' id='word_1_36' title='bbox 685 599 816 664; x_wconf 85' lang='lat' dir='ltr'>diximus</span> <span class='ocrx_word' id='word_1_37' title='bbox 824 601 863 666; x_wconf 91' lang='lat' dir='ltr'>de</span> <span class='ocrx_word' id='word_1_38' title='bbox 873 603 1035 682; x_wconf 75' lang='lat' dir='ltr'>breviario,</span> 
     </span>
     <span class='ocr_line' id='line_1_6' title="bbox 64 689 733 774; baseline -0.006 -20"><span class='ocrx_word' id='word_1_39' title='bbox 64 690 166 774; x_wconf 88' lang='lat' dir='ltr'>quoad</span> <span class='ocrx_word' id='word_1_40' title='bbox 180 692 412 769; x_wconf 82' lang='lat' dir='ltr'>correctionem,</span> <span class='ocrx_word' id='word_1_41' title='bbox 429 689 664 766; x_wconf 75' lang='lat' dir='ltr'>immutationes,</span> <span class='ocrx_word' id='word_1_42' title='bbox 675 693 733 752; x_wconf 86' lang='lat' dir='ltr'>etc.</span> 
     </span>
    </p>

    <p class='ocr_par' dir='ltr' id='par_1_3' title="bbox 33 773 1102 1221">
     <span class='ocr_line' id='line_1_7' title="bbox 33 773 1102 865; baseline 0 -19"><span class='ocrx_word' id='word_1_43' title='bbox 33 828 35 832; x_wconf 87' lang='lat'>-</span> <span class='ocrx_word' id='word_1_44' title='bbox 103 783 137 845; x_wconf 84' lang='lat'>3⁰</span> <span class='ocrx_word' id='word_1_45' title='bbox 157 781 261 854; x_wconf 83' lang='lat' dir='ltr'>Quoad</span> <span class='ocrx_word' id='word_1_46' title='bbox 275 799 327 844; x_wconf 86' lang='lat' dir='ltr'>eos</span> <span class='ocrx_word' id='word_1_47' title='bbox 340 781 393 862; x_wconf 87' lang='lat' dir='ltr'>qui</span> <span class='ocrx_word' id='word_1_48' title='bbox 413 779 452 842; x_wconf 94' lang='lat' dir='ltr'>ad</span> <span class='ocrx_word' id='word_1_49' title='bbox 465 780 671 842; x_wconf 89' lang='lat' dir='ltr'>recitationem</span> <span class='ocrx_word' id='word_1_50' title='bbox 691 777 779 841; x_wconf 88' lang='lat' dir='ltr'>officii</span> <span class='ocrx_word' id='word_1_51' title='bbox 796 779 832 842; x_wconf 91' lang='lat' dir='ltr'>B.</span> <span class='ocrx_word' id='word_1_52' title='bbox 849 782 889 842; x_wconf 86' lang='lat' dir='ltr'>ll.</span> <span class='ocrx_word' id='word_1_53' title='bbox 906 781 1038 865; x_wconf 80' lang='lat' dir='ltr'>Virginis</span> <span class='ocrx_word' id='word_1_54' title='bbox 1098 773 1102 779; x_wconf 69' lang='grc'><strong>’</strong></span> 
     </span>
     <span class='ocr_line' id='line_1_8' title="bbox 65 868 1037 953; baseline 0.001 -20"><span class='ocrx_word' id='word_1_55' title='bbox 65 889 128 934; x_wconf 93' lang='lat' dir='ltr'>non</span> <span class='ocrx_word' id='word_1_56' title='bbox 142 870 324 952; x_wconf 83' lang='lat' dir='ltr'>obligantur,</span> <span class='ocrx_word' id='word_1_57' title='bbox 339 889 402 934; x_wconf 93' lang='lat' dir='ltr'>non</span> <span class='ocrx_word' id='word_1_58' title='bbox 421 869 594 953; x_wconf 88' lang='lat' dir='ltr'>prohibetur</span> <span class='ocrx_word' id='word_1_59' title='bbox 607 868 669 931; x_wconf 92' lang='lat' dir='ltr'>ulla</span> <span class='ocrx_word' id='word_1_60' title='bbox 688 868 861 948; x_wconf 85' lang='lat' dir='ltr'>hujusmodi</span> <span class='ocrx_word' id='word_1_61' title='bbox 879 870 966 933; x_wconf 87' lang='lat' dir='ltr'>officii</span> <span class='ocrx_word' id='word_1_62' title='bbox 981 871 1037 935; x_wconf 75' lang='lat' dir='ltr'>for⁴</span> 
     </span>
     <span class='ocr_line' id='line_1_9' title="bbox 65 958 1037 1039; baseline 0 -17"><span class='ocrx_word' id='word_1_63' title='bbox 65 960 170 1039; x_wconf 88' lang='lat' dir='ltr'>mula,</span> <span class='ocrx_word' id='word_1_64' title='bbox 198 959 290 1023; x_wconf 85' lang='lat' dir='ltr'>modb</span> <span class='ocrx_word' id='word_1_65' title='bbox 311 962 350 1022; x_wconf 90' lang='lat' dir='ltr'>sit</span> <span class='ocrx_word' id='word_1_66' title='bbox 367 959 482 1022; x_wconf 87' lang='lat' dir='ltr'>latina:</span> <span class='ocrx_word' id='word_1_67' title='bbox 502 977 554 1022; x_wconf 87' lang='lat' dir='ltr'>eos</span> <span class='ocrx_word' id='word_1_68' title='bbox 573 965 676 1022; x_wconf 71' lang='lat' dir='ltr'>umen</span> <span class='ocrx_word' id='word_1_69' title='bbox 692 959 883 1022; x_wconf 83' lang='lat' dir='ltr'>vehementer</span> <span class='ocrx_word' id='word_1_70' title='bbox 901 958 1037 1023; x_wconf 87' lang='lat' dir='ltr'>hortatur</span> 
     </span>
     <span class='ocr_line' id='line_1_10' title="bbox 64 1045 1036 1113; baseline 0.002 -3"><span class='ocrx_word' id='word_1_71' title='bbox 64 1049 203 1113; x_wconf 80' lang='lat' dir='ltr'>Pontifex</span> <span class='ocrx_word' id='word_1_72' title='bbox 226 1055 262 1112; x_wconf 85' lang='lat' dir='ltr'>ut</span> <span class='ocrx_word' id='word_1_73' title='bbox 280 1049 345 1112; x_wconf 77' lang='lat' dir='ltr'>solt</span> <span class='ocrx_word' id='word_1_74' title='bbox 364 1047 494 1112; x_wconf 77' lang='lat' dir='ltr'>turmula</span> <span class='ocrx_word' id='word_1_75' title='bbox 516 1049 534 1110; x_wconf 76' lang='lat' dir='ltr'>a</span> <span class='ocrx_word' id='word_1_76' title='bbox 556 1065 589 1110; x_wconf 88' lang='lat' dir='ltr'>se</span> <span class='ocrx_word' id='word_1_77' title='bbox 608 1048 744 1111; x_wconf 53' lang='lat' dir='ltr'>‘correcta</span> <span class='ocrx_word' id='word_1_78' title='bbox 762 1051 895 1109; x_wconf 83' lang='lat' dir='ltr'>utantur.</span> <span class='ocrx_word' id='word_1_79' title='bbox 914 1045 987 1110; x_wconf 88' lang='lat' dir='ltr'>Vide</span> <span class='ocrx_word' id='word_1_80' title='bbox 999 1051 1036 1112; x_wconf 91' lang='lat' dir='ltr'>D.</span> 
     </span>
     <span class='ocr_line' id='line_1_11' title="bbox 65 1137 462 1221; baseline -0.008 -19"><span class='ocrx_word' id='word_1_81' title='bbox 65 1139 165 1202; x_wconf 84' lang='lat' dir='ltr'>Bouix</span> <span class='ocrx_word' id='word_1_82' title='bbox 177 1137 242 1218; x_wconf 70' lang='lat' dir='ltr'>(tt,</span> <span class='ocrx_word' id='word_1_83' title='bbox 258 1159 289 1221; x_wconf 91' lang='lat' dir='ltr'>p.</span> <span class='ocrx_word' id='word_1_84' title='bbox 305 1141 462 1216; x_wconf 74' lang='lat' dir='ltr'>aso-287).</span> 
     </span>
    </p>

    <p class='ocr_par' dir='ltr' id='par_1_4' title="bbox 66 1225 1041 1561">
     <span class='ocr_line' id='line_1_12' title="bbox 106 1225 1039 1306; baseline -0.004 -14"><span class='ocrx_word' id='word_1_85' title='bbox 106 1229 395 1302; x_wconf 63' lang='lat' dir='ltr'>suscitarentur</span> <span class='ocrx_word' id='word_1_86' title='bbox 424 1231 471 1289; x_wconf 88' lang='lat' dir='ltr'>An</span> <span class='ocrx_word' id='word_1_87' title='bbox 494 1227 627 1290; x_wconf 85' lang='lat' dir='ltr'>ecelesiae</span> <span class='ocrx_word' id='word_1_88' title='bbox 653 1246 715 1290; x_wconf 91' lang='lat' dir='ltr'>non</span> <span class='ocrx_word' id='word_1_89' title='bbox 738 1225 886 1289; x_wconf 70' lang='lat' dir='ltr'>adstrictae</span> <span class='ocrx_word' id='word_1_90' title='bbox 913 1225 1039 1306; x_wconf 80' lang='lat' dir='ltr'>liturgia</span> 
     </span>
     <span class='ocr_line' id='line_1_13' title="bbox 66 1313 1039 1396; baseline -0.004 -14"><span class='ocrx_word' id='word_1_91' title='bbox 66 1319 258 1382; x_wconf 76' lang='lat' dir='ltr'>Post-Pinnae</span> <span class='ocrx_word' id='word_1_92' title='bbox 270 1323 429 1382; x_wconf 84' lang='lat' dir='ltr'>teneantur</span> <span class='ocrx_word' id='word_1_93' title='bbox 442 1317 583 1380; x_wconf 88' lang='lat' dir='ltr'>adbibere</span> <span class='ocrx_word' id='word_1_94' title='bbox 597 1319 629 1379; x_wconf 93' lang='lat' dir='ltr'>in</span> <span class='ocrx_word' id='word_1_95' title='bbox 648 1316 747 1380; x_wconf 88' lang='lat' dir='ltr'>officio</span> <span class='ocrx_word' id='word_1_96' title='bbox 765 1313 870 1377; x_wconf 88' lang='lat' dir='ltr'>saltem</span> <span class='ocrx_word' id='word_1_97' title='bbox 884 1315 1039 1396; x_wconf 69' lang='lat' dir='ltr'>Martyro-</span> 
     </span>
     <span class='ocr_line' id='line_1_14' title="bbox 66 1403 1041 1490; baseline -0.002 -19"><span class='ocrx_word' id='word_1_98' title='bbox 66 1409 181 1490; x_wconf 75' lang='lat' dir='ltr'>logium</span> <span class='ocrx_word' id='word_1_99' title='bbox 203 1427 373 1486; x_wconf 85' lang='lat' dir='ltr'>romanum,</span> <span class='ocrx_word' id='word_1_100' title='bbox 394 1407 460 1470; x_wconf 74' lang='lat' dir='ltr'>siue</span> <span class='ocrx_word' id='word_1_101' title='bbox 480 1407 657 1486; x_wconf 87' lang='lat' dir='ltr'>mutatione,</span> <span class='ocrx_word' id='word_1_102' title='bbox 672 1406 840 1484; x_wconf 82' lang='lat' dir='ltr'>additione,</span> <span class='ocrx_word' id='word_1_103' title='bbox 859 1411 911 1468; x_wconf 83' lang='lat' dir='ltr'>aut</span> <span class='ocrx_word' id='word_1_104' title='bbox 929 1403 1041 1468; x_wconf 75' lang='lat' dir='ltr'>detrac-</span> 
     </span>
     <span class='ocr_line' id='line_1_15' title="bbox 66 1499 177 1561; baseline 0 -1"><span class='ocrx_word' id='word_1_105' title='bbox 66 1499 177 1561; x_wconf 70' lang='lat' dir='ltr'>bonel</span> 
     </span>
    </p>

    <p class='ocr_par' dir='ltr' id='par_1_5' title="bbox 66 1586 1046 2910">
     <span class='ocr_line' id='line_1_16' title="bbox 109 1586 1042 1670; baseline -0.002 -20"><span class='ocrx_word' id='word_1_106' title='bbox 109 1591 199 1670; x_wconf 90' lang='lat' dir='ltr'>Resp.</span> <span class='ocrx_word' id='word_1_107' title='bbox 217 1588 409 1666; x_wconf 67' lang='lat' dir='ltr'>affirmative,</span> <span class='ocrx_word' id='word_1_108' title='bbox 420 1593 573 1650; x_wconf 86' lang='lat' dir='ltr'>etconstat</span> <span class='ocrx_word' id='word_1_109' title='bbox 585 1606 622 1648; x_wconf 87' lang='lat' dir='ltr'>ex</span> <span class='ocrx_word' id='word_1_110' title='bbox 632 1587 755 1649; x_wconf 85' lang='lat' dir='ltr'>Constit.</span> <span class='ocrx_word' id='word_1_111' title='bbox 764 1586 1042 1666; x_wconf 83' lang='lat' dir='ltr'>EmendatoGrego-</span> 
     </span>
     <span class='ocr_line' id='line_1_17' title="bbox 67 1675 1042 1760; baseline -0.005 -20"><span class='ocrx_word' id='word_1_112' title='bbox 67 1677 105 1740; x_wconf 91' lang='lat' dir='ltr'>rii</span> <span class='ocrx_word' id='word_1_113' title='bbox 120 1679 188 1740; x_wconf 85' lang='lat' dir='ltr'>Xlll</span> <span class='ocrx_word' id='word_1_114' title='bbox 199 1678 229 1740; x_wconf 93' lang='lat' dir='ltr'>in</span> <span class='ocrx_word' id='word_1_115' title='bbox 239 1682 299 1760; x_wconf 75' lang='lat' dir='ltr'>qut</span> <span class='ocrx_word' id='word_1_116' title='bbox 309 1678 427 1740; x_wconf 91' lang='lat' dir='ltr'>dicitur:</span> <span class='ocrx_word' id='word_1_117' title='bbox 444 1699 459 1736; x_wconf 82' lang='lat' dir='ltr'>n</span> <span class='ocrx_word' id='word_1_118' title='bbox 468 1675 647 1737; x_wconf 86' lang='lat' dir='ltr'>blandamus</span> <span class='ocrx_word' id='word_1_119' title='bbox 661 1676 751 1756; x_wconf 87' lang='lat' dir='ltr'>igitur</span> <span class='ocrx_word' id='word_1_120' title='bbox 759 1677 902 1738; x_wconf 91' lang='lat' dir='ltr'>omnibus</span> <span class='ocrx_word' id='word_1_121' title='bbox 917 1677 1042 1736; x_wconf 80' lang='lat' dir='ltr'>Patriac-</span> 
     </span>
     <span class='ocr_line' id='line_1_18' title="bbox 66 1763 1043 1850; baseline 0 -24"><span class='ocrx_word' id='word_1_122' title='bbox 66 1791 84 1826; x_wconf 68' lang='grc' dir='ltr'>ι)</span> <span class='ocrx_word' id='word_1_123' title='bbox 110 1767 212 1830; x_wconf 75' lang='lat' dir='ltr'>obis..</span> <span class='ocrx_word' id='word_1_124' title='bbox 228 1767 401 1850; x_wconf 87' lang='lat' dir='ltr'>Episcopis,</span> <span class='ocrx_word' id='word_1_125' title='bbox 418 1764 585 1827; x_wconf 81' lang='lat' dir='ltr'>Abbatibus</span> <span class='ocrx_word' id='word_1_126' title='bbox 598 1765 774 1844; x_wconf 73' lang='lat' dir='ltr'>ceterisque</span> <span class='ocrx_word' id='word_1_127' title='bbox 788 1763 966 1826; x_wconf 84' lang='lat' dir='ltr'>Ecclesiis...</span> <span class='ocrx_word' id='word_1_128' title='bbox 982 1765 1043 1826; x_wconf 85' lang='lat' dir='ltr'>sive</span> 
     </span>
     <span class='ocr_line' id='line_1_19' title="bbox 66 1852 1042 1937; baseline 0 -23"><span class='ocrx_word' id='word_1_129' title='bbox 66 1881 83 1914; x_wconf 74' lang='lat' dir='ltr'>a</span> <span class='ocrx_word' id='word_1_130' title='bbox 109 1853 713 1937; x_wconf 72' lang='lat' dir='ltr'>saecularibusquibuscumquepraelectis</span> <span class='ocrx_word' id='word_1_131' title='bbox 725 1897 732 1928; x_wconf 91' lang='lat'>,</span> <span class='ocrx_word' id='word_1_132' title='bbox 744 1852 816 1912; x_wconf 90' lang='lat' dir='ltr'>utin</span> <span class='ocrx_word' id='word_1_133' title='bbox 831 1853 1042 1934; x_wconf 84' lang='lat' dir='ltr'>peragendum</span> 
     </span>
     <span class='ocr_line' id='line_1_20' title="bbox 67 1940 1044 2022; baseline 0.002 -18"><span class='ocrx_word' id='word_1_134' title='bbox 67 1971 83 2004; x_wconf 74' lang='lat' dir='ltr'>a</span> <span class='ocrx_word' id='word_1_135' title='bbox 109 1943 202 2008; x_wconf 86' lang='lat' dir='ltr'>choro</span> <span class='ocrx_word' id='word_1_136' title='bbox 216 1945 314 2008; x_wconf 89' lang='lat' dir='ltr'>divino</span> <span class='ocrx_word' id='word_1_137' title='bbox 328 1943 437 2020; x_wconf 84' lang='lat' dir='ltr'>officio,</span> <span class='ocrx_word' id='word_1_138' title='bbox 454 1943 537 2004; x_wconf 90' lang='lat' dir='ltr'>omni</span> <span class='ocrx_word' id='word_1_139' title='bbox 556 1942 613 2003; x_wconf 87' lang='lat' dir='ltr'>alio</span> <span class='ocrx_word' id='word_1_140' title='bbox 634 1940 846 2022; x_wconf 83' lang='lat' dir='ltr'>Martyrologio</span> <span class='ocrx_word' id='word_1_141' title='bbox 859 1949 971 2020; x_wconf 90' lang='lat' dir='ltr'>amoto,</span> <span class='ocrx_word' id='word_1_142' title='bbox 987 1942 1044 2007; x_wconf 85' lang='lat' dir='ltr'>hoc</span> 
     </span>
     <span class='ocr_line' id='line_1_21' title="bbox 68 2029 1041 2114; baseline -0.001 -18"><span class='ocrx_word' id='word_1_143' title='bbox 68 2062 84 2096; x_wconf 74' lang='lat' dir='ltr'>n</span> <span class='ocrx_word' id='word_1_144' title='bbox 109 2039 227 2098; x_wconf 81' lang='lat' dir='ltr'>tantum</span> <span class='ocrx_word' id='word_1_145' title='bbox 237 2043 340 2098; x_wconf 89' lang='lat' dir='ltr'>nostro</span> <span class='ocrx_word' id='word_1_146' title='bbox 349 2040 482 2108; x_wconf 87' lang='lat' dir='ltr'>utantur,</span> <span class='ocrx_word' id='word_1_147' title='bbox 494 2031 577 2094; x_wconf 82' lang='lat' dir='ltr'>nulla</span> <span class='ocrx_word' id='word_1_148' title='bbox 585 2049 617 2092; x_wconf 88' lang='lat' dir='ltr'>re</span> <span class='ocrx_word' id='word_1_149' title='bbox 628 2029 738 2106; x_wconf 76' lang='lat' dir='ltr'>additu,</span> <span class='ocrx_word' id='word_1_150' title='bbox 751 2033 874 2104; x_wconf 77' lang='lat' dir='ltr'>mutarit,</span> <span class='ocrx_word' id='word_1_151' title='bbox 886 2031 1041 2114; x_wconf 82' lang='lat' dir='ltr'>ademptd;</span> 
     </span>
     <span class='ocr_line' id='line_1_22' title="bbox 70 2119 1043 2208; baseline 0.001 -24"><span class='ocrx_word' id='word_1_152' title='bbox 70 2151 86 2184; x_wconf 74' lang='lat' dir='ltr'>a</span> <span class='ocrx_word' id='word_1_153' title='bbox 110 2127 135 2190; x_wconf 89' lang='lat' dir='ltr'>si</span> <span class='ocrx_word' id='word_1_154' title='bbox 149 2145 227 2208; x_wconf 84' lang='lat' dir='ltr'>quos</span> <span class='ocrx_word' id='word_1_155' title='bbox 240 2123 314 2187; x_wconf 89' lang='lat' dir='ltr'>alios</span> <span class='ocrx_word' id='word_1_156' title='bbox 327 2123 488 2185; x_wconf 92' lang='lat' dir='ltr'>habuerint</span> <span class='ocrx_word' id='word_1_157' title='bbox 497 2123 622 2182; x_wconf 86' lang='lat' dir='ltr'>Sanetus</span> <span class='ocrx_word' id='word_1_158' title='bbox 636 2119 667 2182; x_wconf 92' lang='lat' dir='ltr'>in</span> <span class='ocrx_word' id='word_1_159' title='bbox 681 2120 743 2182; x_wconf 88' lang='lat' dir='ltr'>suis</span> <span class='ocrx_word' id='word_1_160' title='bbox 759 2119 892 2183; x_wconf 85' lang='lat' dir='ltr'>ecclesiis</span> <span class='ocrx_word' id='word_1_161' title='bbox 906 2129 956 2184; x_wconf 88' lang='lat' dir='ltr'>aut</span> <span class='ocrx_word' id='word_1_162' title='bbox 969 2123 1043 2186; x_wconf 87' lang='lat' dir='ltr'>locis</span> 
     </span>
     <span class='ocr_line' id='line_1_23' title="bbox 72 2209 1043 2290; baseline -0.002 -14"><span class='ocrx_word' id='word_1_163' title='bbox 72 2241 87 2276; x_wconf 73' lang='lat' dir='ltr'>a</span> <span class='ocrx_word' id='word_1_164' title='bbox 110 2215 255 2279; x_wconf 87' lang='lat' dir='ltr'>celebrari</span> <span class='ocrx_word' id='word_1_165' title='bbox 278 2213 394 2290; x_wconf 87' lang='lat' dir='ltr'>solitos,</span> <span class='ocrx_word' id='word_1_166' title='bbox 411 2230 463 2274; x_wconf 88' lang='lat' dir='ltr'>eos</span> <span class='ocrx_word' id='word_1_167' title='bbox 481 2210 512 2271; x_wconf 92' lang='lat' dir='ltr'>in</span> <span class='ocrx_word' id='word_1_168' title='bbox 531 2209 613 2272; x_wconf 91' lang='lat' dir='ltr'>hunc</span> <span class='ocrx_word' id='word_1_169' title='bbox 635 2209 746 2272; x_wconf 91' lang='lat' dir='ltr'>librum</span> <span class='ocrx_word' id='word_1_170' title='bbox 765 2227 803 2272; x_wconf 87' lang='lat' dir='ltr'>ne</span> <span class='ocrx_word' id='word_1_171' title='bbox 823 2210 974 2290; x_wconf 88' lang='lat' dir='ltr'>inserant,</span> <span class='ocrx_word' id='word_1_172' title='bbox 990 2212 1043 2274; x_wconf 92' lang='lat' dir='ltr'>sed</span> 
     </span>
     <span class='ocr_line' id='line_1_24' title="bbox 70 2299 1044 2388; baseline -0.002 -24"><span class='ocrx_word' id='word_1_173' title='bbox 70 2331 86 2365; x_wconf 77' lang='lat' dir='ltr'>a</span> <span class='ocrx_word' id='word_1_174' title='bbox 110 2305 271 2388; x_wconf 87' lang='lat' dir='ltr'>separatim</span> <span class='ocrx_word' id='word_1_175' title='bbox 283 2303 448 2384; x_wconf 84' lang='lat' dir='ltr'>descriptos</span> <span class='ocrx_word' id='word_1_176' title='bbox 461 2299 606 2376; x_wconf 85' lang='lat' dir='ltr'>habeant,</span> <span class='ocrx_word' id='word_1_177' title='bbox 622 2317 754 2380; x_wconf 90' lang='lat' dir='ltr'>eumque</span> <span class='ocrx_word' id='word_1_178' title='bbox 768 2299 826 2361; x_wconf 93' lang='lat' dir='ltr'>illis</span> <span class='ocrx_word' id='word_1_179' title='bbox 839 2299 940 2362; x_wconf 89' lang='lat' dir='ltr'>locum</span> <span class='ocrx_word' id='word_1_180' title='bbox 953 2307 1044 2381; x_wconf 88' lang='lat' dir='ltr'>atque</span> 
     </span>
     <span class='ocr_line' id='line_1_25' title="bbox 70 2388 1042 2471; baseline -0.005 -16"><span class='ocrx_word' id='word_1_181' title='bbox 70 2421 85 2455; x_wconf 79' lang='lat' dir='ltr'>a</span> <span class='ocrx_word' id='word_1_182' title='bbox 110 2395 250 2458; x_wconf 88' lang='lat' dir='ltr'>ordinem</span> <span class='ocrx_word' id='word_1_183' title='bbox 272 2392 404 2454; x_wconf 89' lang='lat' dir='ltr'>tribuant</span> <span class='ocrx_word' id='word_1_184' title='bbox 421 2389 474 2471; x_wconf 89' lang='lat' dir='ltr'>qui</span> <span class='ocrx_word' id='word_1_185' title='bbox 494 2389 606 2470; x_wconf 86' lang='lat' dir='ltr'>regulis</span> <span class='ocrx_word' id='word_1_186' title='bbox 627 2389 676 2450; x_wconf 84' lang='lat' dir='ltr'>hic</span> <span class='ocrx_word' id='word_1_187' title='bbox 698 2388 853 2469; x_wconf 81' lang='lat' dir='ltr'>descriptis</span> <span class='ocrx_word' id='word_1_188' title='bbox 879 2389 1042 2451; x_wconf 88' lang='lat' dir='ltr'>traditur...</span> 
     </span>
     <span class='ocr_line' id='line_1_26' title="bbox 70 2477 1045 2558; baseline -0.006 -14"><span class='ocrx_word' id='word_1_189' title='bbox 70 2509 85 2544; x_wconf 74' lang='lat' dir='ltr'>a</span> <span class='ocrx_word' id='word_1_190' title='bbox 110 2487 222 2548; x_wconf 87' lang='lat' dir='ltr'>Datum</span> <span class='ocrx_word' id='word_1_191' title='bbox 246 2484 387 2544; x_wconf 83' lang='lat' dir='ltr'>Romae...</span> <span class='ocrx_word' id='word_1_192' title='bbox 412 2483 450 2541; x_wconf 80' lang='lat' dir='ltr'>ll</span> <span class='ocrx_word' id='word_1_193' title='bbox 465 2478 595 2558; x_wconf 74' lang='lat' dir='ltr'>ianuarii</span> <span class='ocrx_word' id='word_1_194' title='bbox 614 2481 703 2538; x_wconf 69' lang='lat'>1584.</span> <span class='ocrx_word' id='word_1_195' title='bbox 728 2497 743 2535; x_wconf 85' lang='lat' dir='ltr'>a</span> <span class='ocrx_word' id='word_1_196' title='bbox 769 2479 840 2538; x_wconf 89' lang='lat' dir='ltr'>llaec</span> <span class='ocrx_word' id='word_1_197' title='bbox 862 2477 952 2538; x_wconf 84' lang='lat' dir='ltr'>verba</span> <span class='ocrx_word' id='word_1_198' title='bbox 975 2483 1045 2538; x_wconf 90' lang='lat' dir='ltr'>sunt</span> 
     </span>
     <span class='ocr_line' id='line_1_27' title="bbox 72 2564 1045 2658; baseline -0.014 -18"><span class='ocrx_word' id='word_1_199' title='bbox 72 2574 243 2658; x_wconf 85' lang='lat' dir='ltr'>generalia,</span> <span class='ocrx_word' id='word_1_200' title='bbox 260 2589 317 2634; x_wconf 91' lang='lat' dir='ltr'>nec</span> <span class='ocrx_word' id='word_1_201' title='bbox 339 2569 400 2634; x_wconf 90' lang='lat' dir='ltr'>ulla</span> <span class='ocrx_word' id='word_1_202' title='bbox 417 2567 578 2650; x_wconf 83' lang='lat' dir='ltr'>apponitur</span> <span class='ocrx_word' id='word_1_203' title='bbox 591 2564 746 2645; x_wconf 81' lang='lat' dir='ltr'>excepti03</span> <span class='ocrx_word' id='word_1_204' title='bbox 770 2583 860 2645; x_wconf 88' lang='lat' dir='ltr'>ergo,</span> <span class='ocrx_word' id='word_1_205' title='bbox 882 2573 940 2626; x_wconf 86' lang='lat' dir='ltr'>eto.</span> <span class='ocrx_word' id='word_1_206' title='bbox 961 2565 1045 2626; x_wconf 90' lang='lat' dir='ltr'>Idem</span> 
     </span>
     <span class='ocr_line' id='line_1_28' title="bbox 72 2653 1046 2736; baseline -0.015 -6"><span class='ocrx_word' id='word_1_207' title='bbox 72 2671 189 2730; x_wconf 86' lang='lat' dir='ltr'>constat</span> <span class='ocrx_word' id='word_1_208' title='bbox 211 2681 247 2726; x_wconf 83' lang='lat' dir='ltr'>ex</span> <span class='ocrx_word' id='word_1_209' title='bbox 265 2659 358 2723; x_wconf 87' lang='lat' dir='ltr'>decis.</span> <span class='ocrx_word' id='word_1_210' title='bbox 381 2661 411 2722; x_wconf 90' lang='lat' dir='ltr'>S.</span> <span class='ocrx_word' id='word_1_211' title='bbox 430 2657 488 2719; x_wconf 84' lang='lat' dir='ltr'>llit.</span> <span class='ocrx_word' id='word_1_212' title='bbox 505 2657 668 2736; x_wconf 78' lang='lat' dir='ltr'>congreg,</span> <span class='ocrx_word' id='word_1_213' title='bbox 690 2656 727 2716; x_wconf 84' lang='lat' dir='ltr'>lu</span> <span class='ocrx_word' id='word_1_214' title='bbox 745 2653 873 2732; x_wconf 88' lang='lat' dir='ltr'>januarii</span> <span class='ocrx_word' id='word_1_215' title='bbox 897 2657 993 2729; x_wconf 75' lang='lat' dir='ltr'>tuae,</span> <span class='ocrx_word' id='word_1_216' title='bbox 1009 2653 1046 2715; x_wconf 92' lang='lat' dir='ltr'>ad</span> 
     </span>
     <span class='ocr_line' id='line_1_29' title="bbox 73 2739 1045 2838; baseline -0.015 -19"><span class='ocrx_word' id='word_1_217' title='bbox 73 2763 213 2838; x_wconf 87' lang='lat' dir='ltr'>quartam</span> <span class='ocrx_word' id='word_1_218' title='bbox 245 2747 512 2830; x_wconf 79' lang='lat' dir='ltr'>interrogationem</span> <span class='ocrx_word' id='word_1_219' title='bbox 536 2746 573 2806; x_wconf 90' lang='lat' dir='ltr'>D.</span> <span class='ocrx_word' id='word_1_220' title='bbox 603 2742 702 2802; x_wconf 87' lang='lat' dir='ltr'>Lettin</span> <span class='ocrx_word' id='word_1_221' title='bbox 726 2739 869 2804; x_wconf 76' lang='lat' dir='ltr'>canonici</span> <span class='ocrx_word' id='word_1_222' title='bbox 897 2742 1045 2804; x_wconf 85' lang='lat' dir='ltr'>Cenoma-</span> 
     </span>
     <span class='ocr_line' id='line_1_30' title="bbox 74 2863 186 2910; baseline -0.018 -2"><span class='ocrx_word' id='word_1_223' title='bbox 74 2863 186 2910; x_wconf 80' lang='lat' dir='ltr'>nensis.</span> 
     </span>
    </p>

    <p class='ocr_par' dir='ltr' id='par_1_6' title="bbox 74 2919 1051 3726">
     <span class='ocr_line' id='line_1_31' title="bbox 111 2919 1047 3012; baseline -0.011 -18"><span class='ocrx_word' id='word_1_224' title='bbox 111 2937 203 2999; x_wconf 80' lang='lat'><strong>5068.</strong></span> <span class='ocrx_word' id='word_1_225' title='bbox 227 2931 306 2994; x_wconf 85' lang='lat' dir='ltr'>Nota</span> <span class='ocrx_word' id='word_1_226' title='bbox 321 2926 405 3012; x_wconf 85' lang='lat' dir='ltr'>qudd</span> <span class='ocrx_word' id='word_1_227' title='bbox 424 2920 671 3006; x_wconf 60' lang='lat' dir='ltr'>martyrologium</span> <span class='ocrx_word' id='word_1_228' title='bbox 694 2919 784 2982; x_wconf 88' lang='lat' dir='ltr'>fuerit</span> <span class='ocrx_word' id='word_1_229' title='bbox 806 2921 824 2983; x_wconf 76' lang='lat' dir='ltr'>a</span> <span class='ocrx_word' id='word_1_230' title='bbox 847 2921 960 2986; x_wconf 86' lang='lat' dir='ltr'>Bened.</span> <span class='ocrx_word' id='word_1_231' title='bbox 979 2924 1047 2986; x_wconf 83' lang='lat' dir='ltr'><strong>&#39;XIV</strong></span> 
     </span>
     <span class='ocr_line' id='line_1_32' title="bbox 74 3009 1047 3100; baseline -0.013 -11"><span class='ocrx_word' id='word_1_232' title='bbox 74 3029 261 3100; x_wconf 85' lang='lat' dir='ltr'>correctum,</span> <span class='ocrx_word' id='word_1_233' title='bbox 276 3025 307 3083; x_wconf 88' lang='lat' dir='ltr'>et</span> <span class='ocrx_word' id='word_1_234' title='bbox 319 3019 357 3079; x_wconf 88' lang='lat' dir='ltr'>sit</span> <span class='ocrx_word' id='word_1_235' title='bbox 368 3015 458 3078; x_wconf 88' lang='lat' dir='ltr'>bodie</span> <span class='ocrx_word' id='word_1_236' title='bbox 472 3011 614 3092; x_wconf 86' lang='lat' dir='ltr'>obligatio</span> <span class='ocrx_word' id='word_1_237' title='bbox 627 3009 731 3072; x_wconf 90' lang='lat' dir='ltr'>utendi</span> <span class='ocrx_word' id='word_1_238' title='bbox 743 3011 966 3092; x_wconf 86' lang='lat' dir='ltr'>exemplaribus</span> <span class='ocrx_word' id='word_1_239' title='bbox 980 3031 1047 3076; x_wconf 90' lang='lat' dir='ltr'>cor·</span> 
     </span>
     <span class='ocr_line' id='line_1_33' title="bbox 74 3099 1048 3182; baseline -0.01 -4"><span class='ocrx_word' id='word_1_240' title='bbox 74 3119 164 3180; x_wconf 69' lang='lat' dir='ltr'>rocta</span> <span class='ocrx_word' id='word_1_241' title='bbox 172 3110 212 3178; x_wconf 85' lang='lat' dir='ltr'>ab</span> <span class='ocrx_word' id='word_1_242' title='bbox 223 3109 282 3174; x_wconf 83' lang='lat' dir='ltr'>boo</span> <span class='ocrx_word' id='word_1_243' title='bbox 291 3104 435 3176; x_wconf 87' lang='lat' dir='ltr'>Pontillca</span> <span class='ocrx_word' id='word_1_244' title='bbox 446 3101 597 3178; x_wconf 83' lang='lat' dir='ltr'>editionis,</span> <span class='ocrx_word' id='word_1_245' title='bbox 609 3118 667 3164; x_wconf 91' lang='lat' dir='ltr'>neo</span> <span class='ocrx_word' id='word_1_246' title='bbox 675 3099 805 3182; x_wconf 84' lang='lat' dir='ltr'>amplius</span> <span class='ocrx_word' id='word_1_247' title='bbox 818 3099 906 3164; x_wconf 83' lang='lat' dir='ltr'>ltcsat</span> <span class='ocrx_word' id='word_1_248' title='bbox 915 3103 945 3164; x_wconf 88' lang='lat' dir='ltr'>in</span> <span class='ocrx_word' id='word_1_249' title='bbox 956 3103 1048 3168; x_wconf 85' lang='lat' dir='ltr'>choro</span> 
     </span>
     <span class='ocr_line' id='line_1_34' title="bbox 74 3187 1050 3280; baseline -0.012 -13"><span class='ocrx_word' id='word_1_250' title='bbox 74 3203 218 3270; x_wconf 87' lang='lat' dir='ltr'>adbibere</span> <span class='ocrx_word' id='word_1_251' title='bbox 237 3194 450 3280; x_wconf 77' lang='lat' dir='ltr'>martyrologia</span> <span class='ocrx_word' id='word_1_252' title='bbox 469 3187 649 3272; x_wconf 85' lang='lat' dir='ltr'>antiquiora.</span> <span class='ocrx_word' id='word_1_253' title='bbox 671 3190 706 3252; x_wconf 94' lang='lat' dir='ltr'>In</span> <span class='ocrx_word' id='word_1_254' title='bbox 726 3189 811 3254; x_wconf 77' lang='lat' dir='ltr'>novis</span> <span class='ocrx_word' id='word_1_255' title='bbox 831 3195 933 3254; x_wconf 84' lang='lat' dir='ltr'>tamen</span> <span class='ocrx_word' id='word_1_256' title='bbox 948 3191 1050 3275; x_wconf 84' lang='lat' dir='ltr'>impri-</span> 
     </span>
     <span class='ocr_line' id='line_1_35' title="bbox 75 3277 1048 3360; baseline -0.016 0"><span class='ocrx_word' id='word_1_257' title='bbox 75 3292 196 3360; x_wconf 88' lang='lat' dir='ltr'>mendis</span> <span class='ocrx_word' id='word_1_258' title='bbox 210 3287 301 3352; x_wconf 83' lang='lat' dir='ltr'>insori</span> <span class='ocrx_word' id='word_1_259' title='bbox 314 3285 425 3350; x_wconf 89' lang='lat' dir='ltr'>dabant</span> <span class='ocrx_word' id='word_1_260' title='bbox 442 3282 541 3346; x_wconf 85' lang='lat' dir='ltr'>Sancti</span> <span class='ocrx_word' id='word_1_261' title='bbox 556 3279 594 3344; x_wconf 89' lang='lat' dir='ltr'>ab</span> <span class='ocrx_word' id='word_1_262' title='bbox 607 3277 713 3342; x_wconf 85' lang='lat' dir='ltr'>ultimt</span> <span class='ocrx_word' id='word_1_263' title='bbox 726 3277 857 3342; x_wconf 82' lang='lat' dir='ltr'>aditione</span> <span class='ocrx_word' id='word_1_264' title='bbox 871 3281 1048 3360; x_wconf 83' lang='lat' dir='ltr'>canonizati,</span> 
     </span>
     <span class='ocr_line' id='line_1_36' title="bbox 75 3367 1050 3470; baseline -0.018 -20"><span class='ocrx_word' id='word_1_265' title='bbox 75 3386 188 3470; x_wconf 77' lang='lat' dir='ltr'>quibua</span> <span class='ocrx_word' id='word_1_266' title='bbox 200 3381 266 3446; x_wconf 79' lang='lat' dir='ltr'>bren</span> <span class='ocrx_word' id='word_1_267' title='bbox 279 3374 474 3461; x_wconf 81' lang='lat' dir='ltr'>prerogativa</span> <span class='ocrx_word' id='word_1_268' title='bbox 487 3371 505 3434; x_wconf 78' lang='lat' dir='ltr'>b</span> <span class='ocrx_word' id='word_1_269' title='bbox 519 3371 550 3434; x_wconf 82' lang='lat' dir='ltr'>S.</span> <span class='ocrx_word' id='word_1_270' title='bbox 571 3368 648 3432; x_wconf 81' lang='lat' dir='ltr'>Sede</span> <span class='ocrx_word' id='word_1_271' title='bbox 661 3367 718 3432; x_wconf 85' lang='lat' dir='ltr'>luit</span> <span class='ocrx_word' id='word_1_272' title='bbox 731 3385 888 3448; x_wconf 82' lang='lat' dir='ltr'>concessa,</span> <span class='ocrx_word' id='word_1_273' title='bbox 905 3387 965 3432; x_wconf 91' lang='lat' dir='ltr'>nun</span> <span class='ocrx_word' id='word_1_274' title='bbox 980 3373 1050 3433; x_wconf 87' lang='lat' dir='ltr'>verb</span> 
     </span>
     <span class='ocr_line' id='line_1_37' title="bbox 75 3457 1048 3556; baseline -0.018 -18"><span class='ocrx_word' id='word_1_275' title='bbox 75 3477 96 3538; x_wconf 90' lang='lat' dir='ltr'>ii</span> <span class='ocrx_word' id='word_1_276' title='bbox 111 3473 166 3556; x_wconf 82' lang='lat' dir='ltr'>qui</span> <span class='ocrx_word' id='word_1_277' title='bbox 180 3465 372 3536; x_wconf 88' lang='lat' dir='ltr'>solummodo</span> <span class='ocrx_word' id='word_1_278' title='bbox 387 3463 468 3528; x_wconf 83' lang='lat' dir='ltr'>Beati</span> <span class='ocrx_word' id='word_1_279' title='bbox 482 3460 604 3524; x_wconf 88' lang='lat' dir='ltr'>luerunt</span> <span class='ocrx_word' id='word_1_280' title='bbox 617 3457 768 3522; x_wconf 82' lang='lat' dir='ltr'>declarati.</span> <span class='ocrx_word' id='word_1_281' title='bbox 786 3461 829 3522; x_wconf 83' lang='lat' dir='ltr'>lta</span> <span class='ocrx_word' id='word_1_282' title='bbox 843 3459 874 3522; x_wconf 79' lang='lat' dir='ltr'>S.</span> <span class='ocrx_word' id='word_1_283' title='bbox 890 3461 927 3520; x_wconf 86' lang='lat' dir='ltr'>u.</span> <span class='ocrx_word' id='word_1_284' title='bbox 940 3461 1048 3540; x_wconf 76' lang='lat' dir='ltr'>cong,</span> 
     </span>
     <span class='ocr_line' id='line_1_38' title="bbox 76 3543 1051 3642; baseline -0.022 -12"><span class='ocrx_word' id='word_1_285' title='bbox 76 3567 113 3630; x_wconf 77' lang='lat' dir='ltr'>at</span> <span class='ocrx_word' id='word_1_286' title='bbox 131 3579 203 3642; x_wconf 75' lang='lat' dir='ltr'>aug.</span> <span class='ocrx_word' id='word_1_287' title='bbox 217 3559 295 3624; x_wconf 80' lang='lat' dir='ltr'>tuso</span> <span class='ocrx_word' id='word_1_288' title='bbox 307 3552 462 3635; x_wconf 68' lang='lat' dir='ltr'>(undu,</span> <span class='ocrx_word' id='word_1_289' title='bbox 476 3553 511 3616; x_wconf 78' lang='lat' dir='ltr'>ul</span> <span class='ocrx_word' id='word_1_290' title='bbox 523 3548 623 3629; x_wconf 74' lang='lat' dir='ltr'>ullu).</span> <span class='ocrx_word' id='word_1_291' title='bbox 633 3543 709 3612; x_wconf 80' lang='lat' dir='ltr'>Vide</span> <span class='ocrx_word' id='word_1_292' title='bbox 719 3546 814 3611; x_wconf 79' lang='lat' dir='ltr'>Bouix</span> <span class='ocrx_word' id='word_1_293' title='bbox 825 3545 965 3628; x_wconf 59' lang='lat' dir='ltr'>(lump.</span> <span class='ocrx_word' id='word_1_294' title='bbox 981 3550 1051 3609; x_wconf 71' lang='lat'><em>28⁸1·</em></span> 
     </span>
     <span class='ocr_line' id='line_1_39' title="bbox 79 3641 166 3726; baseline -0.011 -12"><span class='ocrx_word' id='word_1_295' title='bbox 79 3641 166 3726; x_wconf 79' lang='lat' dir='ltr'>auu).</span> 
     </span>
    </p>
   </div>
   <div class='ocr_carea' id='block_1_3' title="bbox 0 0 1231 3968">
    <p class='ocr_par' dir='ltr' id='par_1_7' title="bbox 0 0 1231 3968">
     <span class='ocr_line' id='line_1_40' title="bbox 0 0 1231 3968; baseline 0 0"><span class='ocrx_word' id='word_1_296' title='bbox 0 0 1231 3968; x_wconf 95' lang='lat' dir='ltr'> </span> 
     </span>
    </p>
   </div>
  </div>
 </body>
</html>
