2416 3954
190 163 251 225 404
411 179 548 225 uanuare
569 177 671 223 rouus
691 177 774 222 runis
794 175 941 222 caucasei.

192 297 206 337 ι
231 276 374 339 nullitatis
400 277 510 357 pient,
534 273 637 356 gratiae
659 271 790 336 obtentae
812 271 968 353 exemplar
989 268 1144 334 earumdem

192 365 462 428 »concessionum
487 361 527 425 ad
553 361 753 426 Secretarium
779 360 919 442 ejusdem
939 362 972 425 S.
994 361 1141 442 congrege·

191 475 207 514 a
230 455 321 516 tionis
334 452 462 516 deferre.
480 475 495 511 a

230 547 320 604 root.
344 545 420 604 Clam
443 542 474 604 in
497 541 556 604 hoo
577 543 704 604 Decreto
724 559 825 604 sermo
841 540 877 604 sit
896 539 1037 603 duntaxat
1050 537 1084 599 de
1095 555 1142 597 roa·

191 631 363 694 cessionibus
379 631 579 714 peccantibus,
592 649 652 692 non
676 637 721 692 est
738 629 880 712 obligatio
893 627 1043 692 deierandi
1057 628 1144 689 Secre-

192 722 267 783 tario
281 723 379 785 Sacrae
393 719 639 803 Congregationis
657 719 915 802 indulgentiarum
926 716 1074 799 exemplar
1087 716 1144 775 ller-

191 811 356 892 oriptorum
372 813 403 875 in
417 811 527 894 quibus
540 809 734 874 continentur
751 807 944 880 solummodo
957 803 1145 871 conomsiones

192 899 396 982 particulares.

233 989 433 1055 Nihilominus
449 989 538 1054 ctiam
557 989 613 1052 ista
632 987 798 1070 posteriora
822 986 994 1070 Rescripta,
1015 985 1040 1048 si
1062 999 1146 1066 perot

193 1077 281 1142 alicui
295 1077 460 1162 parochiae,
470 1078 609 1160 collegio,
621 1077 854 1140 confraternitati
866 1125 874 1154 ‚
886 1085 958 1154 etc,
974 1070 1146 1155 indulgentia

193 1168 397 1241 conterantur,
413 1185 473 1230 non
487 1174 557 1229 sunt
572 1166 711 1228 lidelibus
724 1165 919 1239 notificanda,
936 1163 993 1227 nisi
1008 1171 1147 1246 postquam

193 1257 358 1319 constiterit
383 1255 421 1318 de
448 1255 568 1318 illorum
589 1255 812 1318 authenticitate
833 1273 887 1337 per
910 1253 1090 1335 Episcopum
1110 1253 1147 1308 aut

194 1345 287 1424 ipsius
300 1345 453 1407 Vicarium
476 1344 674 1418 (leocritiam,
691 1350 780 1426 prout
800 1362 892 1425 supra
909 1341 1042 1404 diximus
1054 1338 1146 1419 (4564),

190 1433 275 1509 juxta
301 1433 558 1514 praesoriptionem
586 1433 700 1495 Concil.
729 1433 862 1497 Trideot.
889 1433 976 1516 (sess.
1007 1427 1145 1508 21,c.9‚

82 1589 90 1604 ,
192 1519 227 1582 de
239 1520 320 1601 rofi).
335 1522 410 1584 Vide
424 1523 515 1584 etiam
529 1539 621 1602 supra
635 1525 707 1602 (70).

230 1613 321 1672 4565.
344 1613 416 1674 Haec
429 1618 529 1674 autem
545 1610 709 1674 lorrnalitas
723 1629 786 1673 non
800 1617 846 1674 est
859 1610 898 1673 de
911 1599 1095 1683 necessitate,
1108 1601 1147 1666 sed

194 1697 231 1760 de
244 1697 381 1762 decentia
393 1702 529 1778 tantiam,
545 1699 667 1782 quando
679 1701 777 1781 agitur
790 1699 829 1762 de
839 1698 1083 1762 concessionibus
1094 1711 1146 1776 per·

193 1787 346 1851 sonalibua
356 1839 363 1860 ,
373 1797 462 1872 prout
470 1796 541 1852 sunt
550 1789 744 1870 indulgentiae
757 1807 812 1870 pro
819 1789 946 1850 articulo
960 1788 1081 1862 mortis,
1094 1783 1148 1845 alla·

195 1877 234 1939 ris
244 1877 367 1960 pririlog
379 1881 429 1954 ati,
442 1877 565 1942 facultas
578 1896 706 1942 coronas
719 1877 951 1960 deprecatorias,
967 1877 1145 1944 numismata,

193 1971 264 2042 etc.‚
285 1968 499 2043 benedicendi,
515 1968 571 2030 nisi
595 1974 697 2030 tornea
718 1967 804 2029 aliter
826 1971 936 2029 statuat
958 1964 1145 2046 rescriptum.

233 2056 264 2116 S.
280 2058 312 2118 C.
330 2057 446 2136 lndulg.
459 2057 497 2118 ab
514 2056 746 2138 archiepiscopo
761 2055 998 2136 Rothomagensi
1014 2051 1144 2115 consulta:

197 2164 212 2202 r
231 2145 338 2208 Utrum
354 2144 558 2225 indulgentiae,
575 2145 728 2226 privilegia
741 2144 931 2208 etlacultates
942 2141 1115 2226 personales,
1126 2136 1145 2196 id

192 2253 208 2291 o
232 2239 277 2294 est
290 2251 359 2313 quae
372 2233 460 2294 alicui
471 2251 608 2314 porscnae
623 2233 743 2314 privatae
752 2233 971 2304 conceduntur,
984 2251 1012 2294 v.
1028 2252 1057 2313 g.
1068 2227 1146 2292 lndul-

193 2343 207 2380 n
232 2321 332 2401 gentio
352 2339 406 2402 pro
425 2321 550 2384 articulo
575 2321 694 2393 mortis,
712 2322 867 2386 lndultum
888 2321 1048 2404 personale
1067 2317 1147 2382 altaris

193 2431 208 2468 n
232 2408 422 2490 privilegiati,
437 2407 561 2472 incultas
574 2410 771 2473 benedicendi
787 2429 915 2474 coronas
926 2411 959 2471 B.
977 2411 1019 2474 Μ.
1038 2405 1148 2489 Virginis

193 2521 208 2558 o
233 2516 304 2562 oum
321 2497 519 2582 applicatione
538 2498 818 2580 Indulgendum,
840 2501 899 2561 sint
921 2499 1033 2581 pariter
1046 2497 1148 2561 nulloet

193 2613 208 2650 n
232 2588 345 2652 nulllus
369 2587 476 2650 valoris
500 2587 648 2669 quamdiu
666 2589 831 2670 Episcopus
850 2588 906 2650 loci
931 2587 981 2650 illa
1001 2606 1064 2650 non
1081 2601 1147 2648 reco-

193 2701 209 2738 n
234 2678 335 2760 gnavil
352 2685 382 2740 el
401 2677 569 2739 executioni
589 2677 725 2738 mandari
745 2677 882 2758 permisit
895 2677 997 2740 t-S.
1019 2677 1146 2758 congreg·

194 2791 208 2829 o
233 2768 406 2851 respondit:
422 2765 592 2846 Nepotioin
610 2765 669 2846 (dic
683 2768 718 2828 3l
733 2785 803 2847 aug.
823 2769 921 2845 4844).

236 2860 260 2917 Α
274 2856 407 2937 quodam
427 2857 497 2916 vert>
512 2852 666 2917 sacerdote
685 2854 823 2917 dioeoesis
837 2855 988 2919 valentin.
1007 2854 1146 2920 consulta:

199 2968 214 3005 o
233 2947 341 3009 Utrum
355 2945 407 3025 qui
418 2943 672 3006 obtinetdiversas
682 2943 835 3006 facultates
846 2945 885 3006 ab
896 2947 1063 3028 Apostoliot
1072 2941 1145 3014 sede,

195 3057 210 3094 a
234 3029 1145 3114 scilicetattarisprivilegiatipersonalis,erigendistationcsl'iae

195 3145 210 3180 o
234 3118 1145 3200 Crucis,benedicendioruces,numismata‚deheateahibere

195 3232 210 3269 o
235 3206 532 3284 Ordinario‚etianrsi
546 3209 627 3271 nulla
637 3213 751 3273 mentio
760 3211 835 3273 lacta
845 3211 884 3274 sit
893 3211 924 3274 in
937 3213 1143 3275 concessionum

196 3319 211 3356 o
235 3296 490 3378 rescriptisl-S.
506 3297 617 3378 Gongr.
629 3297 993 3382 respondit:Asfimotivi
1005 3295 1143 3384 quandiiu

228 3449 236 3476 ¹
253 3443 340 3495 Solent
352 3442 427 3495 hodie
438 3443 581 3510 hujusmodi
593 3443 719 3511 Rescripta
730 3453 874 3514 sequentem
882 3447 1009 3500 continere
1017 3445 1142 3501 claumlrrr:

198 3535 210 3634 ἱ
226 3513 351 3644 affixi
362 3515 491 3637 'tlrdinorii
501 3527 621 3567 consentu
636 3531 710 3590 praem
725 3519 773 3570 niti
782 3519 916 3576 obtinueris
927 3519 972 3574 lna
982 3521 1072 3575 ment
1081 3516 1142 3571 stow
