2482 3944
177 191 213 246 tt
394 199 530 246 sarusar
549 199 651 244 sortus
670 197 752 243 rums
773 196 920 242 canonici.

179 323 189 365 ε
207 311 266 362 {era
279 299 357 374 vini,
380 317 512 379 nempe:
532 297 624 360 oHic
641 305 684 358 est
704 298 781 358 enim
799 295 882 356 cotta
894 296 1046 376 sonpninis
1066 297 1144 370 mei,

177 413 190 448 a
214 388 282 449 novi
295 397 323 450 et
336 387 442 450 retenti
456 385 629 454 testamenti,
645 385 820 466 mysterium
834 383 923 465 fidei,
938 385 992 464 qni
998 405 1053 466 pro
1066 383 1147 446 vobit

176 500 191 538 o
215 480 244 538 et
256 496 312 558 pro
325 473 428 536 moitis
440 473 601 554 effundetur
613 475 644 534 in
659 474 854 536 remissionem
865 483 1076 550 peecatorum.»

216 567 306 628 3381.
329 567 362 628 ln
376 564 470 626 lormt
481 565 566 644 panis
576 563 678 624 omnia
687 561 777 624 verba
784 569 853 623 sunt
863 560 1030 622 essentialia
1041 569 1150 641 praeter

177 653 301 716 verbum
315 652 408 724 enim,
424 653 511 730 cujus
524 651 646 713 omissio
658 697 666 725 ,
679 651 763 728 juxta
777 648 949 712 Suarezium
964 655 992 709 et
1007 648 1092 725 alios,
1104 659 1151 712 est

179 742 277 804 solbm
292 741 407 803 veniale
423 747 596 821 peccatum
610 740 693 818 juxta
714 736 876 818 ltoneaglia
889 738 959 798 verb
973 744 1002 798 et
1016 738 1151 800 Coccina

179 837 256 893 esset
267 830 407 906 mortale;
418 828 522 904 ethos,
533 829 572 889 ait
584 830 615 888 S.
628 826 797 906 Liguorius,
806 844 868 886 non
879 832 922 886 est
932 826 1150 906 improbabile:

182 919 212 980 in
226 937 259 979 re
272 919 355 979 enim
374 925 436 978 tam
451 916 551 998 gravi,
572 933 633 978 non
647 915 763 976 videtur
776 913 848 982 levis
862 915 985 975 materia
999 932 1154 994 quecum-

181 1024 241 1086 que
255 1005 327 1068 levis
341 1005 467 1067 mutatio
480 1003 643 1065 deliberate
657 1002 792 1084 apposita
808 1002 872 1077 (lib.
888 1005 924 1074 6,
942 1014 976 1063 n⁰
989 1006 1068 1078 aab).

220 1095 254 1154 ln
269 1093 366 1154 torma
379 1099 481 1154 autem
494 1091 727 1152 consecrationis
740 1091 842 1152 calicis
855 1137 864 1168 ,
887 1091 968 1152 certe
984 1091 1155 1153 essentialia

183 1195 253 1243 sunt
263 1179 327 1242 haec
339 1181 428 1243 rerba
440 1199 447 1241 :
460 1178 519 1240 Hie
525 1188 568 1242 est
576 1179 658 1240 cotta
669 1179 820 1259 sonpuim's
830 1179 888 1240 mei
897 1201 908 1248 ,·
922 1181 1156 1242 controvertitur

182 1277 283 1330 autem
297 1277 399 1330 utrum
413 1275 520 1330 cetera
539 1267 628 1330 rerba
642 1267 779 1347 superius
794 1267 899 1342 relata,
918 1269 978 1327 sint
992 1269 1101 1348 pariter
1115 1268 1156 1330 de

184 1358 311 1417 essentia
327 1373 335 1417 t
350 1357 543 1418 communior
558 1357 705 1416 sententia
726 1361 829 1435 negat;
851 1355 903 1417 sed
918 1358 988 1418 ebm
1001 1355 1157 1420 affirmans

185 1462 246 1505 non
261 1444 299 1506 sit
315 1443 543 1525 improbabilis,
567 1461 640 1506 casu
662 1462 723 1522 quo
741 1443 895 1505 celebrans
918 1443 1014 1523 prima
1036 1447 1156 1508 tanturn

185 1532 275 1594 verba
288 1531 426 1609 dixisset,
442 1531 538 1594 torma
558 1530 615 1593 sub
632 1529 804 1592 conditione
825 1539 903 1593 esset
922 1532 1101 1612 repetenda3
1127 1541 1158 1595 et

185 1619 237 1700 qui
253 1620 381 1682 scienter
395 1620 459 1682 haec
469 1621 632 1700 posteriora
645 1619 736 1680 verba
745 1619 894 1682 omitteret
902 1622 983 1682 certe
992 1621 1158 1682 mortaliter

188 1717 334 1788 peccaret.
351 1711 393 1786 (S.
410 1709 547 1789 Lignea,
562 1707 613 1768 lib.
630 1710 666 1784 6,
682 1715 715 1768 n⁰
729 1710 811 1786 223.)

226 1800 317 1860 3333.
339 1797 515 1879 Disputatur
528 1815 567 1859 an
581 1795 645 1858 haec
664 1795 755 1858 verba
780 1793 837 1871 Qui
859 1794 978 1878 pm'dr'i,
994 1804 1075 1874 etc,
1097 1799 1161 1861 sint

187 1885 226 1946 de
239 1889 367 1948 essentie
379 1905 386 1947 :
403 1889 510 1948 Seotus
523 1903 593 1948 cunr
607 1885 673 1946 aliis
687 1883 812 1946 affirmat
827 1932 835 1960 ,
850 1885 921 1965 quia
933 1885 1024 1946 verba
1037 1887 1102 1947 Hor
1115 1899 1158 1950 est

187 1991 289 2051 eorpus
300 1993 412 2046 meum,
430 1975 545 2054 prolata
559 1974 625 2034 sine
639 1973 896 2053 precedentibus,
910 1991 971 2036 non
988 1973 1162 2054 significant

189 2061 303 2138 Corpus
316 2059 422 2121 Christi
435 2105 443 2134 ,
459 2061 512 2122 sed
526 2060 707 2120 sacerdotis:
721 2069 832 2138 negant
845 2069 944 2122 tamen
956 2065 1161 2126 communiter

190 2148 265 2222 bb,
286 2154 317 2208 et
338 2147 465 2228 probant
487 2165 524 2209 ex
544 2147 669 2208 Decreta
683 2148 810 2226 Eugenii
826 2151 881 2221 lV,
900 2151 951 2211 ubi
973 2155 1161 2216 consecratio

188 2233 297 2296 dieitur
319 2253 381 2298 non
401 2235 466 2297 aliis
487 2235 551 2296 lieri
572 2235 628 2296 nisi
650 2235 748 2297 verbis
762 2235 888 2298 Christi:
909 2240 1047 2301 «Forma
1069 2241 1162 2320 hujus

189 2350 204 2383 a
230 2325 413 2384 Sacramenti
437 2331 509 2385 sunt
534 2323 624 2385 verba
643 2323 802 2386 salvatoris
824 2326 935 2406 quibus
958 2326 1014 2390 hoc
1037 2331 1163 2392 conficit

190 2435 204 2470 a
229 2421 470 2474 sacramentum:
484 2413 624 2474 sacerdos
637 2413 720 2473 enim
736 2413 766 2473 in
778 2418 907 2494 persona
916 2415 1021 2477 Christi
1033 2417 1162 2498 loquens

190 2523 205 2558 a
229 2499 351 2561 coniicit
367 2501 634 2562 Sacramentum.»
653 2501 926 2564 Probabilissimam
945 2503 1023 2566 banc
1036 2515 1160 2570 senteu-

190 2588 263 2650 tiam
288 2595 319 2650 et
337 2605 532 2650 communem
563 2597 650 2652 vocat
670 2591 702 2652 S.
727 2591 849 2670 Ltguor.
877 2591 983 2669 (itta,
1008 2603 1041 2654 rr
1064 2597 1160 2676 223);

191 2695 252 2738 non
267 2676 357 2739 audet
376 2685 478 2738 minen
498 2675 600 2740 dicere
622 2677 851 2760 improbabilem
875 2681 1063 2761 oppositam,
1079 2689 1164 2747 tanti»

191 2767 285 2847 magis
299 2768 372 2847 quia
385 2765 503 2828 rubrica
518 2767 549 2828 in
567 2785 639 2829 casu
655 2768 785 2829 materiae
799 2767 898 2830 dubim
914 2771 1048 2851 precipit
1061 2780 1093 2833 ut
1112 2792 1162 2835 sa-

190 2855 297 2918 cerdos
311 2855 432 2935 incipiat
445 2855 483 2918 ab
503 2856 561 2918 illis
574 2856 673 2918 verbis
689 2876 695 2916 :
713 2855 772 2931 Qui
780 2856 903 2938 pridie,
919 2865 976 2920 etc.
990 2905 998 2936 ‚
1013 2867 1043 2921 et
1055 2861 1164 2924 Simili

189 2943 285 3016 modo,
301 2951 358 3005 etc.

231 3036 319 3094 3383.
346 3032 450 3104 Quoad
464 3031 661 3093 mutationem
675 3033 835 3096 verborum
851 3035 974 3112 formae,
993 3036 1059 3100 haec
1072 3037 1164 3103 habet

193 3120 311 3182 rubrica
324 3119 474 3180 Missalis:
494 3119 552 3179 ast
567 3121 636 3199 quis
658 3131 758 3184 autem
779 3123 893 3204 aliquid
911 3125 1096 3189 diminueret
1115 3132 1163 3191 vel

192 3232 206 3264 a
231 3207 404 3268 immutaret
417 3205 455 3268 de
468 3206 564 3268 torma
577 3211 828 3287 consecrationis,
851 3219 881 3274 et
900 3214 990 3276 verba
1004 3213 1082 3276 idem
1099 3235 1163 3281 non

192 3317 207 3354 ι
232 3293 450 3375 significarent,
466 3313 527 3357 non
548 3295 711 3360 conticeret
725 3307 967 3363 sacramentum:
984 3303 1007 3364 si
1023 3305 1092 3365 rerd
1106 3306 1162 3367 ali-

192 3407 206 3443 s
232 3383 305 3464 quid
319 3381 442 3446 adderet
454 3383 537 3467 quod
557 3383 807 3466 significationem
826 3406 887 3451 non
907 3399 1053 3466 mutaret,
1068 3394 1161 3455 confi«

193 3493 207 3528 a
231 3479 312 3535 oeret
333 3471 481 3553 quidem,
504 3473 558 3536 sed
578 3474 751 3560 gravissime
774 3487 952 3559 peccaret.»
980 3479 1055 3542 Vide
1080 3481 1162 3561 apud

53 3577 65 3620 ῃ
192 3549 361 3642 timebun
373 3563 634 3628 samaritanam
650 3579 796 3640 masau,
809 3566 870 3628 tlte
887 3566 919 3628 iu
933 3565 1043 3644 qulbus
1054 3567 1159 3632 imrllc
