2420 3968
908 6 1101 47 „W

180 146 236 204 611
396 153 534 203 utuntur
554 154 657 203 rorum
675 153 758 201 rums
778 150 927 200 unuourcr.

178 257 310 321 sentiunt
326 259 495 319 Nocturnos
504 272 593 336 posse
606 271 679 318 cum
690 254 771 333 iusti
784 255 876 318 ouusd
886 251 1032 336 seperari.
1042 251 1084 332 (S.
1097 253 1141 314 Li·

179 365 280 430 gnon,
296 345 347 408 lib.
364 351 401 422 1,
419 355 453 408 n⁰
469 347 551 423 161.)

219 439 307 498 5112.
330 434 517 496 probabilius
530 437 596 512 est,
609 439 714 496 contro
728 430 890 496 nonnullos
902 429 957 514 qui
970 429 1004 492 id
1017 437 1140 514 negent,

180 523 262 608 qudd
274 523 348 586 bore
369 542 432 586 non
446 523 484 585 sit
497 521 658 606 repetendo
679 520 802 605 quando
815 521 847 582 in
859 521 897 584 et
917 519 1032 584 recidit
1044 539 1142 602 magur

181 613 358 694 interruptio
380 631 388 674 ε
414 611 497 676 unde
510 610 536 674 is
556 613 607 694 qui
622 610 712 673 hodie
734 610 840 692 incipit
856 609 1042 672 Matutinum
1056 619 1146 692 posset

180 701 332 784 complere
345 701 377 764 in
391 702 522 766 crastino
536 699 596 778 die,
611 699 678 762 sinb
688 705 813 781 peccato
826 699 924 782 gravi,
939 698 1080 780 quamvis
1088 699 1145 761 sind

182 794 285 854 coust.

221 883 311 944 5113.
336 881 440 944 Cnusae
455 881 542 961 juste
556 877 798 961 interrumpendi
816 875 950 941 officium
964 883 1039 941 suut
1053 894 1062 940 1
1076 897 1144 960 qur·

182 969 257 1033 libet
275 971 387 1034 utititas
400 969 521 1054 propriu
540 969 586 1032 vel
599 968 716 1044 aliena,
736 966 910 1046 urbanius,
925 965 1066 1044 devotio,
1085 985 1144 1030 exe·

184 1059 266 1123 cutio
298 1058 509 1122 mundatorum
542 1057 757 1140 Superiorum.
788 1055 924 1138 exceptio
958 1054 1145 1119 confessionis

184 1149 311 1230 alicujus
321 1149 373 1232 qui
387 1147 515 1210 libenter
528 1165 589 1210 non
604 1151 789 1228 expecteret3
805 1145 830 1208 si
841 1145 914 1208 uelis
927 1144 1045 1227 aliquid
1057 1163 1144 1226 agero.

186 1238 232 1301 vet
255 1245 377 1315 notare,
399 1243 433 1300 ut
454 1236 541 1299 tollas
562 1235 809 1312 distractionem,
824 1234 870 1297 uel
894 1251 933 1296 ne
953 1233 1141 1300 oblivisceris.

187 1327 277 1388 modo
299 1327 357 1388 hoc
379 1324 710 1407 confrequentatac
734 1323 814 1387 licite
832 1324 922 1386 etium
949 1329 1050 1406 potest
1071 1324 1145 1385 inter·

186 1415 261 1476 mitti
274 1413 370 1476 breuis
382 1413 477 1475 oratio
490 1413 535 1476 vet
547 1413 672 1477 affectus
681 1413 767 1496 pius,
779 1419 837 1475 etc.
850 1413 894 1490 (S.
909 1413 1049 1494 Lignum,
1063 1411 1110 1474 tib.
1118 1415 1143 1483 1,

187 1511 220 1563 n·
235 1503 321 1581 168.)

226 1595 315 1654 5111.
337 1625 377 1640 -
396 1593 429 1654 2⁰
451 1589 595 1654 Ordinato
613 1611 625 1653 .·
646 1591 685 1654 de
706 1590 812 1654 ordine
832 1589 976 1654 horarum
999 1589 1068 1654 vide
1086 1609 1142 1653 cen.

187 1678 359 1764 Presbyter,
383 1681 452 1744 dist.
476 1685 532 1758 91,
557 1699 647 1763 supra
671 1681 798 1744 relatum
820 1680 945 1761 (5661);
970 1697 1036 1742 non
1058 1690 1143 1743 nutem

187 1769 278 1834 debet
299 1771 402 1833 inverti
418 1771 492 1834 ordo
509 1770 653 1833 horarum
675 1770 789 1852 absque
808 1771 897 1833 ceusd
908 1770 1017 1849 juste:
1039 1767 1144 1853 quodsi
1194 1801 1195 1820 1

189 1859 782 1938 nihilominusfiat‚erittanti1mveniale,
797 1859 1144 1928 sultemextrschorum

187 1949 271 2029 juxta
280 1949 519 2012 communiorem
528 1947 825 2010 sententinmrethoc
833 1947 1033 2029 probabilius,
1044 1947 1143 2012 etiamsi

189 2037 361 2118 frequenter
374 2039 521 2101 accideret
536 2059 544 2114 ;
560 2055 630 2100 cum
645 2039 736 2099 coust
749 2037 820 2099 verb
835 2055 898 2099 non
921 2043 967 2100 est
986 2045 1141 2119 peccatum.
1193 2083 1194 2108 1

228 2129 318 2187 5115.
339 2127 432 2188 Justae
446 2145 544 2190 causeo
558 2125 724 2188 invertendi
739 2125 877 2188 ordinem
886 2127 1074 2192 recitationis
1085 2145 1140 2209 pro

190 2211 326 2274 hebiliter
339 2219 409 2276 sunt
424 2233 432 2275 ε
447 2217 473 2277 si
485 2216 632 2294 inviteris,
647 2235 676 2277 v.
692 2235 736 2296 g.‚
752 2215 790 2277 ab
803 2213 954 2278 umioosd
970 2215 1138 2280 recitandum

189 2319 261 2365 cum
275 2301 357 2383 ips0;
373 2303 398 2364 si
420 2323 481 2366 non
499 2303 609 2366 habeas
623 2305 761 2385 prompte
781 2303 962 2366 breuiarium
975 2305 1017 2367 ud
1037 2307 1135 2370 reo'ur
1192 2357 1193 2360 ¹

189 2390 263 2455 dum
286 2393 487 2472 Matutinum,
510 2411 567 2456 nec
585 2393 746 2456 commode
758 2393 854 2476 possis
877 2401 1139 2476 expectaremus
1192 2389 1193 2400 ’

191 2498 294 2564 posses
311 2480 426 2544 Laudes
440 2483 555 2560 dicerc;
578 2483 601 2543 si
622 2483 693 2544 verb
714 2483 816 2544 venius
832 2481 870 2544 ud
889 2482 1040 2564 chorum,
1059 2483 1142 2548 officio

192 2571 330 2654 incepto,
346 2577 417 2648 etc.;
432 2579 463 2634 et
475 2571 517 2634 sic
530 2573 549 2633 b
562 2570 668 2634 veniali
684 2578 806 2635 excusat
818 2569 962 2654 quaelibet
976 2573 1144 2638 rationabilis
1191 2629 1192 2648 ,

191 2677 301 2738 ceusu,
324 2665 355 2722 et
372 2659 452 2722 idem
473 2657 636 2723 dicendum
655 2659 694 2723 de
707 2660 875 2725 inversione
887 2661 920 2724 iu
942 2663 1052 2728 etdem
1072 2663 1142 2726 bort

232 2747 335 2822 Quoad
347 2748 469 2812 chorum
480 2749 707 2812 controvertitur
720 2767 760 2812 en
770 2749 808 2812 sit
817 2757 1002 2834 preceptum
1011 2753 1070 2817 sub
1077 2751 1144 2836 grui

191 2839 330 2902 ordinem
343 2845 373 2901 et
387 2838 476 2901 horas
489 2839 676 2920 prescriptos
694 2838 831 2902 servandi
847 2859 856 2900 :
871 2840 1058 2922 probabilius
1074 2843 1145 2926 punt

192 2929 224 2990 S.
248 2927 406 3009 Lignorius
419 2935 602 3010 praeceptum
618 2945 679 2989 non
692 2927 825 3011 obligare
839 2929 896 2992 sub
916 2933 1015 3012 gravi,
1036 2930 1143 3016 quiade

192 3013 249 3078 hdo
263 3015 343 3096 gravi
358 3015 539 3094 obligatione
551 3035 612 3079 non
624 3021 750 3080 constet.

232 3105 322 3165 5116.
345 3101 631 3168 Probabiiiusetiam
643 3106 1142 3175 essettentbmveniutedinercmis

193 3208 258 3255 sum
269 3195 338 3252 unte
351 3191 534 3254 matutinum
541 3195 606 3256 sine
613 3197 714 3257 ccust.
729 3197 772 3273 (S.
784 3195 981 3276 Lignor.,lib.
991 3203 1023 3278 1,
1033 3199 1072 3262 n'·
1082 3201 1138 3272 1111,
1188 3181 1190 3198 ’

232 3369 322 3426 6117.
343 3397 384 3411 -
402 3369 435 3427 3⁰
449 3367 587 3449 Tempore
599 3368 695 3432 debito
708 3390 721 3432 .·
732 3375 892 3456 «Tempus
900 3375 1042 3443 horarum
1051 3375 1138 3458 incipit

192 3471 208 3509 r
232 3453 250 3511 1
273 3457 385 3532 puncto
406 3452 513 3517 mediae
533 3459 628 3519 noctis
648 3461 852 3526 antecedentis
873 3463 949 3546 diei,
967 3473 998 3531 et
1017 3467 1137 3530 terminat

194 3557 208 3590 o
232 3538 267 3598 ad
283 3545 427 3618 punctum
442 3541 548 3602 mediae
563 3547 659 3607 noctis
672 3545 731 3610 diei
744 3553 932 3633 sequentis...
938 3576 946 3634 ς
962 3553 1041 3620 horre
1051 3561 1135 3619 sutem
