2462 3972
223 197 280 258 119
441 211 575 256 nanuum
594 211 694 258 nonos
714 211 798 258 mnis
819 210 970 256 canonici.

261 313 351 371 5393.
374 307 453 370 Noto
467 311 603 387 tantiam,
618 309 718 389 quoad
732 309 879 384 uniones,
896 312 927 370 1ο
942 309 1025 390 qudd
1042 312 1059 371 a
1078 311 1183 373 Conci.

222 397 353 458 V'rident.
370 399 453 474 (sess.
470 402 509 474 7,
534 416 600 478 cap.
624 403 660 469 t,
685 396 719 460 de
733 398 803 479 res.)
820 397 1004 480 prohibitum
1019 399 1110 462 suerit
1125 422 1139 457 ι
1152 419 1185 460 00

221 507 239 567 p
263 486 349 567 plura
366 486 514 548 beneficia
525 504 580 568 per
598 487 677 550 viem
691 488 813 550 unionis
830 485 971 549 advitam
988 487 1184 568 reciperentur

225 571 240 633 i
262 581 314 636 aut
333 574 534 638 retinerentur
555 597 595 652 »3
621 583 802 658 quapropter
825 576 951 638 docente
976 577 1140 656 Fagnano,
1158 578 1183 637 in

223 681 289 744 cap.
306 663 485 744 Exposuiati
497 666 548 740 33,
570 663 605 726 de
619 663 805 741 Praebendis,
820 665 893 726 unio
906 663 944 724 ad
961 663 1055 726 ritem
1075 671 1188 728 nonest

223 753 343 833 proprie
356 753 446 830 unio,
464 753 518 815 sed
531 753 626 834 magis
640 753 780 834 quedam
794 752 912 834 palliata
924 751 1113 833 dispensatio
1126 771 1188 834 pro

223 839 325 902 hibitae
335 840 511 923 pluralitatis
523 842 835 904 beneficiorumVera
849 841 1012 903 enimunio
1026 840 1119 902 debet
1132 860 1188 902 essa

223 929 312 990 realis
330 937 360 991 et
380 939 538 1012 perpetua,
558 949 615 992 nec
635 938 757 1012 propter
775 947 934 1011 personas,
957 927 1010 990 sed
1037 947 1094 1011 pro
1117 929 1187 990 hono

225 1017 368 1082 Ecclesiae
389 1027 506 1099 peracta
526 1019 656 1100 (Sogdia,
680 1019 737 1098 ib,
751 1019 770 1099 5
783 1019 843 1098 85).
865 1017 939 1080 Vide
953 1017 1035 1080 dicta
1053 1037 1145 1099 supra
1156 1019 1189 1080 de

225 1107 397 1172 Lectoribus
412 1109 567 1189 theologiae
586 1109 633 1170 uel
651 1109 868 1190 grammaticae,
879 1111 950 1184 etc,
966 1106 1003 1168 ad
1019 1107 1187 1187 parochias,

225 1195 257 1258 in
271 1196 381 1276 quibus
393 1215 454 1258 non
468 1197 616 1272 resident,
633 1197 794 1260 nominatis
808 1199 899 1273 (369).

265 1287 355 1347 5391.
369 1319 408 1332 -
421 1290 453 1348 2⁹
465 1285 617 1363 Uniones,
637 1293 773 1348 cessante
786 1288 894 1360 causa,
913 1283 1036 1345 dissolvi
1051 1293 1187 1365 pownt

228 1389 337 1453 nempe
349 1374 374 1434 si
389 1373 518 1454 populus
528 1375 670 1451 creverit,
682 1374 706 1434 si
721 1372 854 1434 redditus
864 1372 1194 1447 fuerintaucti,siaedes

226 1479 318 1522 sacrae
332 1461 390 1522 sint
404 1462 571 1526 restitute:
592 1461 815 1537 dissolvuntur,
831 1461 996 1541 presertim
1012 1460 1059 1538 si,
1077 1471 1194 1523 mutans

227 1548 471 1626 circumstantiis,
487 1551 560 1612 unio
573 1551 663 1612 noxia
677 1569 742 1612 esse
758 1549 891 1630 ceperit.
907 1548 1018 1610 lisdem
1032 1553 1136 1612 autem
1150 1569 1194 1609 so-

228 1637 432 1700 lemnitatibus
451 1638 654 1701 dissolvuntur
674 1639 801 1702 uniones
824 1655 860 1700 ac
877 1635 988 1717 quibus
1008 1635 1134 1699 fuerunt
1151 1657 1196 1718 pe

228 1733 327 1788 rnotae.
344 1725 418 1789 Vide
433 1726 519 1788 Card.
536 1727 637 1808 Soglia
652 1727 742 1805 (lost.
752 1726 820 1808 jor.
829 1725 954 1807 prio.,§
967 1729 1018 1798 86,
1030 1726 1064 1784 in
1078 1728 1158 1806 fine).

261 1814 439 1878 5395.Νο10
449 1815 581 1896 insuper,
590 1813 975 1896 quoaddismembrationem
982 1812 1195 1894 beneficiamus,

230 1921 293 1965 esse
307 1921 403 1984 genus
413 1903 688 1966 dismembrationis
702 1901 852 1964 diversum
872 1901 910 1964 ab
924 1919 961 1962 eo
975 1900 1014 1962 de
1028 1921 1092 1983 quo
1111 1903 1197 1965 locuti

229 2009 334 2054 sumus
357 2011 447 2073 supra
464 1993 565 2070 (341):
581 2010 635 2072 per
653 1991 726 2054 illud
749 1991 831 2052 euim
853 1989 891 2052 de
911 2007 1100 2070 cuonone,
1121 1993 1195 2054 00101

229 2080 368 2142 beneficii
383 2082 511 2160 unitate,
528 2100 589 2142 non
604 2099 674 2162 pars
688 2079 841 2151 territorii,
858 2078 910 2140 sed
924 2097 995 2161 pars
1008 2079 1109 2160 eliqua
1121 2079 1195 2141 1000-

229 2175 313 2228 tuum
328 2169 366 2230 ab
380 2169 445 2250 ipso
458 2169 623 2232 detrahitur
640 2175 670 2232 et
686 2169 769 2231 atteri
791 2167 939 2230 beneficio
957 2185 1013 2230 seu
1030 2169 1087 2250 piae
1099 2186 1191 2230 rause
1219 2189 1220 2219 t

228 2255 418 2334 attribuitur,
434 2258 516 2340 quod
529 2258 581 2336 tit,
596 2278 625 2322 v.
637 2278 682 2340 g.,
697 2256 876 2339 pensionem
892 2256 1120 2332 constituendo,
1138 2265 1185 2315 aot

230 2345 327 2405 texam
339 2345 523 2428 imponendo
539 2367 547 2408 τ
562 2349 669 2430 portd,
679 2347 734 2408 etsi
741 2348 809 2425 jure
820 2344 973 2406 ordinario
987 2343 1186 2408 1000οά100000-
1218 2399 1219 2402 ,

230 2429 325 2494 brntio
338 2435 376 2496 sit
390 2439 499 2517 pariter
512 2433 1194 2518 ροο1010110,01100000010000010110οὥ01000,
1218 2433 1219 2481 t

229 2521 347 2586 casibus
367 2541 476 2606 nempe
494 2528 513 2586 a
527 2528 596 2604 jure
618 2523 793 2605 permissis:
810 2521 906 2596 unde,
921 2541 951 2584 v.
967 2542 1014 2604 g.,
1029 2541 1067 2586 ex
1086 2523 1198 2584 Conrii.

229 2610 361 2673 Trident.
378 2613 465 2694 (sess.
478 2617 532 2689 23,
543 2631 609 2694 cap.
627 2616 675 2692 18)
689 2631 743 2693 pro
754 2611 906 2674 erectione
915 2611 1074 2672 seminarii
1087 2611 1204 2674 deuehi
1217 2625 1218 2658 t

231 2707 326 2778 potest
346 2707 409 2763 tum
430 2704 449 2763 d
475 2705 577 2764 mensa
602 2699 783 2782 episcopali,
804 2707 869 2761 tum
888 2717 927 2760 ex
948 2699 1203 2766 canonicatibus.

233 2789 429 2870 nigrantibus
446 2791 572 2872 aliisque
590 2789 763 2864 beneficiis,
777 2797 844 2850 taxa
866 2787 959 2849 trium
973 2793 1138 2852 scutorum
1152 2805 1217 2870 prot

231 2885 365 2952 eentum,
377 2885 405 2940 et
414 2882 438 2940 si
453 2869 514 2940 hon
525 2878 685 2955 sufficiant,
697 2877 839 2960 usquead
849 2883 934 2940 scuta
947 2877 1091 2957 quinque
1103 2881 1204 2960 augeri

232 2974 366 3046 possunt.
383 2967 457 3029 Vide
467 2968 591 3049 insuper
604 2967 683 3028 dicta
697 2985 787 3048 supra
797 2967 1004 3044 (enar-5360).

271 3053 418 3116 ceterum
433 3055 767 3136 generatimaconcitio
780 3051 1022 3116 Lateranensilll
1033 3057 1119 3138 (cap.
1137 3059 1209 3122 Pri-

232 3139 373 3218 in'bemus,
397 3143 432 3204 de
450 3141 589 3224 retribue)
606 3143 790 3226 prohibitum
809 3141 865 3206 tuit
884 3164 901 3202 a
924 3159 963 3204 00
982 3141 1023 3203 01)
1044 3146 1214 3229 Episcopis

232 3249 246 3286 a
272 3229 340 3290 nori
353 3249 462 3292 census
472 3233 666 3314 imponentur
680 3231 863 3308 ecelesiis...;
872 3229 1107 3298 sedtibertatem
1116 3255 1207 3319 quan

232 3315 326 3376 nsibi
353 3318 483 3394 majores
515 3339 693 3383 conservare
723 3319 911 3396 desiderant,
938 3319 1117 3386 minoribus
1151 3329 1208 3391 000

231 3421 246 3458 o
271 3401 351 3464 bona
362 3403 513 3469 voluntate
526 3415 714 3471 conseruent.
726 3407 838 3489 Siquid
846 3407 932 3470 aliter
941 3407 1075 3472 iecerint
1088 3413 1179 3478 irritu

232 3509 247 3547 o
271 3487 443 3552 habeatur»
463 3495 568 3574 :quod
591 3496 764 3560 innovatum
778 3495 1012 3560 fuithrident.
1037 3509 1132 3576 (sess.
1157 3509 1193 3565 25»

232 3587 299 3654 cap.
323 3581 366 3652 o).
392 3577 507 3640 aNihit
534 3582 566 3643 in
590 3584 651 3646 ulit
675 3585 845 3666 provisione
864 3584 1037 3648 detrahatur
1052 3609 1071 3646 a
1084 3633 1096 3668 ,
1111 3591 1169 3674 inq
1190 3591 1195 3604 '
