2498 3966
395 165 481 216 44444
500 165 657 218 44444444.
893 193 896 200 -
954 153 1011 222 446

41 284 137 344 eausa,
152 284 181 328 v.
196 284 243 346 3.,
260 263 298 326 ad
312 261 453 328 alendum
475 281 659 344 pauperem,
676 263 716 324 ob
729 263 844 326 bouum
858 264 1010 344 necteria,

41 353 75 415 ad
97 353 274 435 equitatem
293 351 569 434 compensandam
593 351 686 428 alies,
705 351 804 433 inquit
823 354 854 416 S.
877 353 1011 434 Liguor,

42 441 90 503 lib.
112 444 151 520 3,
176 444 211 504 n⁰
234 445 275 503 *13
291 458 301 504 a
324 440 500 503 aObtinens
515 457 577 502 non
596 439 652 501 erit
668 445 750 502 tutus
768 441 800 502 in
818 442 1012 521 conscientia,

41 552 56 590 4
79 530 195 592 etiamsi
210 532 295 612 Papa
308 529 532 611 dispensaverit.
550 549 565 586 4
601 560 602 564 =

79 621 168 681 5466.
191 620 305 681 Pensio
315 619 347 680 in
357 617 481 680 materia
495 616 599 679 odiost
613 635 674 679 non
688 617 768 680 venit
782 619 905 683 nomine
919 618 1012 682 bene-

43 705 120 784 ticii,
143 705 224 770 bene
251 707 408 769 tamenin
440 706 566 768 materia
586 705 750 771 favorabili.
780 707 855 770 Vide
882 708 1014 771 Ferraria

44 793 81 873 (vl
95 794 218 872 Pensio,
236 796 270 856 4ο
283 798 324 874 8).

79 883 168 946 5467.
194 884 320 957 Quaerit.
342 887 449 948 Utrum
468 883 505 944 sit
526 881 641 945 licitum
665 883 818 964 resignare
830 883 1013 949 beneficium

44 971 294 1052 ecclesiasticum,
309 975 459 1035 reservata
473 973 574 1034 annua
589 971 757 1053 pensione?

81 1061 168 1142 llesp.
181 1063 255 1124 Jam
268 1061 360 1124 tuisse
374 1060 556 1124 satisfactum
570 1058 641 1122 huic
654 1061 812 1141 quaestioni
825 1080 833 1123 :
844 1062 911 1125 vide
921 1065 1012 1144 (505).

46 1146 226 1213 hddendum
241 1156 287 1213 est
301 1150 350 1212 htc
371 1148 452 1232 qubd
465 1167 503 1210 444
517 1151 548 1224 S.
564 1149 684 1229 Lignor.
701 1149 766 1221 (lib.
782 1154 812 1228 3,
829 1159 863 1212 n⁰
877 1153 929 1230 72)
944 1154 1015 1215 rosi-

46 1246 166 1314 gnantes
180 1245 311 1321 possunt
318 1258 350 1301 se
357 1239 489 1320 obligare
502 1238 592 1300 etiam
606 1237 643 1298 ad
658 1255 778 1318 poenam
793 1239 976 1317 solvendam,
990 1242 1015 1304 si

45 1342 225 1390 consensum
240 1327 394 1390 retrahant
408 1347 416 1389 :
432 1326 489 1388 boc
502 1333 602 1388 tamen
618 1325 823 1408 dependenter
836 1331 853 1390 a
864 1348 1015 1394 consensu

47 1412 154 1478 praelati
167 1464 176 1490 ‚
191 1417 267 1499 quia
279 1415 421 1498 obligatio
435 1435 498 1479 non
512 1420 609 1496 potest
631 1433 697 1478 esse
720 1417 777 1478 nisi
800 1417 1012 1482 conditionata.

81 1505 170 1568 6468.
194 1505 283 1568 Adde
298 1507 421 1586 insuper
434 1503 516 1586 qudd
530 1504 555 1565 is
573 1503 624 1585 qui
639 1505 769 1586 resignat
783 1525 853 1569 cum
868 1509 1015 1588 pensione

49 1588 74 1648 in
87 1589 218 1657 levorem
233 1594 311 1657 tertii
327 1613 387 1656 non
402 1600 497 1675 potest
509 1593 629 1673 exigere
638 1593 859 1674 hypothecam,
874 1596 920 1658 vel
934 1595 1015 1660 ndei-

49 1679 226 1762 iussionem,
244 1689 297 1746 aut
319 1683 510 1763 anticipatam
524 1681 720 1758 solutionem,
737 1681 794 1743 nisi
809 1681 874 1744 haec
895 1684 983 1746 simul
998 1688 1015 1748 d

49 1766 122 1848 Papi
142 1771 360 1850 admittantur,
392 1770 463 1852 quia
484 1771 551 1848 jura
576 1767 734 1850 prohibent
759 1770 838 1832 circa
869 1769 1015 1835 beneficia

49 1857 142 1920 omnia
165 1867 255 1941 pacta
282 1879 350 1942 quae
374 1859 411 1921 de
436 1860 504 1938 jure
528 1857 571 1919 eis
594 1875 656 1918 non
678 1857 790 1920 insunt.
817 1857 862 1940 (S.
879 1859 1013 1941 Liguor.,

50 1941 95 2005 lib.
109 1950 139 2024 3,
154 1959 188 2012 44ο
202 1955 263 2027 lt,
277 1957 339 2011 444.
355 1951 397 2026 4.)

85 2038 170 2100 5469.
194 2039 274 2102 Casu
287 2056 349 2119 quo
358 2047 555 2100 commutatio
567 2035 706 2097 effectura
721 2054 783 2098 non
797 2035 930 2117 haberet,
941 2057 1014 2102 con-

53 2123 212 2189 tmvertitur
233 2123 273 2189 an
287 2131 493 2208 permutantes
505 2124 623 2187 valeant
642 2125 762 2207 propria
781 2127 956 2190 auctoritate
977 2129 1014 2190 ad

55 2203 189 2278 beneficia
202 2215 301 2279 redire
314 2235 323 2278 ι
339 2213 515 2295 negantium
527 2213 657 2276 rationes
668 2221 739 2276 sunt
750 2215 831 2296 quod
840 2217 1015 2281 renuntians

52 2299 149 2365 amittit
161 2305 286 2368 titulum
299 2311 329 2367 et
343 2304 456 2384 indiget
468 2305 545 2366 nova
558 2303 732 2380 collatione;
749 2305 873 2386 insuper
886 2305 1016 2370 afferunt

54 2382 78 2445 ln
88 2391 294 2467 probationem
307 2391 409 2476 plures
422 2392 590 2455 decisiones
604 2394 702 2453 Sacrae
715 2396 817 2468 Rotae3
834 2393 1015 2457 affirmantes

54 2478 115 2538 rard
127 2479 234 2546 dicunt
256 2481 517 2562 renuntiationem
530 2479 622 2542 fuisse
643 2481 853 2543 tantummodo
866 2481 1013 2544 conditio-

55 2571 165 2648 natam‚
193 2570 322 2654 proinde
337 2570 452 2633 nullam
466 2587 531 2632 esse
545 2566 703 2630 deficiente
721 2567 894 2631 conditione
906 2569 948 2647 (S.
964 2571 1013 2632 Li-

53 2669 145 2736 guon,
160 2659 302 2742 44444).-
314 2659 390 2722 Vide
401 2677 492 2740 supra
506 2659 596 2738 (518).

88 2747 173 2812 5446.
197 2749 343 2814 Notandae
363 2755 433 2813 sunt
451 2747 575 2829 insuper
597 2745 807 2828 dispositiones
820 2747 915 2810 Edicti
928 2749 1013 2828 jussu

54 2823 210 2901 Innocentii
222 2841 275 2902 XII
288 2837 419 2901 emanati
442 2841 478 2900 tt
499 2835 655 2898 novembr.
672 2839 749 2899 1692
765 2855 772 2896 :
793 2837 1014 2918 «Praecipimus

54 2937 67 2972 4
88 2927 117 2982 et
124 2928 281 2990 statuimus
294 2945 333 2990 ne
342 2927 374 2990 in
388 2931 708 3008 posterumgraventur
718 2925 913 3006 parochiatae,
925 2929 1014 2990 etiam

54 3024 67 3060 4
87 3009 161 3087 juris
181 3017 356 3098 patronatus
373 3013 460 3092 laici,
485 3014 681 3096 pensionibus
705 3033 711 3074 :
732 3019 823 3096 atque
844 3014 902 3078 hoc
924 3015 1013 3080 etiam

54 3113 67 3149 4
88 3099 259 3168 observetur
272 3104 310 3167 ab
324 3104 397 3186 ipsis
409 3103 546 3166 locorum
560 3101 734 3179 Ordinariis,
750 3103 782 3164 in
796 3105 1014 3185 provisionibus

56 3201 69 3236 4
90 3187 125 3248 ad
139 3189 218 3272 ipsos
231 3193 446 3276 spectantibus.
462 3195 608 3254 Praeterea
622 3210 660 3253 ne
672 3191 868 3256 admittantur
879 3195 1013 3276 resigna-

55 3289 68 3326 4
88 3273 183 3344 tiones
195 3291 247 3346 out
259 3281 494 3365 permutationes
503 3280 719 3364 parochialium
732 3299 802 3343 cum
817 3285 1015 3347 reservatione

57 3379 70 3414 4
90 3369 276 3450 pensionum,
287 3370 326 3435 ad
338 3373 557 3452 cujuscumque
567 3369 698 3432 favorem
709 3376 739 3432 et
752 3371 808 3432 sub
822 3390 1015 3453 quocumque

59 3466 69 3505 4
93 3455 192 3536 titulo,
207 3463 296 3524 etiam
310 3459 507 3543 praestationis
519 3458 733 3521 alimentorum
743 3459 899 3540 ruultdque
913 3461 1014 3522 minbs

60 3551 72 3594 4
93 3557 274 3613 reserrentur
288 3549 448 3633 pensiones
461 3565 552 3631 super
572 3546 692 3610 easdem
711 3546 909 3630 parochiales,
924 3553 1010 3608 eto.»
