2462 3972
401 196 486 241 arnan
507 195 666 243 succuum.
961 179 1015 242 ott

45 296 194 372 instituta,
217 293 278 356 folii
300 297 448 356 contrarie
472 294 539 374 lege
566 301 682 374 posset,
709 300 760 356 aut
783 294 1022 372 consuetudine,

44 383 133 466 quod
148 387 252 444 tomen
265 380 513 444 communissime
527 383 546 443 a
559 385 621 444 DD.
637 387 774 462 negatur.

88 475 180 534 5296.
204 471 314 543 Quinta
332 469 457 532 demum
472 471 620 532 sententia
638 471 860 534 immunitatem
874 471 1025 534 bonorum

46 558 322 624 ecclesiasticorum
346 560 363 620 a
385 559 452 637 iure
472 557 674 620 ecclesiastico
694 559 803 641 repetit
824 577 833 620 t
859 558 906 621 hte
924 563 1027 622 autem

48 649 120 710 duae
133 647 313 727 posteriores
326 647 482 708 sententiae
495 645 694 710 conciliantur
706 645 836 709 dicendo
851 647 1027 710 immunita·

50 743 113 798 tam
129 735 361 798 ecclesiasticam
375 753 441 797 esse
455 735 717 799 fundamentaliter
735 733 858 818 quidem
873 737 969 816 tium
985 735 1030 797 di-

42 822 142 903 'rino‚
157 823 211 886 sed
223 822 416 886 determinari
432 827 449 886 e
461 826 529 903 jure
542 823 744 886 ecclesiastico
758 824 912 905 quomodo
926 823 963 886 sit
976 825 1029 887 oh·

52 911 202 976 servanda
217 931 225 973 ε
240 917 271 973 et
286 911 346 974 hoc
358 911 474 976 videtur
492 913 678 975 conformius
693 913 774 976 dicto
788 913 918 992 capitulo
933 912 1029 990 Ouen-

52 1021 143 1082 puam
157 1007 188 1062 et
197 1001 296 1063 verbis
305 999 396 1063 modo
409 1001 510 1064 relatis
523 1001 647 1066 Concilii
657 1000 833 1064 Tridentini.

95 1091 197 1152 Status
214 1088 307 1152 civilis
328 1108 390 1151 non
412 1092 547 1172 astorgo
570 1090 768 1154 immunitatis
791 1095 914 1166 auctor;
937 1088 991 1151 sed
1005 1089 1030 1148 si

53 1175 239 1241 christianus
258 1178 410 1254 est‚debet
432 1196 498 1242 esse
519 1179 615 1241 fidelis
638 1183 830 1242 conservator
843 1177 923 1242 itlius
936 1182 966 1240 et
982 1175 1032 1240 de·

56 1275 173 1338 fensor.
187 1265 265 1331 Vide
277 1264 314 1327 tt.
335 1263 372 1325 de
384 1261 440 1332 ff„
456 1277 485 1340 p.
503 1263 668 1326 3933991,

497 1451 585 1534 sm.

56 1625 105 1686 De
125 1616 356 1686 icciolodt'litote
378 1613 581 1679 immanitatis
602 1613 739 1676 bononem
759 1608 1026 1674 ecclesiasticorum.

97 1775 190 1836 seat.
200 1769 353 1832 Vidamas
364 1765 585 1826 immunitatem
595 1761 744 1822 bonorum
757 1757 1028 1821 ecclesiasticorum

58 1878 121 1926 noo
137 1860 235 1923 sotum
250 1859 330 1938 gravi
347 1853 503 1934 sacrilegio
521 1869 553 1912 se
572 1849 733 1922 maculent,
756 1847 913 1909 sedetiam
932 1847 1030 1907 varias

57 1967 166 2032 poenas
181 1949 348 2017 incurrunt,
359 1949 388 2005 et
401 1939 566 2022 praesertim
576 1952 698 2018 poenam
704 1933 1030 1998 excommunicationis

58 2040 129 2100 fetae
142 2035 315 2107 sententiae3
326 2030 400 2094 ittud
410 2033 525 2092 constat
541 2045 577 2090 eu
592 2025 727 2107 pluribus
737 2023 878 2105 capitulis
887 2023 966 2102 juris
980 2040 1030 2084 cn-

62 2125 177 2197 nonici‚
192 2129 223 2186 et
237 2119 402 2204 praesertim
424 2136 491 2198 cap.
509 2115 692 2196 Oucmqaam
707 2131 797 2194 supra
817 2113 908 2174 citato
927 2111 1029 2192 (5295)

63 2213 113 2276 ubi
133 2213 242 2276 dicitur
262 2230 295 2272 t«
309 2203 639 2272 Excommunicatioois
664 2199 845 2265 sententiam
864 2201 932 2282 ipso
952 2199 1031 2263 facto

58 2325 76 2362 ι
100 2304 274 2364 incurrat.»
290 2299 415 2377 Insuper
428 2299 552 2375 peccant
565 2301 670 2354 contra
682 2290 830 2372 justitiam
845 2295 1028 2352 atterentur

58 2391 97 2454 ad
119 2388 338 2453 restitutionem
364 2403 372 2444 a
390 2401 459 2445 nam
474 2382 585 2444 violant
598 2381 649 2459 jus
666 2379 803 2443 strictum
822 2379 965 2440 Ecclesiae
979 2383 1031 2440 aut

59 2476 329 2542 ecclesiasticarum
343 2488 541 2554 personarum
554 2489 561 2528 ι
574 2467 775 2530 undedicitur
786 2467 818 2527 in
834 2485 902 2546 cap.
917 2463 1029 2526 Adver-

59 2587 108 2630 sus
120 2565 156 2629 de
167 2565 407 2634 comitaretur,
415 2559 477 2641 jam
485 2561 575 2622 citato
589 2575 597 2616 ι
612 2577 666 2617 ι...
683 2554 786 2635 ipsum
798 2554 850 2635 qui
861 2551 1031 2614 satisfacere

61 2679 79 2718 ι
104 2652 289 2719 recusaverit
303 2657 333 2712 et
355 2661 561 2712 successorem
576 2645 653 2722 ejus.
677 2644 734 2704 nisi
757 2639 935 2704 satisfecerit
953 2639 1033 2702 infre

61 2769 77 2806 ι
103 2731 1033 2818 mensem,maneredecernimusecclesiastitioeoensurtcon·

62 2856 79 2894 a
101 2831 237 2906 clusum,
252 2829 349 2888 donec
372 2823 546 2886 satisfecerit
564 2827 781 2900 competenter,
802 2817 1032 2880 cum-succedat

63 2943 80 2984 a
104 2921 137 2984 in
153 2935 245 2982 onere
255 2917 307 2997 qui
318 2917 351 2976 in
361 2915 474 2976 honore
484 2909 686 2972 constituitur.
700 2929 717 2968 a
731 2907 782 2989 (V.
799 2907 831 2969 G.
845 2907 944 2988 Apost.
962 2901 1028 2970 Sed.

106 3007 196 3091 Apud
208 3025 261 3068 nos
276 3003 366 3066 hodie
381 3000 556 3063 immunitas
566 3015 667 3060 rerum
682 3001 711 3059 et
725 3013 923 3076 personarum
937 2999 1031 3059 eccie-

65 3099 254 3163 dasticarum
270 3111 331 3154 non
339 3090 514 3172 agnoscitur
529 3086 547 3148 d
560 3085 625 3167 lege
633 3085 725 3160 civiti,
739 3085 798 3148 nisi
809 3085 839 3145 in
855 3085 1035 3166 quibusdam

66 3184 211 3260 casibm3
231 3179 384 3263 quomodo
405 3183 506 3239 autem
522 3174 663 3255 Episcopi
677 3180 706 3235 et
720 3172 821 3236 clerici
843 3190 909 3235 sese
932 3192 1038 3256 gerere

67 3265 180 3337 debent
199 3272 229 3332 in
259 3269 317 3332 hec
341 3265 485 3342 materie,
507 3261 640 3326 diximus
660 3279 753 3344 supra
779 3279 817 3324 ex
837 3260 951 3324 Bened.
971 3263 1039 3322 xtv

70 3362 242 3447 (ear-ers).
348 3375 349 3378 κ

77 3533 80 3536 ·
101 3511 128 3563 f.
139 3509 205 3559 later
220 3519 289 3572 prop.
306 3501 402 3568 Sudaba'
418 3501 453 3556 tir
465 3497 609 3556 totamm
625 3497 770 3554 namet
783 3511 949 3565 personam
962 3500 1039 3550 corte.

67 3581 227 3636 tt'eett'corrtm
235 3575 379 3652 immunita
386 3573 466 3644 diere
473 3573 539 3624 civiti
545 3576 630 3642 ortum
643 3569 761 3642 tatami.
771 3570 844 3620 etiam
857 3584 895 3635 pr.
903 3569 943 3628 11,
953 3569 992 3632 fif,
1001 3568 1039 3618 te.
