<?xml version="1.0" encoding="UTF-8"?>
<!DOCTYPE html PUBLIC "-//W3C//DTD XHTML 1.0 Transitional//EN"
    "http://www.w3.org/TR/xhtml1/DTD/xhtml1-transitional.dtd">
<html xmlns="http://www.w3.org/1999/xhtml" xml:lang="en" lang="en">
 <head>
  <title>
</title>
<meta http-equiv="Content-Type" content="text/html;charset=utf-8" />
  <meta name='ocr-system' content='tesseract 3.04.00' />
  <meta name='ocr-capabilities' content='ocr_page ocr_carea ocr_par ocr_line ocrx_word'/>
</head>
<body>
  <div class='ocr_page' id='page_1' title='image "./manualetotiusju00craigoog_0542.png"; bbox 0 0 2420 3968; ppageno 0'>
   <div class='ocr_carea' id='block_1_1' title="bbox 362 263 979 327">
    <p class='ocr_par' dir='ltr' id='par_1_1' title="bbox 362 263 979 327">
     <span class='ocr_line' id='line_1_1' title="bbox 362 263 979 327; baseline 0 -1"><span class='ocrx_word' id='word_1_1' title='bbox 362 279 445 326; x_wconf 81' lang='lat' dir='ltr'>arran</span> <span class='ocrx_word' id='word_1_2' title='bbox 468 277 624 327; x_wconf 68' lang='lat' dir='ltr'>oportunus.</span> <span class='ocrx_word' id='word_1_3' title='bbox 920 263 979 326; x_wconf 84' lang='grc'><strong>595</strong></span> 
     </span>
    </p>
   </div>
   <div class='ocr_carea' id='block_1_2' title="bbox 31 365 994 3728">
    <p class='ocr_par' dir='ltr' id='par_1_2' title="bbox 43 365 981 807">
     <span class='ocr_line' id='line_1_2' title="bbox 45 365 981 456; baseline 0.011 -29"><span class='ocrx_word' id='word_1_4' title='bbox 45 365 62 428; x_wconf 88' lang='lat' dir='ltr'>si</span> <span class='ocrx_word' id='word_1_5' title='bbox 82 367 174 435; x_wconf 88' lang='lat' dir='ltr'>alieubi</span> <span class='ocrx_word' id='word_1_6' title='bbox 196 373 319 437; x_wconf 81' lang='lat' dir='ltr'>existant</span> <span class='ocrx_word' id='word_1_7' title='bbox 344 373 415 436; x_wconf 85' lang='lat' dir='ltr'>talia</span> <span class='ocrx_word' id='word_1_8' title='bbox 442 371 526 437; x_wconf 82' lang='lat' dir='ltr'>testa.</span> <span class='ocrx_word' id='word_1_9' title='bbox 548 373 685 438; x_wconf 85' lang='lat' dir='ltr'>Vicorius</span> <span class='ocrx_word' id='word_1_10' title='bbox 709 372 861 438; x_wconf 84' lang='lat' dir='ltr'>Generalis</span> <span class='ocrx_word' id='word_1_11' title='bbox 884 378 981 456; x_wconf 88' lang='lat' dir='ltr'>potest</span> 
     </span>
     <span class='ocr_line' id='line_1_3' title="bbox 45 455 981 544; baseline 0.011 -30"><span class='ocrx_word' id='word_1_12' title='bbox 45 455 114 518; x_wconf 89' lang='lat' dir='ltr'>etiam</span> <span class='ocrx_word' id='word_1_13' title='bbox 132 459 311 542; x_wconf 86' lang='lat' dir='ltr'>dispensare,</span> <span class='ocrx_word' id='word_1_14' title='bbox 326 462 379 526; x_wconf 89' lang='lat' dir='ltr'>sed</span> <span class='ocrx_word' id='word_1_15' title='bbox 398 464 518 524; x_wconf 78' lang='lat' dir='ltr'>tantiam</span> <span class='ocrx_word' id='word_1_16' title='bbox 531 481 567 526; x_wconf 86' lang='lat' dir='ltr'>ex</span> <span class='ocrx_word' id='word_1_17' title='bbox 589 462 709 544; x_wconf 87' lang='lat' dir='ltr'>speciali</span> <span class='ocrx_word' id='word_1_18' title='bbox 723 463 866 526; x_wconf 89' lang='lat' dir='ltr'>mandato</span> <span class='ocrx_word' id='word_1_19' title='bbox 883 482 890 524; x_wconf 90' lang='lat'><strong>:</strong></span> <span class='ocrx_word' id='word_1_20' title='bbox 908 481 981 524; x_wconf 91' lang='lat' dir='ltr'>nam</span> 
     </span>
     <span class='ocr_line' id='line_1_4' title="bbox 44 551 979 634; baseline 0.012 -31"><span class='ocrx_word' id='word_1_21' title='bbox 44 560 71 604; x_wconf 83' lang='lat' dir='ltr'>ex</span> <span class='ocrx_word' id='word_1_22' title='bbox 88 551 201 626; x_wconf 76' lang='lat' dir='ltr'>generali</span> <span class='ocrx_word' id='word_1_23' title='bbox 214 551 328 632; x_wconf 78' lang='lat' dir='ltr'>regula,</span> <span class='ocrx_word' id='word_1_24' title='bbox 348 553 376 614; x_wconf 89' lang='lat' dir='ltr'>ei</span> <span class='ocrx_word' id='word_1_25' title='bbox 395 569 458 613; x_wconf 92' lang='lat' dir='ltr'>non</span> <span class='ocrx_word' id='word_1_26' title='bbox 477 551 705 614; x_wconf 88' lang='lat' dir='ltr'>committuntur</span> <span class='ocrx_word' id='word_1_27' title='bbox 719 569 754 612; x_wconf 93' lang='lat' dir='ltr'>ea</span> <span class='ocrx_word' id='word_1_28' title='bbox 774 571 842 634; x_wconf 78' lang='lat' dir='ltr'>quae</span> <span class='ocrx_word' id='word_1_29' title='bbox 855 551 979 630; x_wconf 82' lang='lat' dir='ltr'>gratiam</span> 
     </span>
     <span class='ocr_line' id='line_1_5' title="bbox 44 633 981 722; baseline 0.012 -31"><span class='ocrx_word' id='word_1_30' title='bbox 44 633 142 712; x_wconf 87' lang='lat' dir='ltr'>sapiunt</span> <span class='ocrx_word' id='word_1_31' title='bbox 161 639 200 716; x_wconf 81' lang='lat' dir='ltr'>(S.</span> <span class='ocrx_word' id='word_1_32' title='bbox 214 641 348 721; x_wconf 76' lang='lat' dir='ltr'>Lignea,</span> <span class='ocrx_word' id='word_1_33' title='bbox 364 639 414 702; x_wconf 93' lang='lat' dir='ltr'>lib.</span> <span class='ocrx_word' id='word_1_34' title='bbox 436 644 466 718; x_wconf 88' lang='lat'>3,</span> <span class='ocrx_word' id='word_1_35' title='bbox 496 654 530 701; x_wconf 87' lang='lat' dir='ltr'>n⁰</span> <span class='ocrx_word' id='word_1_36' title='bbox 550 643 629 720; x_wconf 87' lang='grc'><strong>988).</strong></span> <span class='ocrx_word' id='word_1_37' title='bbox 646 639 782 702; x_wconf 81' lang='lat' dir='ltr'>Diximus</span> <span class='ocrx_word' id='word_1_38' title='bbox 799 659 891 722; x_wconf 88' lang='lat' dir='ltr'>supra</span> <span class='ocrx_word' id='word_1_39' title='bbox 907 639 981 722; x_wconf 88' lang='lat' dir='ltr'>quid</span> 
     </span>
     <span class='ocr_line' id='line_1_6' title="bbox 43 723 633 807; baseline 0.015 -26"><span class='ocrx_word' id='word_1_40' title='bbox 43 723 136 798; x_wconf 82' lang='lat' dir='ltr'>possint</span> <span class='ocrx_word' id='word_1_41' title='bbox 147 727 263 807; x_wconf 79' lang='lat' dir='ltr'>parochi</span> <span class='ocrx_word' id='word_1_42' title='bbox 273 728 306 790; x_wconf 90' lang='lat' dir='ltr'>in</span> <span class='ocrx_word' id='word_1_43' title='bbox 315 728 371 791; x_wconf 84' lang='lat' dir='ltr'>hta</span> <span class='ocrx_word' id='word_1_44' title='bbox 387 729 513 791; x_wconf 84' lang='lat' dir='ltr'>materit</span> <span class='ocrx_word' id='word_1_45' title='bbox 523 731 633 807; x_wconf 78' lang='lat' dir='ltr'>(trau.</span> 
     </span>
    </p>

    <p class='ocr_par' dir='ltr' id='par_1_3' title="bbox 42 813 981 988">
     <span class='ocr_line' id='line_1_7' title="bbox 74 813 981 902; baseline 0.011 -30"><span class='ocrx_word' id='word_1_46' title='bbox 74 813 187 892; x_wconf 83' lang='lat' dir='ltr'>lingente</span> <span class='ocrx_word' id='word_1_47' title='bbox 215 819 413 895; x_wconf 74' lang='lat' dir='ltr'>necessitate,</span> <span class='ocrx_word' id='word_1_48' title='bbox 444 817 552 880; x_wconf 86' lang='lat' dir='ltr'>sufficit</span> <span class='ocrx_word' id='word_1_49' title='bbox 580 819 669 880; x_wconf 92' lang='lat' dir='ltr'>etiam</span> <span class='ocrx_word' id='word_1_50' title='bbox 697 816 879 898; x_wconf 75' lang='lat' dir='ltr'>dispensatio</span> <span class='ocrx_word' id='word_1_51' title='bbox 904 838 981 902; x_wconf 90' lang='lat' dir='ltr'>prae-</span> 
     </span>
     <span class='ocr_line' id='line_1_8' title="bbox 42 903 940 988; baseline 0.014 -32"><span class='ocrx_word' id='word_1_52' title='bbox 42 908 149 980; x_wconf 87' lang='lat' dir='ltr'>sumpta,</span> <span class='ocrx_word' id='word_1_53' title='bbox 163 903 186 965; x_wconf 90' lang='lat' dir='ltr'>si</span> <span class='ocrx_word' id='word_1_54' title='bbox 199 905 387 987; x_wconf 90' lang='lat' dir='ltr'>dispensator</span> <span class='ocrx_word' id='word_1_55' title='bbox 401 905 474 968; x_wconf 90' lang='lat' dir='ltr'>adiri</span> <span class='ocrx_word' id='word_1_56' title='bbox 490 913 630 988; x_wconf 85' lang='lat' dir='ltr'>nequeat.</span> <span class='ocrx_word' id='word_1_57' title='bbox 647 908 678 969; x_wconf 87' lang='lat' dir='ltr'>S.</span> <span class='ocrx_word' id='word_1_58' title='bbox 695 905 816 986; x_wconf 79' lang='lat' dir='ltr'>Liguor.</span> <span class='ocrx_word' id='word_1_59' title='bbox 833 906 940 985; x_wconf 80' lang='lat' dir='ltr'>(ibid).</span> 
     </span>
    </p>

    <p class='ocr_par' dir='ltr' id='par_1_4' title="bbox 39 991 987 1678">
     <span class='ocr_line' id='line_1_9' title="bbox 72 991 979 1059; baseline 0.014 -13"><span class='ocrx_word' id='word_1_60' title='bbox 72 991 217 1055; x_wconf 58' lang='lat' dir='ltr'>itta-2⁰</span> <span class='ocrx_word' id='word_1_61' title='bbox 232 993 412 1056; x_wconf 78' lang='lat' dir='ltr'>Consuetudo</span> <span class='ocrx_word' id='word_1_62' title='bbox 422 995 546 1057; x_wconf 82' lang='lat' dir='ltr'>tolerato</span> <span class='ocrx_word' id='word_1_63' title='bbox 556 1003 603 1057; x_wconf 88' lang='lat' dir='ltr'>:et</span> <span class='ocrx_word' id='word_1_64' title='bbox 617 995 656 1058; x_wconf 92' lang='lat' dir='ltr'>ob</span> <span class='ocrx_word' id='word_1_65' title='bbox 666 994 744 1057; x_wconf 89' lang='lat' dir='ltr'>bano</span> <span class='ocrx_word' id='word_1_66' title='bbox 757 1012 878 1057; x_wconf 89' lang='lat' dir='ltr'>causam</span> <span class='ocrx_word' id='word_1_67' title='bbox 892 1014 979 1059; x_wconf 85' lang='lat' dir='ltr'>encu-</span> 
     </span>
     <span class='ocr_line' id='line_1_10' title="bbox 42 1083 983 1164; baseline 0.012 -30"><span class='ocrx_word' id='word_1_68' title='bbox 42 1083 125 1139; x_wconf 88' lang='lat' dir='ltr'>santur</span> <span class='ocrx_word' id='word_1_69' title='bbox 145 1083 305 1160; x_wconf 76' lang='lat' dir='ltr'>nundinas,</span> <span class='ocrx_word' id='word_1_70' title='bbox 323 1083 553 1164; x_wconf 78' lang='lat' dir='ltr'>praeparationes</span> <span class='ocrx_word' id='word_1_71' title='bbox 570 1084 745 1146; x_wconf 88' lang='lat' dir='ltr'>deliciarum</span> <span class='ocrx_word' id='word_1_72' title='bbox 766 1102 828 1146; x_wconf 94' lang='lat' dir='ltr'>non</span> <span class='ocrx_word' id='word_1_73' title='bbox 847 1102 983 1146; x_wconf 89' lang='lat' dir='ltr'>necessa-</span> 
     </span>
     <span class='ocr_line' id='line_1_11' title="bbox 41 1161 981 1253; baseline 0.013 -33"><span class='ocrx_word' id='word_1_74' title='bbox 41 1161 146 1245; x_wconf 88' lang='lat' dir='ltr'>riarum;</span> <span class='ocrx_word' id='word_1_75' title='bbox 157 1169 225 1233; x_wconf 90' lang='lat' dir='ltr'>item</span> <span class='ocrx_word' id='word_1_76' title='bbox 240 1173 261 1233; x_wconf 92' lang='lat' dir='ltr'>ii</span> <span class='ocrx_word' id='word_1_77' title='bbox 272 1173 323 1252; x_wconf 86' lang='lat' dir='ltr'>qui</span> <span class='ocrx_word' id='word_1_78' title='bbox 334 1171 364 1233; x_wconf 92' lang='lat' dir='ltr'>in</span> <span class='ocrx_word' id='word_1_79' title='bbox 374 1173 442 1234; x_wconf 81' lang='lat' dir='ltr'>uret</span> <span class='ocrx_word' id='word_1_80' title='bbox 454 1179 573 1235; x_wconf 81' lang='lat' dir='ltr'>uertunt</span> <span class='ocrx_word' id='word_1_81' title='bbox 585 1183 615 1235; x_wconf 86' lang='lat' dir='ltr'>et</span> <span class='ocrx_word' id='word_1_82' title='bbox 623 1178 763 1253; x_wconf 89' lang='lat' dir='ltr'>separant</span> <span class='ocrx_word' id='word_1_83' title='bbox 772 1179 898 1253; x_wconf 84' lang='lat' dir='ltr'>segetes,</span> <span class='ocrx_word' id='word_1_84' title='bbox 914 1172 981 1232; x_wconf 91' lang='lat' dir='ltr'>hor·</span> 
     </span>
     <span class='ocr_line' id='line_1_12' title="bbox 42 1251 982 1344; baseline 0.015 -36"><span class='ocrx_word' id='word_1_85' title='bbox 42 1251 115 1316; x_wconf 83' lang='lat' dir='ltr'>toloni</span> <span class='ocrx_word' id='word_1_86' title='bbox 139 1259 188 1340; x_wconf 86' lang='lat' dir='ltr'>qui</span> <span class='ocrx_word' id='word_1_87' title='bbox 213 1261 296 1323; x_wconf 88' lang='lat' dir='ltr'>olera</span> <span class='ocrx_word' id='word_1_88' title='bbox 324 1260 466 1342; x_wconf 80' lang='lat' dir='ltr'>irrigant,</span> <span class='ocrx_word' id='word_1_89' title='bbox 495 1261 715 1324; x_wconf 89' lang='lat' dir='ltr'>barbitonsores</span> <span class='ocrx_word' id='word_1_90' title='bbox 750 1262 801 1344; x_wconf 90' lang='lat' dir='ltr'>qui</span> <span class='ocrx_word' id='word_1_91' title='bbox 838 1260 982 1339; x_wconf 86' lang='lat' dir='ltr'>tondent,</span> 
     </span>
     <span class='ocr_line' id='line_1_13' title="bbox 41 1347 985 1430; baseline 0.013 -32"><span class='ocrx_word' id='word_1_92' title='bbox 41 1347 137 1408; x_wconf 84' lang='lat' dir='ltr'>sutores</span> <span class='ocrx_word' id='word_1_93' title='bbox 161 1367 252 1412; x_wconf 86' lang='lat' dir='ltr'>noros</span> <span class='ocrx_word' id='word_1_94' title='bbox 279 1348 396 1411; x_wconf 88' lang='lat' dir='ltr'>calceos</span> <span class='ocrx_word' id='word_1_95' title='bbox 422 1349 611 1426; x_wconf 83' lang='lat' dir='ltr'>calceantes3</span> <span class='ocrx_word' id='word_1_96' title='bbox 641 1349 694 1412; x_wconf 89' lang='lat' dir='ltr'>sed</span> <span class='ocrx_word' id='word_1_97' title='bbox 721 1367 759 1411; x_wconf 82' lang='lat' dir='ltr'>ex</span> <span class='ocrx_word' id='word_1_98' title='bbox 783 1349 870 1411; x_wconf 92' lang='lat' dir='ltr'>dictis</span> <span class='ocrx_word' id='word_1_99' title='bbox 896 1367 985 1430; x_wconf 88' lang='lat' dir='ltr'>supra</span> 
     </span>
     <span class='ocr_line' id='line_1_14' title="bbox 41 1429 986 1519; baseline -0.003 -17"><span class='ocrx_word' id='word_1_100' title='bbox 41 1429 140 1512; x_wconf 69' lang='lat'>(490³),</span> <span class='ocrx_word' id='word_1_101' title='bbox 162 1439 365 1501; x_wconf 86' lang='lat' dir='ltr'>necessarium</span> <span class='ocrx_word' id='word_1_102' title='bbox 377 1437 493 1500; x_wconf 85' lang='lat' dir='ltr'>videtur</span> <span class='ocrx_word' id='word_1_103' title='bbox 512 1437 593 1519; x_wconf 87' lang='lat' dir='ltr'>qubd</span> <span class='ocrx_word' id='word_1_104' title='bbox 612 1437 798 1501; x_wconf 85' lang='lat' dir='ltr'>consuetudo</span> <span class='ocrx_word' id='word_1_105' title='bbox 812 1439 850 1499; x_wconf 91' lang='lat' dir='ltr'>sit</span> <span class='ocrx_word' id='word_1_106' title='bbox 863 1437 986 1518; x_wconf 75' lang='lat' dir='ltr'>positive</span> 
     </span>
     <span class='ocr_line' id='line_1_15' title="bbox 39 1523 987 1609; baseline 0.006 -27"><span class='ocrx_word' id='word_1_107' title='bbox 39 1523 176 1598; x_wconf 78' lang='lat' dir='ltr'>approbata</span> <span class='ocrx_word' id='word_1_108' title='bbox 189 1528 235 1590; x_wconf 86' lang='lat' dir='ltr'>rel</span> <span class='ocrx_word' id='word_1_109' title='bbox 252 1527 375 1589; x_wconf 85' lang='lat' dir='ltr'>tolerata</span> <span class='ocrx_word' id='word_1_110' title='bbox 396 1545 403 1586; x_wconf 94' lang='lat'><strong>:</strong></span> <span class='ocrx_word' id='word_1_111' title='bbox 422 1544 587 1589; x_wconf 84' lang='lat' dir='ltr'>consensus</span> <span class='ocrx_word' id='word_1_112' title='bbox 606 1527 708 1609; x_wconf 84' lang='lat' dir='ltr'>legalis</span> <span class='ocrx_word' id='word_1_113' title='bbox 729 1527 898 1609; x_wconf 89' lang='lat' dir='ltr'>Superioris</span> <span class='ocrx_word' id='word_1_114' title='bbox 908 1525 987 1589; x_wconf 86' lang='lat' dir='ltr'>sulli-</span> 
     </span>
     <span class='ocr_line' id='line_1_16' title="bbox 40 1606 394 1678; baseline 0.042 -16"><span class='ocrx_word' id='word_1_115' title='bbox 40 1606 106 1670; x_wconf 86' lang='lat' dir='ltr'>ciens</span> <span class='ocrx_word' id='word_1_116' title='bbox 118 1629 179 1677; x_wconf 86' lang='lat' dir='ltr'>esse</span> <span class='ocrx_word' id='word_1_117' title='bbox 193 1635 256 1678; x_wconf 91' lang='lat' dir='ltr'>non</span> <span class='ocrx_word' id='word_1_118' title='bbox 266 1615 394 1677; x_wconf 85' lang='lat' dir='ltr'>ridetur.</span> 
     </span>
    </p>

    <p class='ocr_par' dir='ltr' id='par_1_5' title="bbox 37 1698 988 2050">
     <span class='ocr_line' id='line_1_17' title="bbox 67 1698 984 1787; baseline 0.012 -32"><span class='ocrx_word' id='word_1_119' title='bbox 67 1698 95 1757; x_wconf 95' lang='lat' dir='ltr'>ln</span> <span class='ocrx_word' id='word_1_120' title='bbox 107 1699 194 1765; x_wconf 93' lang='lat' dir='ltr'>dubio</span> <span class='ocrx_word' id='word_1_121' title='bbox 206 1703 245 1766; x_wconf 89' lang='lat' dir='ltr'>de</span> <span class='ocrx_word' id='word_1_122' title='bbox 264 1702 482 1766; x_wconf 87' lang='lat' dir='ltr'>consuetudine</span> <span class='ocrx_word' id='word_1_123' title='bbox 502 1703 633 1786; x_wconf 87' lang='lat' dir='ltr'>possidet</span> <span class='ocrx_word' id='word_1_124' title='bbox 646 1704 769 1786; x_wconf 91' lang='lat' dir='ltr'>quidem</span> <span class='ocrx_word' id='word_1_125' title='bbox 783 1709 984 1787; x_wconf 71' lang='lat' dir='ltr'>preceptum,</span> 
     </span>
     <span class='ocr_line' id='line_1_18' title="bbox 38 1783 985 1870; baseline 0.007 -23"><span class='ocrx_word' id='word_1_126' title='bbox 38 1783 79 1844; x_wconf 77' lang='lat' dir='ltr'>ted</span> <span class='ocrx_word' id='word_1_127' title='bbox 98 1788 119 1848; x_wconf 92' lang='lat' dir='ltr'>si</span> <span class='ocrx_word' id='word_1_128' title='bbox 141 1793 301 1870; x_wconf 90' lang='lat' dir='ltr'>probabilis</span> <span class='ocrx_word' id='word_1_129' title='bbox 321 1793 359 1854; x_wconf 93' lang='lat' dir='ltr'>sit</span> <span class='ocrx_word' id='word_1_130' title='bbox 380 1793 566 1856; x_wconf 89' lang='lat' dir='ltr'>consuetudo</span> <span class='ocrx_word' id='word_1_131' title='bbox 580 1791 688 1856; x_wconf 89' lang='lat' dir='ltr'>sufficit</span> <span class='ocrx_word' id='word_1_132' title='bbox 708 1793 746 1855; x_wconf 89' lang='lat' dir='ltr'>ad</span> <span class='ocrx_word' id='word_1_133' title='bbox 760 1793 985 1855; x_wconf 82' lang='lat' dir='ltr'>excusandum:</span> 
     </span>
     <span class='ocr_line' id='line_1_19' title="bbox 37 1873 988 1964; baseline 0.014 -33"><span class='ocrx_word' id='word_1_134' title='bbox 37 1873 179 1948; x_wconf 87' lang='lat' dir='ltr'>probabilis</span> <span class='ocrx_word' id='word_1_135' title='bbox 205 1887 306 1944; x_wconf 87' lang='lat' dir='ltr'>autern</span> <span class='ocrx_word' id='word_1_136' title='bbox 333 1881 436 1944; x_wconf 88' lang='lat' dir='ltr'>haberi</span> <span class='ocrx_word' id='word_1_137' title='bbox 461 1887 559 1964; x_wconf 90' lang='lat' dir='ltr'>potest</span> <span class='ocrx_word' id='word_1_138' title='bbox 580 1899 617 1944; x_wconf 83' lang='lat' dir='ltr'>en</span> <span class='ocrx_word' id='word_1_139' title='bbox 638 1881 718 1944; x_wconf 90' lang='lat' dir='ltr'>dicto</span> <span class='ocrx_word' id='word_1_140' title='bbox 744 1882 836 1943; x_wconf 93' lang='lat' dir='ltr'>unius</span> <span class='ocrx_word' id='word_1_141' title='bbox 857 1881 988 1944; x_wconf 88' lang='lat' dir='ltr'>doctoris</span> 
     </span>
     <span class='ocr_line' id='line_1_20' title="bbox 37 1961 946 2050; baseline 0.014 -31"><span class='ocrx_word' id='word_1_142' title='bbox 37 1961 121 2027; x_wconf 81' lang='lat' dir='ltr'>eximii</span> <span class='ocrx_word' id='word_1_143' title='bbox 134 1968 224 2031; x_wconf 90' lang='lat' dir='ltr'>etiam</span> <span class='ocrx_word' id='word_1_144' title='bbox 240 1970 389 2031; x_wconf 91' lang='lat' dir='ltr'>moderni.</span> <span class='ocrx_word' id='word_1_145' title='bbox 407 1971 448 2048; x_wconf 87' lang='lat' dir='ltr'>(S.</span> <span class='ocrx_word' id='word_1_146' title='bbox 465 1970 599 2050; x_wconf 64' lang='lat' dir='ltr'>Liguor„</span> <span class='ocrx_word' id='word_1_147' title='bbox 616 1969 667 2032; x_wconf 88' lang='lat' dir='ltr'>lib.</span> <span class='ocrx_word' id='word_1_148' title='bbox 681 1973 712 2046; x_wconf 85' lang='lat'>3,</span> <span class='ocrx_word' id='word_1_149' title='bbox 725 1968 765 2030; x_wconf 82' lang='lat' dir='ltr'>n¹·</span> <span class='ocrx_word' id='word_1_150' title='bbox 779 1973 849 2047; x_wconf 86' lang='grc'><strong>989,</strong></span> <span class='ocrx_word' id='word_1_151' title='bbox 864 1973 946 2048; x_wconf 89' lang='grc'><strong>990.)</strong></span> 
     </span>
    </p>

    <p class='ocr_par' dir='ltr' id='par_1_6' title="bbox 34 2055 990 3024">
     <span class='ocr_line' id='line_1_21' title="bbox 65 2055 987 2142; baseline 0.011 -30"><span class='ocrx_word' id='word_1_152' title='bbox 65 2055 145 2119; x_wconf 79' lang='lat' dir='ltr'>ruat.</span> <span class='ocrx_word' id='word_1_153' title='bbox 159 2059 240 2122; x_wconf 77' lang='grc'>--30</span> <span class='ocrx_word' id='word_1_154' title='bbox 255 2059 353 2120; x_wconf 83' lang='lat' dir='ltr'>Pietas</span> <span class='ocrx_word' id='word_1_155' title='bbox 367 2059 399 2119; x_wconf 93' lang='lat' dir='ltr'>in</span> <span class='ocrx_word' id='word_1_156' title='bbox 414 2062 528 2136; x_wconf 90' lang='lat' dir='ltr'>Deum,</span> <span class='ocrx_word' id='word_1_157' title='bbox 543 2076 700 2140; x_wconf 90' lang='lat' dir='ltr'>perquam</span> <span class='ocrx_word' id='word_1_158' title='bbox 713 2057 906 2140; x_wconf 87' lang='lat' dir='ltr'>licentopera</span> <span class='ocrx_word' id='word_1_159' title='bbox 918 2078 987 2142; x_wconf 88' lang='lat' dir='ltr'>quae</span> 
     </span>
     <span class='ocr_line' id='line_1_22' title="bbox 36 2143 985 2228; baseline 0.015 -32"><span class='ocrx_word' id='word_1_160' title='bbox 36 2143 153 2216; x_wconf 79' lang='lat' dir='ltr'>proxime</span> <span class='ocrx_word' id='word_1_161' title='bbox 167 2147 241 2227; x_wconf 92' lang='lat' dir='ltr'>(non</span> <span class='ocrx_word' id='word_1_162' title='bbox 261 2165 329 2228; x_wconf 89' lang='lat' dir='ltr'>quae</span> <span class='ocrx_word' id='word_1_163' title='bbox 350 2149 480 2227; x_wconf 72' lang='lat' dir='ltr'>remote)</span> <span class='ocrx_word' id='word_1_164' title='bbox 499 2153 633 2228; x_wconf 88' lang='lat' dir='ltr'>spectant</span> <span class='ocrx_word' id='word_1_165' title='bbox 653 2147 690 2209; x_wconf 86' lang='lat' dir='ltr'>ad</span> <span class='ocrx_word' id='word_1_166' title='bbox 704 2147 820 2210; x_wconf 86' lang='lat' dir='ltr'>cultum</span> <span class='ocrx_word' id='word_1_167' title='bbox 833 2147 985 2227; x_wconf 86' lang='lat' dir='ltr'>diuinum,</span> 
     </span>
     <span class='ocr_line' id='line_1_23' title="bbox 37 2230 987 2320; baseline 0.006 -27"><span class='ocrx_word' id='word_1_168' title='bbox 37 2233 60 2285; x_wconf 82' lang='lat' dir='ltr'>lt</span> <span class='ocrx_word' id='word_1_169' title='bbox 71 2230 180 2309; x_wconf 88' lang='lat' dir='ltr'>pulsare</span> <span class='ocrx_word' id='word_1_170' title='bbox 203 2253 385 2316; x_wconf 84' lang='lat' dir='ltr'>campanas,</span> <span class='ocrx_word' id='word_1_171' title='bbox 406 2235 600 2298; x_wconf 75' lang='lat' dir='ltr'>circumferre</span> <span class='ocrx_word' id='word_1_172' title='bbox 621 2254 725 2299; x_wconf 85' lang='lat' dir='ltr'>cruces</span> <span class='ocrx_word' id='word_1_173' title='bbox 744 2243 774 2299; x_wconf 88' lang='lat' dir='ltr'>et</span> <span class='ocrx_word' id='word_1_174' title='bbox 796 2236 942 2320; x_wconf 80' lang='lat' dir='ltr'>imagines</span> <span class='ocrx_word' id='word_1_175' title='bbox 956 2237 987 2299; x_wconf 94' lang='lat' dir='ltr'>in</span> 
     </span>
     <span class='ocr_line' id='line_1_24' title="bbox 36 2320 988 2400; baseline 0.017 -24"><span class='ocrx_word' id='word_1_176' title='bbox 36 2320 304 2400; x_wconf 79' lang='lat' dir='ltr'>supplicationibus,</span> <span class='ocrx_word' id='word_1_177' title='bbox 332 2329 390 2386; x_wconf 91' lang='lat' dir='ltr'>etc.</span> <span class='ocrx_word' id='word_1_178' title='bbox 414 2325 572 2386; x_wconf 89' lang='lat' dir='ltr'>Dubitatur</span> <span class='ocrx_word' id='word_1_179' title='bbox 592 2342 631 2386; x_wconf 90' lang='lat' dir='ltr'>au</span> <span class='ocrx_word' id='word_1_180' title='bbox 650 2326 740 2387; x_wconf 89' lang='lat' dir='ltr'>etiam</span> <span class='ocrx_word' id='word_1_181' title='bbox 758 2324 847 2388; x_wconf 84' lang='lat' dir='ltr'>liceat</span> <span class='ocrx_word' id='word_1_182' title='bbox 868 2345 988 2392; x_wconf 78' lang='lat' dir='ltr'>uerrere</span> 
     </span>
     <span class='ocr_line' id='line_1_25' title="bbox 36 2406 985 2493; baseline 0.011 -32"><span class='ocrx_word' id='word_1_183' title='bbox 36 2406 180 2488; x_wconf 84' lang='lat' dir='ltr'>templum,</span> <span class='ocrx_word' id='word_1_184' title='bbox 209 2430 341 2493; x_wconf 84' lang='lat' dir='ltr'>coquere</span> <span class='ocrx_word' id='word_1_185' title='bbox 362 2411 494 2492; x_wconf 88' lang='lat' dir='ltr'>hostias,</span> <span class='ocrx_word' id='word_1_186' title='bbox 514 2431 622 2475; x_wconf 88' lang='lat' dir='ltr'>ornare</span> <span class='ocrx_word' id='word_1_187' title='bbox 639 2413 762 2489; x_wconf 89' lang='lat' dir='ltr'>altaria,</span> <span class='ocrx_word' id='word_1_188' title='bbox 782 2413 912 2476; x_wconf 87' lang='lat' dir='ltr'>tabulata</span> <span class='ocrx_word' id='word_1_189' title='bbox 927 2416 985 2477; x_wconf 62' lang='lat' dir='ltr'>ori,</span> 
     </span>
     <span class='ocr_line' id='line_1_26' title="bbox 35 2499 990 2581; baseline 0.014 -29"><span class='ocrx_word' id='word_1_190' title='bbox 35 2509 91 2567; x_wconf 79' lang='lat' dir='ltr'>pere</span> <span class='ocrx_word' id='word_1_191' title='bbox 103 2499 139 2559; x_wconf 89' lang='lat' dir='ltr'>ad</span> <span class='ocrx_word' id='word_1_192' title='bbox 155 2499 361 2578; x_wconf 80' lang='lat' dir='ltr'>iestiritatem,</span> <span class='ocrx_word' id='word_1_193' title='bbox 377 2506 456 2562; x_wconf 74' lang='lat' dir='ltr'>eta:</span> <span class='ocrx_word' id='word_1_194' title='bbox 477 2507 522 2563; x_wconf 89' lang='lat' dir='ltr'>sat</span> <span class='ocrx_word' id='word_1_195' title='bbox 534 2503 604 2563; x_wconf 84' lang='lat' dir='ltr'>verb</span> <span class='ocrx_word' id='word_1_196' title='bbox 617 2501 810 2581; x_wconf 85' lang='lat' dir='ltr'>probabiliter</span> <span class='ocrx_word' id='word_1_197' title='bbox 824 2501 990 2565; x_wconf 88' lang='lat' dir='ltr'>affirmatur</span> 
     </span>
     <span class='ocr_line' id='line_1_27' title="bbox 35 2575 990 2670; baseline 0.008 -26"><span class='ocrx_word' id='word_1_198' title='bbox 35 2575 87 2644; x_wconf 75' lang='lat' dir='ltr'>huc</span> <span class='ocrx_word' id='word_1_199' title='bbox 106 2603 170 2650; x_wconf 90' lang='lat' dir='ltr'>essa</span> <span class='ocrx_word' id='word_1_200' title='bbox 192 2589 287 2660; x_wconf 85' lang='lat' dir='ltr'>licita,</span> <span class='ocrx_word' id='word_1_201' title='bbox 304 2589 360 2650; x_wconf 88' lang='lat' dir='ltr'>etsi</span> <span class='ocrx_word' id='word_1_202' title='bbox 382 2588 414 2649; x_wconf 94' lang='lat' dir='ltr'>in</span> <span class='ocrx_word' id='word_1_203' title='bbox 427 2589 590 2670; x_wconf 82' lang='lat' dir='ltr'>praevigilio</span> <span class='ocrx_word' id='word_1_204' title='bbox 610 2589 675 2650; x_wconf 86' lang='lat' dir='ltr'>lieri</span> <span class='ocrx_word' id='word_1_205' title='bbox 689 2588 869 2669; x_wconf 83' lang='lat' dir='ltr'>potuissent3</span> <span class='ocrx_word' id='word_1_206' title='bbox 889 2595 919 2651; x_wconf 93' lang='lat' dir='ltr'>et</span> <span class='ocrx_word' id='word_1_207' title='bbox 931 2589 990 2652; x_wconf 87' lang='lat' dir='ltr'>hoc</span> 
     </span>
     <span class='ocr_line' id='line_1_28' title="bbox 34 2669 990 2758; baseline 0.014 -33"><span class='ocrx_word' id='word_1_208' title='bbox 34 2669 134 2736; x_wconf 85' lang='lat' dir='ltr'>ridetur</span> <span class='ocrx_word' id='word_1_209' title='bbox 150 2675 324 2739; x_wconf 84' lang='lat' dir='ltr'>confirmari</span> <span class='ocrx_word' id='word_1_210' title='bbox 343 2677 428 2758; x_wconf 85' lang='lat' dir='ltr'>praxi</span> <span class='ocrx_word' id='word_1_211' title='bbox 443 2676 590 2758; x_wconf 79' lang='lat' dir='ltr'>generali3</span> <span class='ocrx_word' id='word_1_212' title='bbox 605 2675 644 2738; x_wconf 91' lang='lat' dir='ltr'>de</span> <span class='ocrx_word' id='word_1_213' title='bbox 661 2695 693 2738; x_wconf 85' lang='lat' dir='ltr'>so</span> <span class='ocrx_word' id='word_1_214' title='bbox 707 2683 807 2738; x_wconf 88' lang='lat' dir='ltr'>tamen</span> <span class='ocrx_word' id='word_1_215' title='bbox 822 2683 899 2739; x_wconf 91' lang='lat' dir='ltr'>esset</span> <span class='ocrx_word' id='word_1_216' title='bbox 911 2695 990 2738; x_wconf 89' lang='lat' dir='ltr'>mor-</span> 
     </span>
     <span class='ocr_line' id='line_1_29' title="bbox 37 2757 990 2847; baseline 0.013 -33"><span class='ocrx_word' id='word_1_217' title='bbox 37 2757 80 2819; x_wconf 85' lang='lat' dir='ltr'>tale</span> <span class='ocrx_word' id='word_1_218' title='bbox 99 2765 228 2828; x_wconf 82' lang='lat' dir='ltr'>scienter</span> <span class='ocrx_word' id='word_1_219' title='bbox 247 2783 415 2847; x_wconf 86' lang='lat' dir='ltr'>praeparare</span> <span class='ocrx_word' id='word_1_220' title='bbox 432 2767 562 2828; x_wconf 89' lang='lat' dir='ltr'>tabulata</span> <span class='ocrx_word' id='word_1_221' title='bbox 575 2765 607 2826; x_wconf 92' lang='lat' dir='ltr'>iu</span> <span class='ocrx_word' id='word_1_222' title='bbox 624 2764 673 2827; x_wconf 89' lang='lat' dir='ltr'>die</span> <span class='ocrx_word' id='word_1_223' title='bbox 693 2763 767 2828; x_wconf 83' lang='lat' dir='ltr'>testo</span> <span class='ocrx_word' id='word_1_224' title='bbox 780 2764 819 2826; x_wconf 88' lang='lat' dir='ltr'>ad</span> <span class='ocrx_word' id='word_1_225' title='bbox 832 2765 990 2828; x_wconf 87' lang='lat' dir='ltr'>videndam</span> 
     </span>
     <span class='ocr_line' id='line_1_30' title="bbox 35 2853 990 2936; baseline 0.01 -29"><span class='ocrx_word' id='word_1_226' title='bbox 35 2853 264 2923; x_wconf 86' lang='lat' dir='ltr'>processionem:</span> <span class='ocrx_word' id='word_1_227' title='bbox 281 2853 335 2916; x_wconf 88' lang='lat' dir='ltr'>sed</span> <span class='ocrx_word' id='word_1_228' title='bbox 353 2855 378 2916; x_wconf 89' lang='lat' dir='ltr'>si</span> <span class='ocrx_word' id='word_1_229' title='bbox 398 2854 495 2936; x_wconf 90' lang='lat' dir='ltr'>pridie</span> <span class='ocrx_word' id='word_1_230' title='bbox 509 2872 571 2917; x_wconf 92' lang='lat' dir='ltr'>non</span> <span class='ocrx_word' id='word_1_231' title='bbox 590 2858 692 2916; x_wconf 86' lang='lat' dir='ltr'>essent</span> <span class='ocrx_word' id='word_1_232' title='bbox 710 2859 895 2935; x_wconf 85' lang='lat' dir='ltr'>praeparata,</span> <span class='ocrx_word' id='word_1_233' title='bbox 912 2853 990 2917; x_wconf 74' lang='lat' dir='ltr'>licite</span> 
     </span>
     <span class='ocr_line' id='line_1_31' title="bbox 36 2929 897 3024; baseline 0.012 -30"><span class='ocrx_word' id='word_1_234' title='bbox 36 2929 127 3000; x_wconf 85' lang='lat' dir='ltr'>fierent</span> <span class='ocrx_word' id='word_1_235' title='bbox 138 2943 172 3002; x_wconf 94' lang='lat' dir='ltr'>in</span> <span class='ocrx_word' id='word_1_236' title='bbox 185 2941 236 3004; x_wconf 90' lang='lat' dir='ltr'>die</span> <span class='ocrx_word' id='word_1_237' title='bbox 249 2941 335 3003; x_wconf 83' lang='lat' dir='ltr'>testo.</span> <span class='ocrx_word' id='word_1_238' title='bbox 350 2943 392 3020; x_wconf 85' lang='lat' dir='ltr'>(S.</span> <span class='ocrx_word' id='word_1_239' title='bbox 409 2943 544 3024; x_wconf 71' lang='lat' dir='ltr'>Lignum,</span> <span class='ocrx_word' id='word_1_240' title='bbox 560 2941 611 3003; x_wconf 88' lang='lat' dir='ltr'>lib.</span> <span class='ocrx_word' id='word_1_241' title='bbox 627 2944 659 3019; x_wconf 87' lang='lat'>3,</span> <span class='ocrx_word' id='word_1_242' title='bbox 673 2941 715 3004; x_wconf 66' lang='grc' dir='ltr'>η’·</span> <span class='ocrx_word' id='word_1_243' title='bbox 728 2946 799 3016; x_wconf 81' lang='grc'><strong>991,</strong></span> <span class='ocrx_word' id='word_1_244' title='bbox 814 2947 897 3022; x_wconf 89' lang='grc'><strong>999.)</strong></span> 
     </span>
    </p>

    <p class='ocr_par' dir='ltr' id='par_1_7' title="bbox 31 3027 994 3728">
     <span class='ocr_line' id='line_1_32' title="bbox 64 3027 991 3113; baseline 0.013 -27"><span class='ocrx_word' id='word_1_245' title='bbox 64 3030 150 3092; x_wconf 78' lang='lat' dir='ltr'>raas.</span> <span class='ocrx_word' id='word_1_246' title='bbox 165 3029 342 3112; x_wconf 88' lang='lat' dir='ltr'>Disputatur</span> <span class='ocrx_word' id='word_1_247' title='bbox 351 3031 461 3113; x_wconf 86' lang='lat' dir='ltr'>pariter</span> <span class='ocrx_word' id='word_1_248' title='bbox 474 3047 512 3092; x_wconf 91' lang='lat' dir='ltr'>an</span> <span class='ocrx_word' id='word_1_249' title='bbox 522 3029 612 3092; x_wconf 89' lang='lat' dir='ltr'>etiam</span> <span class='ocrx_word' id='word_1_250' title='bbox 624 3027 752 3092; x_wconf 91' lang='lat' dir='ltr'>liceatin</span> <span class='ocrx_word' id='word_1_251' title='bbox 766 3031 991 3098; x_wconf 84' lang='lat' dir='ltr'>lestislaborara</span> 
     </span>
     <span class='ocr_line' id='line_1_33' title="bbox 34 3110 991 3202; baseline 0.017 -32"><span class='ocrx_word' id='word_1_252' title='bbox 34 3110 66 3170; x_wconf 92' lang='lat' dir='ltr'>ob</span> <span class='ocrx_word' id='word_1_253' title='bbox 78 3116 170 3178; x_wconf 87' lang='lat' dir='ltr'>solam</span> <span class='ocrx_word' id='word_1_254' title='bbox 184 3117 327 3200; x_wconf 88' lang='lat' dir='ltr'>pietatem</span> <span class='ocrx_word' id='word_1_255' title='bbox 343 3119 409 3182; x_wconf 79' lang='lat' dir='ltr'>sine</span> <span class='ocrx_word' id='word_1_256' title='bbox 426 3117 532 3180; x_wconf 89' lang='lat' dir='ltr'>actuali</span> <span class='ocrx_word' id='word_1_257' title='bbox 548 3117 740 3196; x_wconf 85' lang='lat' dir='ltr'>necessitate,</span> <span class='ocrx_word' id='word_1_258' title='bbox 753 3137 783 3181; x_wconf 89' lang='lat' dir='ltr'>v.</span> <span class='ocrx_word' id='word_1_259' title='bbox 799 3139 829 3202; x_wconf 82' lang='lat' dir='ltr'>g.</span> <span class='ocrx_word' id='word_1_260' title='bbox 845 3121 883 3184; x_wconf 89' lang='lat' dir='ltr'>ad</span> <span class='ocrx_word' id='word_1_261' title='bbox 896 3123 991 3185; x_wconf 89' lang='lat' dir='ltr'>conii-</span> 
     </span>
     <span class='ocr_line' id='line_1_34' title="bbox 33 3199 991 3294; baseline 0.018 -35"><span class='ocrx_word' id='word_1_262' title='bbox 33 3199 146 3268; x_wconf 85' lang='lat' dir='ltr'>eiendas</span> <span class='ocrx_word' id='word_1_263' title='bbox 164 3212 264 3270; x_wconf 84' lang='lat' dir='ltr'>restes</span> <span class='ocrx_word' id='word_1_264' title='bbox 277 3225 332 3288; x_wconf 92' lang='lat' dir='ltr'>pro</span> <span class='ocrx_word' id='word_1_265' title='bbox 346 3207 546 3288; x_wconf 88' lang='lat' dir='ltr'>pauperibus,</span> <span class='ocrx_word' id='word_1_266' title='bbox 559 3205 668 3268; x_wconf 84' lang='lat' dir='ltr'>vehere</span> <span class='ocrx_word' id='word_1_267' title='bbox 690 3206 801 3289; x_wconf 91' lang='lat' dir='ltr'>lapides</span> <span class='ocrx_word' id='word_1_268' title='bbox 818 3215 848 3271; x_wconf 86' lang='lat' dir='ltr'>et</span> <span class='ocrx_word' id='word_1_269' title='bbox 860 3211 941 3294; x_wconf 80' lang='lat' dir='ltr'>ligna</span> <span class='ocrx_word' id='word_1_270' title='bbox 954 3212 991 3276; x_wconf 91' lang='lat' dir='ltr'>ad</span> 
     </span>
     <span class='ocr_line' id='line_1_35' title="bbox 32 3291 992 3377; baseline 0.016 -29"><span class='ocrx_word' id='word_1_271' title='bbox 32 3291 181 3358; x_wconf 85' lang='lat' dir='ltr'>ecclesiam</span> <span class='ocrx_word' id='word_1_272' title='bbox 204 3292 432 3370; x_wconf 79' lang='lat' dir='ltr'>aediticandam3</span> <span class='ocrx_word' id='word_1_273' title='bbox 451 3297 533 3357; x_wconf 84' lang='lat' dir='ltr'>certo</span> <span class='ocrx_word' id='word_1_274' title='bbox 554 3293 736 3377; x_wconf 89' lang='lat' dir='ltr'>probabilior</span> <span class='ocrx_word' id='word_1_275' title='bbox 753 3295 870 3361; x_wconf 86' lang='lat' dir='ltr'>videtur</span> <span class='ocrx_word' id='word_1_276' title='bbox 892 3302 923 3363; x_wconf 86' lang='lat' dir='ltr'>S.</span> <span class='ocrx_word' id='word_1_277' title='bbox 943 3303 992 3362; x_wconf 80' lang='lat' dir='ltr'>ti-</span> 
     </span>
     <span class='ocr_line' id='line_1_36' title="bbox 31 3381 994 3464; baseline 0.011 -24"><span class='ocrx_word' id='word_1_278' title='bbox 31 3381 131 3454; x_wconf 80' lang='lat' dir='ltr'>guono</span> <span class='ocrx_word' id='word_1_279' title='bbox 141 3383 421 3464; x_wconf 85' lang='lat' dir='ltr'>sententienegans,</span> <span class='ocrx_word' id='word_1_280' title='bbox 431 3383 534 3445; x_wconf 89' lang='lat' dir='ltr'>nisisit</span> <span class='ocrx_word' id='word_1_281' title='bbox 543 3383 666 3445; x_wconf 88' lang='lat' dir='ltr'>actualis</span> <span class='ocrx_word' id='word_1_282' title='bbox 681 3386 904 3463; x_wconf 81' lang='lat' dir='ltr'>necessitas,vel</span> <span class='ocrx_word' id='word_1_283' title='bbox 918 3389 994 3450; x_wconf 88' lang='lat' dir='ltr'>adsit</span> 
     </span>
     <span class='ocr_line' id='line_1_37' title="bbox 31 3465 993 3554; baseline 0.01 -27"><span class='ocrx_word' id='word_1_284' title='bbox 31 3465 206 3548; x_wconf 84' lang='lat' dir='ltr'>dispensatio</span> <span class='ocrx_word' id='word_1_285' title='bbox 216 3472 413 3554; x_wconf 84' lang='lat' dir='ltr'>Episcopalis:</span> <span class='ocrx_word' id='word_1_286' title='bbox 425 3472 495 3553; x_wconf 88' lang='lat' dir='ltr'>quia</span> <span class='ocrx_word' id='word_1_287' title='bbox 508 3471 620 3534; x_wconf 89' lang='lat' dir='ltr'>altioris</span> <span class='ocrx_word' id='word_1_288' title='bbox 632 3471 747 3534; x_wconf 86' lang='lat' dir='ltr'>ordinis</span> <span class='ocrx_word' id='word_1_289' title='bbox 759 3482 803 3535; x_wconf 86' lang='lat' dir='ltr'>est</span> <span class='ocrx_word' id='word_1_290' title='bbox 813 3475 910 3538; x_wconf 86' lang='lat' dir='ltr'>cultus</span> <span class='ocrx_word' id='word_1_291' title='bbox 918 3477 993 3537; x_wconf 87' lang='lat' dir='ltr'>divi-</span> 
     </span>
     <span class='ocr_line' id='line_1_38' title="bbox 32 3559 994 3642; baseline 0.005 -26"><span class='ocrx_word' id='word_1_292' title='bbox 32 3571 93 3632; x_wconf 87' lang='lat' dir='ltr'>uus,</span> <span class='ocrx_word' id='word_1_293' title='bbox 104 3567 195 3640; x_wconf 88' lang='lat' dir='ltr'>prout</span> <span class='ocrx_word' id='word_1_294' title='bbox 204 3567 248 3622; x_wconf 88' lang='lat' dir='ltr'>est</span> <span class='ocrx_word' id='word_1_295' title='bbox 257 3561 435 3622; x_wconf 88' lang='lat' dir='ltr'>abstinentia</span> <span class='ocrx_word' id='word_1_296' title='bbox 444 3561 482 3622; x_wconf 87' lang='lat' dir='ltr'>ab</span> <span class='ocrx_word' id='word_1_297' title='bbox 495 3559 636 3642; x_wconf 88' lang='lat' dir='ltr'>operibus</span> <span class='ocrx_word' id='word_1_298' title='bbox 649 3561 816 3632; x_wconf 86' lang='lat' dir='ltr'>servilibus,</span> <span class='ocrx_word' id='word_1_299' title='bbox 825 3565 915 3641; x_wconf 86' lang='lat' dir='ltr'>qutm</span> <span class='ocrx_word' id='word_1_300' title='bbox 924 3568 994 3621; x_wconf 90' lang='lat' dir='ltr'>sunt</span> 
     </span>
     <span class='ocr_line' id='line_1_39' title="bbox 31 3647 993 3728; baseline -0.003 -22"><span class='ocrx_word' id='word_1_301' title='bbox 31 3661 113 3724; x_wconf 85' lang='lat' dir='ltr'>opera</span> <span class='ocrx_word' id='word_1_302' title='bbox 122 3648 260 3728; x_wconf 85' lang='lat' dir='ltr'>pietatis:</span> <span class='ocrx_word' id='word_1_303' title='bbox 276 3647 379 3712; x_wconf 87' lang='lat' dir='ltr'>liceret</span> <span class='ocrx_word' id='word_1_304' title='bbox 392 3653 493 3710; x_wconf 88' lang='lat' dir='ltr'>autem</span> <span class='ocrx_word' id='word_1_305' title='bbox 507 3653 642 3711; x_wconf 84' lang='lat' dir='ltr'>extruere</span> <span class='ocrx_word' id='word_1_306' title='bbox 656 3647 825 3724; x_wconf 87' lang='lat' dir='ltr'>aeclesiam,</span> <span class='ocrx_word' id='word_1_307' title='bbox 840 3649 864 3708; x_wconf 85' lang='lat' dir='ltr'>si</span> <span class='ocrx_word' id='word_1_308' title='bbox 881 3648 943 3724; x_wconf 88' lang='lat' dir='ltr'>ipsa</span> <span class='ocrx_word' id='word_1_309' title='bbox 956 3647 993 3706; x_wconf 81' lang='lat' dir='ltr'>sit</span> 
     </span>
    </p>
   </div>
   <div class='ocr_carea' id='block_1_3' title="bbox 0 0 1214 3968">
    <p class='ocr_par' dir='ltr' id='par_1_8' title="bbox 0 0 1214 3968">
     <span class='ocr_line' id='line_1_40' title="bbox 0 0 1214 3968; baseline 0 4"><span class='ocrx_word' id='word_1_310' title='bbox 0 0 1214 3968; x_wconf 95' lang='lat' dir='ltr'> </span> 
     </span>
    </p>
   </div>
  </div>
 </body>
</html>
