2462 3972
384 300 469 354 tosa
491 301 648 352 socruum.
937 287 996 350 ooo

53 407 155 470 5271.
178 401 300 476 Quaerit.
316 405 348 464 9⁰
365 405 409 464 nn
424 401 711 486 Ecclesiaapudnos
723 401 868 466 habeatur
883 407 914 464 ut
929 401 997 464 oiri-

16 491 85 556 iitor
101 511 200 573 capax
213 489 344 552 habendi
353 489 554 572 dominium?

53 578 251 662 Responderi
271 585 368 660 potest
390 578 564 642 affirmative
583 585 650 642 tum
669 598 705 642 ex
730 579 917 642 Concordato
946 580 996 642 utri

16 671 180 734 sancitur:
201 671 289 730 sart.
303 671 352 730 tt.
369 669 556 732 Gubernium
569 668 688 731 curabit
704 673 738 732 ut
751 669 902 731 catholicis
924 669 996 730 titre-

16 782 30 819 n
55 777 135 821 rum
151 757 206 836 sit,
222 757 247 818 si
261 755 398 835 libuerit,
409 757 551 820 Ecclesiis
567 757 724 820 consulere
749 759 832 820 noris
848 757 996 820 fundatio-

13 846 31 906 ὐ
55 847 195 923 nibusn3
210 851 277 908 tum
291 863 327 908 ex
342 845 505 926 legerim.
522 846 657 910 rotroni
668 847 823 909 statuitur:
845 869 860 906 a
882 851 998 910 t⁰T0ut

17 959 31 994 a
56 934 291 999 etatriissement
310 933 533 1018 ecciesiastique
551 953 686 998 reconna
705 954 759 1018 par
780 935 808 997 la
826 935 864 996 toi
888 955 999 1016 pourra

18 1030 229 1105 susceptor,
257 1041 328 1086 aveo
355 1023 569 1087 l’autorisation
597 1024 637 1086 du
664 1025 731 1102 tioi,
755 1031 823 1086 tous
843 1025 886 1085 tos
913 1023 998 1086 biens

17 1137 32 1174 a
58 1111 216 1188 monotes,
231 1111 411 1175 immeublrs
424 1131 463 1175 ou
478 1121 578 1176 rentes
589 1114 641 1195 qui
655 1112 696 1176 lui
706 1111 934 1176 serontdonne's
946 1131 998 1193 par

18 1225 33 1261 a
57 1207 150 1266 actes
163 1201 319 1264 entre-viis
332 1219 372 1263 ou
386 1220 441 1282 par
454 1209 518 1264 aete
531 1201 569 1264 de
582 1201 722 1264 derniere
734 1201 863 1264 nolonte.
879 1205 911 1263 20
922 1203 999 1263 Tout

18 1313 33 1351 ιι
58 1290 294 1354 etablissement
306 1289 530 1371 eeclesiastique
552 1309 689 1354 reeonnu
703 1309 757 1372 par
775 1290 872 1368 isloi,
888 1307 999 1372 pouma

19 1404 33 1438 a
59 1379 253 1460 egolement,
282 1397 353 1442 aveo
375 1379 591 1442 l’autorisation
617 1379 660 1442 du
683 1380 757 1456 Roi,
781 1381 919 1461 aequerir
946 1377 999 1440 des
1068 1407 1070 1412 v

21 1491 34 1526 a
59 1469 156 1532 biens
169 1467 349 1531 immeubtes
367 1487 408 1531 ou
421 1467 475 1532 des
495 1476 605 1532 rentes.
629 1472 661 1532 3ο
685 1470 741 1531 Les
755 1468 935 1531 immeubtes
949 1487 995 1549 ap·

20 1579 34 1615 n
59 1561 228 1640 partenant
245 1557 318 1621 tun
333 1557 557 1621 etablissement
575 1557 799 1640 eeclesiastique
813 1565 917 1620 seront
930 1576 999 1638 pos·

21 1669 35 1702 a
60 1645 157 1708 sedes
171 1647 187 1708 a
199 1645 365 1727 perpetuite
375 1665 429 1728 par
442 1647 513 1708 ledit
527 1648 760 1726 etabtissement,
776 1653 806 1709 et
819 1653 920 1708 serant
934 1650 998 1708 ina-

21 1757 36 1790 n
60 1731 213 1796 tienabtes
227 1734 356 1797 tmoins
374 1754 433 1816 que
447 1735 627 1796 l'atienation
647 1753 686 1797 en
704 1735 762 1796 soit
784 1735 932 1797 autoriste
947 1752 1000 1815 par

21 1847 35 1880 n
60 1823 174 1886 leRoi.
189 1843 206 1882 n
223 1821 299 1885 Vide
312 1822 370 1885 alia
389 1842 438 1905 ap.
455 1825 608 1904 Lequeux,
622 1821 663 1884 n¹·
678 1826 772 1900 toea,
795 1824 885 1886 1095.

480 1998 554 2080 sn.

24 2131 60 2192 ln
82 2147 212 2212 qrconom
238 2127 363 2190 resideat
388 2126 549 2188 dominium
575 2124 711 2188 immam
732 2125 998 2190 eceleu'ostr'roram.

64 2271 250 2332 sarnitan
279 2268 471 2332 consentiunt
493 2270 557 2330 ΠΙ).
583 2268 663 2332 cirea
688 2270 858 2352 subjectum
882 2272 912 2333 in
939 2291 1001 2354 quo

22 2357 158 2420 resideat
171 2357 342 2420 dominium
356 2358 506 2420 bonorum
520 2357 790 2422 ecelesiasticorum
807 2379 814 2421 :
831 2368 937 2442 praeter
949 2381 1001 2424 eos

21 2449 111 2510 enim
124 2447 179 2527 qui
192 2449 319 2510 erronee
353 2446 541 2510 contendunt
565 2447 639 2508 illud
654 2449 785 2510 residere
805 2448 836 2510 in
856 2456 1001 2529 potestate

20 2534 183 2612 saeoulrmi,
212 2535 265 2617 qui
292 2535 373 2610 satis,
402 2553 439 2596 ex
466 2534 552 2597 dietis
577 2553 678 2614 supra,
702 2535 845 2598 contutati
861 2543 941 2615 sunt,
972 2545 1002 2600 et

18 2627 104 2690 aiios
123 2623 177 2704 qui
191 2630 329 2686 esserunt
342 2624 392 2685 itta
405 2623 483 2685 bona
498 2641 563 2684 esse
578 2623 705 2700 nultius,
721 2622 803 2704 quod
817 2623 940 2704 quidem
956 2645 1002 2687 va

18 2733 99 2778 rum
113 2712 282 2794 dioipotest
295 2713 327 2774 in
341 2731 378 2775 eo
397 2730 488 2774 sensu
505 2709 587 2792 quod
601 2711 714 2774 nultius
733 2711 837 2794 privati
856 2712 929 2785 sint,
949 2716 1001 2776 sed

18 2811 72 2868 est
98 2801 210 2864 falsum
228 2801 260 2864 iu
282 2819 320 2864 eo
339 2819 432 2886 seusu
453 2800 536 2883 quod
558 2797 596 2862 ad
617 2800 734 2864 nultum
762 2800 887 2864 omnint
914 2805 1002 2886 perti-

20 2899 134 2958 noant.

67 2985 163 3046 5273.
180 2971 309 3044 Exstant
322 2979 447 3064 insuper
454 2983 516 3043 tres
536 2979 601 3043 atiae
616 2978 771 3044 sententiaa
789 2997 798 3042 ε
813 2979 916 3045 Prima
929 2983 1002 3048 dicit

17 3072 203 3136 dominium
216 3069 364 3133 directum
377 3079 407 3133 et
428 3070 602 3152 proximum
624 3069 774 3132 honorum
787 3071 1001 3138 ecclesiastico·

18 3179 99 3224 rum
113 3159 194 3242 apud
215 3159 333 3222 nultum
347 3159 505 3222 hominem
527 3160 588 3221 sire
601 3159 750 3241 privatum
772 3161 833 3222 sive
846 3163 1001 3244 publicum

15 3253 177 3326 existere,
191 3249 245 3312 sed
259 3249 357 3312 solirm
371 3247 451 3330 apud
466 3251 562 3310 Deum
576 3265 631 3310 seu
644 3247 813 3327 Christum,
828 3251 891 3314 solt
905 3253 1002 3314 admi-

17 3339 207 3404 nistratione
215 3337 295 3420 apud
302 3339 357 3400 Dei
371 3337 523 3400 ministros
529 3335 725 3400 consistente:
737 3338 776 3400 ita
786 3339 942 3404 innocent.
951 3345 997 3418 lii,

15 3433 157 3506 Navem,
174 3429 266 3506 tzor,
280 3432 341 3490 eto.
353 3446 361 3490 ι
373 3427 405 3489 in
418 3426 627 3508 probationem
640 3425 807 3492 afferuntur
819 3430 891 3491 varii
906 3437 1003 3494 textus

13 3517 104 3601 juris
113 3515 265 3595 canonici,
274 3515 307 3579 in
316 3515 427 3598 quibus
439 3514 520 3578 bone
527 3514 877 3582 emmiuuaodiaumur
886 3537 932 3581 rea
946 3519 1003 3582 ner

16 3610 104 3670 bona
119 3605 180 3668 Deo
192 3613 367 3668 commata.

70 3691 205 3756 Secunda
219 3691 292 3756 dicit
303 3690 473 3758 dominium
487 3693 645 3776 pietatum
658 3697 753 3781 pann
773 3701 806 3766 S.
825 3697 1001 3762 rammam
