2420 3968
195 207 255 291 5⁸0
414 219 551 264 nantinus
570 218 669 264 ronna
689 217 771 264 runis
791 216 940 263 canonum.

196 322 368 378 mentomm
390 313 649 378 administratione
682 319 713 377 et
737 313 837 376 missis
867 313 1036 396 divinisque
1065 314 1169 378 officiis

197 401 1169 488 celebrandisulantur,nisiiisquiperdonprepationemdS.Sede

200 491 364 576 Apostolrcd
390 493 585 556 emendationi
609 492 752 555 librorum
785 491 953 573 hujusmodi
980 491 1167 575 deputatam,

197 584 322 644 murectr'
336 583 472 666 typisque
486 583 620 666 impressi
632 580 1054 665 suerint.-Videaliaap.1i.
1077 585 1168 647 Bcuix

197 671 252 751 (De
265 672 339 734 lure
353 673 485 754 Lr'turp„
501 693 533 756 p.
549 672 706 754 aua-206.)

236 764 327 824 5052.
344 763 388 823 Ex
402 762 532 844 praetatis
545 762 666 825 Constit
680 763 712 824 S.
724 759 768 824 Pii
779 763 817 838 V,
828 759 970 824 Ecclesiae
981 761 1169 826 observantes

197 849 289 912 ritum
306 849 432 932 quidem
446 855 639 928 Romanum,
657 850 711 913 sed
733 856 883 914 mutatum
899 851 932 914 in
952 851 1091 933 partibus
1113 871 1167 915 non

198 939 424 1018 essentialibus,
440 943 458 1004 a
476 941 613 1005 ducentis
634 940 721 1003 annis
739 938 889 1003 habebant
908 940 958 1019 jus
979 959 1065 1004 suam
1087 961 1165 1024 pecu·

199 1025 304 1092 liarem
328 1027 478 1112 liturgiam
496 1029 717 1108 conservandi,
738 1047 795 1092 nec
815 1034 953 1112 poterant
981 1029 1063 1092 iilam
1087 1033 1167 1094 telin

200 1135 293 1198 quere
307 1116 344 1178 ad
366 1118 454 1181 aliam
468 1119 723 1202 amplectendam,
746 1117 801 1180 nisi
820 1137 857 1180 ex
871 1127 978 1181 mutuo
991 1119 1132 1202 Episcopi
1144 1131 1167 1182 et

201 1207 327 1287 Capituli
361 1227 511 1272 consensu
552 1208 744 1270 admitterent
776 1207 957 1270 breuiarium
992 1215 1024 1271 et
1054 1211 1166 1272 missale

202 1295 232 1356 S.
251 1297 295 1357 Pii
309 1299 352 1358 V:
368 1305 397 1360 et
411 1299 441 1362 iu
456 1298 514 1362 hoc
527 1315 599 1361 casu
612 1297 685 1379 ipsis
698 1296 828 1380 anrplibs
843 1296 984 1360 nonlicet
997 1297 1165 1362 adveterem

201 1382 374 1448 derelictam
395 1387 494 1450 redire
514 1387 686 1468 liturgiam,
703 1387 794 1449 etiam
814 1405 851 1448 ex
870 1394 977 1450 mutuo
991 1388 1131 1470 Episcopi
1144 1397 1166 1451 el

202 1473 328 1554 Capituli
343 1494 505 1539 consensu.
521 1478 564 1538 Ita
587 1479 618 1539 S.
639 1479 675 1537 lt.
693 1477 840 1557 congreg.
858 1495 865 1536 :
884 1477 992 1540 «Usus
1006 1479 1133 1540 Missalis
1145 1487 1167 1540 et

204 1583 217 1622 u
243 1563 383 1627 Breviarii
397 1565 524 1628 Romani
543 1565 636 1628 semel
657 1565 844 1628 introductus
864 1565 895 1627 in
918 1565 1055 1629 Ecclesia
1077 1567 1167 1650 aliqut

203 1673 217 1710 a
242 1653 1169 1736 quaehabebatparticularemissaleetbreviariumconbrman·

204 1765 218 1800 a
242 1741 300 1806 dus
313 1750 368 1822 est,
384 1763 441 1806 nec
456 1744 523 1807 licet
537 1743 635 1806 redire
647 1743 685 1805 ad
700 1761 789 1806 usum
800 1745 916 1825 antiqui
931 1745 1062 1807 missalis
1074 1754 1103 1808 et
1116 1745 1170 1808 bre

204 1855 217 1890 a
243 1831 355 1894 viarii»
381 1837 443 1894 :15
466 1833 564 1896 martii
585 1835 662 1896 1608
685 1831 874 1912 (Gardellini,
896 1840 972 1896 tom.
993 1839 1034 1914 Ἰ,
1057 1854 1089 1916 p.
1113 1837 1167 1914 ⁶⁰3·

203 1921 345 1994 Quamvis
364 1922 395 1983 in
410 1921 497 1985 Bulla
514 1922 628 1985 dicatur
653 1919 691 1984 de
710 1941 844 1985 consensu
862 1922 1000 2006 Capituli
1025 1926 1163 1996 uniuersr',

204 2011 407 2072 communiter
418 2017 519 2073 tamen
533 2012 595 2072 DD.
612 2009 746 2074 sentiunt
765 2011 901 2075 sufficere
915 2031 1103 2078 consensum
1116 2031 1161 2076 ure

200 2099 382 2179 jorrspartis
399 2119 406 2158 :
423 2099 768 2181 itainprimisSuarezet
779 2101 930 2182 Canalieri,
941 2102 1070 2186 apudD.
1084 2105 1164 2166 Bouiu
1201 2181 1202 2194 χ

204 2184 269 2260 (ao,
286 2203 317 2266 p.
334 2187 414 2268 arr).

243 2277 334 2336 5053.
358 2277 402 2336 Ex
425 2274 512 2339 dictis
542 2279 636 2362 liquet
658 2279 811 2362 duplicem
840 2299 906 2346 csse
932 2281 1168 2368 distinguendam

206 2361 357 2444 liturgiam
376 2365 565 2430 Romanam:
582 2369 807 2432 Ante-Pionam
821 2389 951 2453 nempe,
975 2392 1046 2455 quae
1068 2376 1098 2438 in
1115 2381 1168 2436 toto

206 2451 367 2516 Occidente
380 2453 497 2537 rigebat
509 2463 579 2519 ante
589 2459 620 2520 S.
637 2456 724 2540 Pium
739 2461 776 2538 V,
791 2459 816 2522 si
831 2461 1064 2526 Ambrosianum
1076 2473 1169 2526 tamen

206 2543 359 2625 exceperis
385 2551 415 2606 et
436 2547 671 2624 Mozarabieam;
691 2547 901 2612 Post-Pionam
922 2569 993 2634 qum
1013 2553 1052 2616 ‘m
1071 2553 1170 2618 eodem

207 2633 367 2696 Occidente
381 2635 398 2695 a
411 2640 546 2718 tempore
559 2636 696 2716 ejusdem
709 2637 864 2702 Ponlilieis
876 2641 1057 2723 generaliter
1068 2645 1150 2726 riget.

249 2725 313 2786 Hoc
327 2731 373 2787 est
385 2723 547 2786 discrimen
557 2725 634 2788 inter
642 2724 791 2791 Ecclesiae
803 2747 872 2811 quae
882 2731 1016 2812 legitime
1022 2733 1169 2797 obsonant

209 2812 360 2894 liturgiam
375 2816 543 2876 Romanam
557 2817 775 2879 Ante-Piorum
787 2825 817 2881 et
829 2837 880 2882 eas
898 2839 967 2904 quea
981 2821 1100 2906 liturgia
1115 2824 1167 2884 lto-

210 2901 295 2962 mancl
309 2902 492 2966 Post-Piuad
506 2909 647 2984 utuntur,
662 2907 744 2988 qubd
759 2907 791 2968 in
807 2909 958 2990 prioribus
972 2920 1123 2975 remaneat
1134 2911 1168 2972 la·

211 2991 304 3052 cultas
317 2991 417 3071 aliqua
431 3011 492 3055 non
507 2995 709 3058 substantialia
718 2995 751 3058 in
765 2995 911 3061 breviario
924 3005 955 3061 et
968 3001 1080 3065 missali
1091 3001 1168 3066 corri-

210 3075 299 3158 gendi
322 3083 352 3139 et
375 3079 555 3145 immutandi
574 3083 688 3168 absque
710 3085 795 3148 Sedis
818 3088 999 3169 Apostolicae
1021 3091 1164 3161 laenitate,

210 3166 288 3228 salut
309 3171 409 3228 tamen
430 3171 631 3250 prohibitione
644 3174 824 3240 Kalendario
837 3193 915 3240 nova
927 3178 1027 3244 officia
1040 3179 1163 3244 addendi.

210 3261 240 3314 el
252 3253 433 3336 obligatione
450 3259 621 3325 celebrandi
643 3263 741 3328 officia
758 3266 964 3331 universaliter
981 3277 1012 3332 et
1028 3271 1084 3333 sub
1096 3287 1166 3352 pm·

210 3347 296 3422 cepto
311 3343 349 3403 ab
365 3345 534 3424 Apostolict
557 3350 634 3414 Sede
653 3369 797 3417 concessa
810 3355 959 3436 (Preteet.
976 3358 1013 3422 S.
1029 3357 1162 3442 Salpini.

211 3433 285 3525 tom.
296 3433 326 3503 2,
342 3435 464 3508 mult).
481 3437 622 3500 Exstabat
634 3441 803 3506 enimdicta
813 3443 935 3507 facultas
949 3449 1112 3530 corrigendi
1121 3454 1164 3506 aut

212 3517 388 3577 immutandi
402 3517 434 3578 in
448 3537 510 3582 non
523 3524 768 3593 substantialibus
782 3539 851 3596 ante
864 3534 953 3596 Pium
963 3537 1002 3615 V,
1011 3537 1162 3600 uldiximus

212 3617 302 3682 supra
314 3606 431 3682 (5⁰t3l3
447 3610 536 3686 porrd
549 3629 611 3674 non
625 3613 681 3678 luit
694 3618 809 3684 sublata
822 3639 876 3703 per
888 3621 971 3687 huno
985 3625 1157 3696 Pontificem
