2462 3972
200 163 258 226 688
420 179 556 223 aaronis
577 177 677 223 rorrns
696 176 779 220 runis
800 173 947 221 assamur.

200 295 217 334 r
241 274 316 336 bere.
332 295 348 332 a
364 272 505 336 secunda
516 275 553 335 13
568 291 636 334 nor.
654 274 743 347 1655,
760 270 791 330 in
806 269 863 330 und
874 267 1052 348 Mediolon,
1070 272 1100 332 in
1113 275 1164 354 qul

202 363 282 425 idem
297 361 352 424 iuit
365 360 540 440 decretum,
561 380 623 423 non
644 359 775 421 obstante
795 367 939 440 pretenm
968 357 1098 442 ullepoto
1117 382 1164 422 noa

202 471 274 528 usu,
289 469 338 512 seu
351 449 571 528 tonsuetcdine,
587 448 725 512 etaltera
739 467 803 509 noo.
827 451 904 510 1655
922 447 1009 528 fastai
1031 449 1164 512 relatione

202 539 402 614 «iunctissima,
416 538 601 620 approbavit.
611 537 686 600 Vide
699 539 737 599 ll.
753 536 791 598 de
804 537 846 598 ld.
863 537 947 615 (tom.
957 540 989 614 2,
999 555 1033 618 p.
1044 541 1115 618 427)
1124 559 1132 616 ;
1141 547 1164 600 et

204 628 333 690 Ferraria
347 629 386 704 (ν0
400 627 563 706 Alisontia,
579 633 634 688 art.
650 631 680 698 t,
694 636 728 686 n⁰
743 627 804 702 ll).

230 720 330 778 saar.
354 717 536 797 Expendens
549 723 652 780 autem
669 714 727 776 hoc
746 711 874 776 dubium
888 713 919 774 in
935 731 992 776 suo
1016 733 1110 796 opere
1129 717 1166 778 oe

204 805 280 887 Syn.
294 805 357 882 (lib.
375 809 424 882 ta,
440 823 506 887 cap.
524 809 555 881 8,
573 807 649 882 ula)
664 802 776 864 Bened.
790 803 855 864 XIV
874 801 1032 866 concludit
1045 805 1126 885 qudd
1145 809 1165 866 si

204 893 342 976 Episcopi
357 893 583 976 deprehendant
597 891 756 954 invaluisse
771 891 801 952 in
816 893 869 952 sut
881 890 1005 952 dioecesi
1021 893 1165 973 praelatam

205 983 466 1058 consuetudinem,
477 987 530 1044 aut
543 981 670 1043 similem
679 979 767 1042 aliam
778 979 869 1042 sacris
879 980 1054 1042 canonibus
1062 989 1165 1044 contra-

206 1074 293 1148 riam,
306 1095 321 1131 n
328 1079 451 1134 caveant
460 1090 497 1132 ne
505 1071 586 1132 illam
594 1067 737 1151 Synodali
746 1067 962 1129 Constitutione
969 1069 1113 1144 lulciant;
1123 1071 1165 1132 sel

206 1185 221 1222 s
246 1163 421 1244 prinsquam
434 1167 484 1222 aut
500 1177 567 1222 eam
580 1157 720 1220 divellere
734 1163 786 1218 aut
796 1154 977 1218 confirmare
997 1159 1166 1238 aggredian-

208 1259 266 1326 tur,
278 1249 363 1314 Sedis
378 1247 555 1330 apostolicae
568 1265 692 1309 sensum
706 1245 878 1326 exquirant,
893 1245 1026 1324 ejusque
1054 1267 1166 1330 respon·

207 1359 275 1402 sum
285 1345 451 1420 expectent.
464 1361 478 1395 n
493 1339 530 1398 Et
543 1335 582 1398 de
598 1335 658 1398 hoa
672 1334 813 1417 proponit
823 1333 1000 1414 exemplum
1015 1337 1049 1397 S.
1069 1337 1166 1398 faroli.

246 1431 335 1490 5322.
358 1429 447 1489 Juxta
461 1425 547 1486 Card.
566 1428 671 1502 Petra,
690 1421 769 1504 apud
785 1422 904 1498 Bouix,
936 1422 980 1484 De
1011 1423 1165 1507 Capitalis.

208 1537 238 1598 p.
253 1521 334 1578 392:
354 1537 369 1574 n
389 1514 617 1595 Beneplacitum
632 1511 874 1594 apostolicum...
890 1511 1015 1592 supplet
1028 1533 1134 1577 omnes
1146 1529 1169 1576 a
1215 1559 1216 1564 η

208 1630 222 1663 n
248 1621 454 1686 quascumque
470 1603 583 1681 juris...
605 1600 808 1663 solemnitates
827 1599 964 1680 (proinde
993 1619 1169 1666 consensum

207 1719 222 1754 a
247 1693 391 1776 Capituli,
409 1692 466 1754 nisi
480 1692 516 1753 sit
530 1709 600 1772 pars
619 1691 708 1770 cujus
725 1687 845 1750 interest
860 1689 891 1750 in
905 1695 1117 1772 contractu)...
1134 1701 1168 1754 ta-

209 1809 223 1844 n
249 1802 320 1846 men
335 1781 440 1862 nequit
450 1780 588 1861 supplere
601 1795 840 1840 causam..:nam
850 1795 951 1852 causa,
968 1787 1002 1840 et
1015 1780 1094 1843 nihil
1103 1783 1170 1844 aliud

210 1897 225 1934 a
249 1879 348 1936 moret
360 1869 538 1934 Pontificem
547 1869 584 1930 ad
601 1866 828 1930 concedendum
843 1866 1111 1948 beneplacitum...
1126 1869 1170 1932 nisi

210 1987 225 2022 t>
249 1969 350 2024 tamen
371 1962 450 2042 Papa
474 1963 575 2039 ageret
587 1956 626 2019 de
644 1955 830 2038 plenitudine
850 1957 1030 2038 potestatis,
1055 1961 1125 2022 clim
1141 1979 1169 2021 eo

210 2075 225 2111 a
249 2071 321 2114 casu
341 2057 419 2113 esset
438 2047 552 2110 validus
572 2052 656 2108 actus
672 2043 858 2106 alienationis
875 2044 973 2107 lactus
987 2047 1057 2110 sine
1070 2054 1167 2110 causa:

211 2165 226 2200 a
252 2141 408 2220 namPapa
417 2155 479 2200 non
488 2143 533 2198 est
542 2134 670 2216 simplex
680 2131 902 2196 administrator
911 2152 1020 2197 rerum
1029 2138 1166 2210 Ecclesia,

211 2253 226 2289 a
251 2230 302 2292 sed
317 2227 407 2289 habet
420 2227 450 2288 in
466 2223 524 2288 illis
533 2222 820 2288 administrationem
834 2222 1056 2287 dominicalem
1075 2225 1164 2308 proila

212 2342 226 2378 a
251 2325 352 2382 entem
366 2335 402 2380 ex
417 2317 485 2395 jure
506 2312 740 2376 monarchiae.»
759 2312 823 2373 Hoc
846 2317 947 2373 tamon
969 2331 1039 2377 non
1058 2315 1161 2376 admittit

213 2412 244 2471 S.
260 2409 380 2490 Lignor.
393 2453 401 2484 ,
414 2411 448 2468 ut
460 2403 591 2466 vidimus
613 2419 703 2483 supra
718 2403 818 2480 (5273,
847 2401 958 2478 5276);
976 2403 1035 2466 sed
1050 2402 1126 2465 habet
1137 2407 1168 2461 ut

213 2497 444 2581 probabiliorem
458 2493 713 2572 sententiamque
727 2507 789 2552 non
799 2489 971 2552 attribuitS.
984 2491 1174 2554 Pontificide
1214 2565 1215 2576 χ

214 2589 343 2651 minium
357 2601 459 2647 rerum
468 2579 755 2656 ecclmiasticarum3
771 2584 801 2640 et
814 2578 937 2660 insuper
945 2579 1011 2657 (lib.
1024 2587 1055 2651 t,
1075 2585 1107 2644 n·
1117 2585 1175 2652 tsi,
1214 2581 1215 2642 l

213 2685 274 2739 not.
290 2675 341 2756 4⁰)'
351 2673 489 2756 expresse
498 2668 662 2750 dicitquod
671 2667 811 2730 alienatio
828 2666 907 2728 lacta
924 2669 994 2730 sine
1002 2669 1089 2748 justa
1099 2673 1178 2733 causi

214 2769 233 2830 a
248 2768 278 2830 S.
295 2763 454 2838 Pontifice,
467 2759 496 2820 si
509 2757 564 2842 fiat
577 2758 611 2818 t'a
621 2756 713 2818 oliam
727 2755 889 2830 ecclesium,
907 2755 968 2816 erit
988 2757 1114 2838 quidem
1135 2777 1179 2820 oo-

217 2855 291 2932 lido,
308 2855 376 2916 licet
389 2850 500 2913 illicita.
513 2846 551 2908 Si
565 2847 632 2908 cord
644 2845 701 2928 fiat
713 2844 746 2905 in
759 2863 826 2906 usus
833 2843 1064 2926 profunos,err't
1079 2847 1180 2910 illicita

215 2953 246 3007 et
257 2941 401 3006 inualida.
416 2942 461 3004 dt.
478 2941 557 3019 App.
573 2936 662 2998 XXll.

256 3035 346 3093 5323.
370 3033 393 3090 Α
409 3025 583 3092 necessitate
599 3021 775 3105 expectandi
793 3021 1017 3103 beneplacitum
1040 3023 1183 3107 Apostoli·

216 3139 287 3184 cum
308 3115 475 3199 excipiendi
499 3120 588 3192 sunt,
609 3111 692 3192 juxta
720 3114 752 3175 S.
774 3109 895 3192 Liguor.
918 3110 981 3188 (lib.
997 3115 1039 3188 t,
1060 3127 1098 3175 n·
1119 3117 1182 3185 l8l,

216 3217 278 3269 not.
295 3210 340 3284 6),
355 3223 442 3266 casus
456 3208 633 3283 sequentes:
651 3205 681 3263 l·
695 3201 720 3262 si
739 3205 855 3282 oportet
869 3198 1000 3262 vendere
1013 3201 1056 3262 ad
1077 3203 1183 3265 soluen-
1213 3265 1214 3268 Ἴ

217 3297 291 3358 dum
300 3293 436 3354 debitum
450 3307 578 3370 proquo
591 3289 720 3352 creditor
733 3295 821 3369 urget
834 3287 913 3368 apud
923 3288 1062 3366 judicem
1077 3311 1086 3366 ;
1108 3297 1141 3352 2⁶
1160 3289 1183 3348 in
1213 3301 1214 3358 l

217 3401 290 3443 casu
301 3397 419 3458 magnae
434 3377 617 3438 necessitatis
625 3395 694 3458 quae
710 3395 771 3438 non
786 3375 936 3456 permittat
949 3385 1117 3456 expectare
1135 3379 1183 3439 tna

217 3468 455 3547 beneplacitum
477 3468 511 3525 ³·
531 3466 563 3524 in
581 3483 653 3526 casu
672 3465 797 3528 notorias
820 3463 953 3528 utilitatis
976 3465 1148 3544 Ecclesiae,
1166 3463 1185 3525 si

218 3561 370 3636 expectato
384 3569 532 3612 consensu
547 3551 704 3615 Pontificio
717 3553 855 3615 transiret
875 3553 1005 3615 occasio.
1023 3554 1062 3615 ln
1087 3555 1137 3616 his
1149 3561 1185 3614 tr·
