2462 3972
174 222 233 286 bit
395 237 531 284 urantur
550 235 651 285 renus
670 239 750 286 rums
771 237 919 286 oenomai.

175 340 325 419 bilibrem,
338 340 422 421 Juxta
432 340 463 403 S.
473 339 595 421 liguor.
610 338 676 419 (ib,
689 348 722 402 n⁰
736 341 808 420 ³3l)
822 357 935 422 :quere
946 337 1055 402 suffieit
1066 336 1147 420 qubtl

177 430 351 510 Superiores
375 447 437 491 non
450 429 635 505 renitantur,
651 434 686 491 ut
702 427 862 511 impleatur
875 427 1009 491 conditio
1022 433 1091 489 roto
1104 428 1149 489 in·

178 516 336 580 haerenset
348 518 387 580 sit
399 517 535 582 firmum.
553 518 598 598 (S.
614 517 749 599 Liguor„
765 516 824 593 ib..
841 527 875 579 η’
888 517 972 594 231.)

218 609 309 668 5227.
331 607 455 679 Quaerit.
479 609 511 668 3⁰
534 608 581 668 An
602 606 640 668 sit
653 605 750 668 valida
769 605 893 668 irritatio
911 612 1064 670 votorum.
1084 625 1150 687 qua

179 693 255 757 laeta
269 701 347 758 esset
367 694 406 757 ab
420 713 456 757 eo
475 695 527 778 qui
545 714 599 776 per
620 713 753 757 errorem
766 713 963 772 ¹communem
983 697 1056 758 cum
1069 695 1152 756 titulo
1220 751 1221 778 p

181 784 314 847 colorato
323 783 542 847 existimaretur
551 783 705 858 praelatus,
717 784 763 846 rel
774 783 909 862 maritus,
919 783 966 846 sel
975 783 1153 866 patenete't
1220 785 1221 840 ἲ

223 876 314 956 llesp.
337 875 453 955 Negare
465 873 588 950 Sanoh.‚
604 875 749 936 Bonaoin.
764 920 773 952 ,
788 881 846 936 ete.
865 875 936 956 quia
958 881 1045 936 actus
1062 872 1154 934 dorni·
1220 887 1221 890 ’

183 962 224 1025 nii
240 963 278 1024 ab
301 967 370 1026 actu
381 962 598 1043 jurisdictionis
610 961 728 1039 differt;
744 963 898 1046 probabile
914 969 1018 1024 umen
1037 969 1153 1024 conua-

183 1053 263 1113 rium
280 1051 391 1114 habere
404 1053 591 1128 salmonae..
606 1051 676 1134 quia
691 1053 781 1114 etiam
795 1052 828 1113 in
841 1051 900 1114 boo
918 1069 992 1114 casu
1014 1049 1154 1131 applicari

184 1147 281 1222 polest
294 1142 340 1201 lex
354 1141 529 1202 Borborr'us.
547 1142 593 1222 (S.
609 1142 743 1222 Liguor„
760 1141 815 1216 it,
831 1150 864 1202 n⁰
878 1141 962 1219 232.)

225 1235 314 1292 5228.
337 1231 410 1302 Quae
420 1236 521 1292 autem
534 1229 613 1292 diota
632 1235 703 1292 sunt
714 1229 753 1292 de
767 1229 932 1292 irritatione
953 1233 1095 1291 votorum
1117 1229 1157 1288 in·

185 1317 344 1399 telligenda
357 1325 428 1378 sunt
440 1319 530 1380 etiarn
550 1319 588 1380 de
599 1320 841 1398 juramentorum
854 1316 1022 1380 irritatione
1037 1319 1081 1394 (S.
1112 1317 1156 1378 Li·

186 1425 272 1488 guor.
284 1405 335 1466 lib.
347 1409 377 1481 3,
394 1417 427 1466 n⁰
438 1408 521 1496 1833).
535 1409 624 1469 -An
639 1415 739 1470 autem
749 1408 800 1490 qui
810 1406 901 1470 habet
911 1412 1093 1488 potestatem
1103 1405 1158 1484 dis

115 1491 125 1504 “
186 1493 331 1576 pensandi
346 1495 462 1557 invotis
475 1496 569 1576 possit
581 1497 692 1577 pariter
709 1495 883 1580 dispensare
900 1496 934 1557 in
950 1493 1159 1574 juramentis?

186 1615 227 1633 ι-
239 1583 482 1648 controvertitur.
500 1584 575 1667 (lu,
591 1604 625 1647 n⁰
639 1589 719 1664 190.)

626 1753 644 1832 ᾖ
663 1755 700 1814 11.

483 1877 527 1940 De
547 1885 769 1940 commutatione
790 1887 862 1940 uota.

231 2041 320 2101 5229.
345 2037 545 2100 Commutatio
558 2035 617 2099 voti
627 2041 672 2098 est
684 2035 853 2098 subsumtio
867 2036 964 2117 operia
978 2036 1094 2098 bonesti
1107 2039 1163 2098 loco

192 2125 255 2208 ejus
268 2125 345 2208 quod
353 2134 417 2186 uoto
423 2126 599 2210 promissum¹
612 2125 773 2206 suerotsub
783 2123 881 2186 elidem
890 2124 1083 2206 obligatione.

231 2219 321 2276 5230.
344 2214 467 2286 Quaerit.
483 2217 514 2276 l·
529 2216 577 2276 An
595 2221 626 2277 et
646 2217 664 2275 a
678 2233 740 2296 quo
761 2213 854 2295 possit
868 2213 934 2276 fieri
948 2216 1011 2278 voti
1026 2233 1160 2278 eommo-

195 2303 288 2364 tatio?

233 2395 323 2474 Resp.
346 2389 400 2456 Vel
414 2391 512 2474 agitur
525 2391 563 2454 de
574 2391 810 2455 commutatione
824 2391 855 2452 in
869 2409 946 2473 opus
966 2393 1099 2470 melius,
1116 2389 1158 2452 rel

195 2481 327 2562 aequala,
343 2480 387 2544 vel
401 2480 527 2543 minoris
537 2480 634 2562 pretii.
821 2486 823 2492 '

237 2575 268 2632 l⁰
289 2570 419 2643 Quilibet
444 2587 554 2632 vovens
572 2587 662 2631 suum
681 2574 779 2650 potest
807 2571 996 2633 commutare
1011 2577 1119 2633 votum
1138 2569 1168 2630 in

197 2679 274 2742 opus
287 2660 367 2721 corte
385 2659 492 2721 melius
506 2676 568 2720 non
586 2657 721 2719 debiturn
744 2657 885 2738 (exeeptis
907 2663 1010 2720 tamen
1025 2661 1106 2721 rotis
1128 2679 1172 2720 re-

199 2751 339 2826 servatis,
353 2749 410 2810 nisi
425 2747 550 2809 mutatio
560 2746 611 2806 fiat
620 2747 651 2807 in
662 2753 772 2808 statum
784 2745 983 2827 religiosum),
998 2750 1071 2830 quia
1092 2751 1173 2810 Deus

200 2837 270 2900 huie
284 2836 510 2900 commutationi
530 2833 699 2897 consentire
713 2843 862 2910 censetur,
875 2837 946 2897 obrn
962 2853 1041 2916 opus
1057 2839 1099 2900 sit
1118 2837 1172 2918 ipsi

200 2927 322 3008 gratius.
335 2930 387 2988 Est
401 2941 564 2988 commune
579 2944 587 2985 ε
603 2922 670 2984 vide
684 2941 750 3004 eap.
766 2922 934 3005 Superbia,
948 2921 985 2985 de
999 2935 1085 3002 uoto;
1104 2945 1171 3006 cap.

201 3013 358 3089 Pervenit,
375 3013 411 3074 de
430 3011 637 3093 jurejurando.
653 3011 958 3093 Meliusautemopus
971 3015 1118 3094 estquod
1131 3022 1173 3076 est

200 3103 259 3162 tate
274 3103 303 3161 in
326 3100 432 3162 ordine
450 3100 488 3162 ad
509 3101 666 3162 utilitatem
688 3099 874 3182 spiritualem
899 3101 1035 3164 voventis
1059 3111 1093 3165 et
1111 3105 1175 3164 Deo

201 3190 325 3271 gratius.

243 3279 333 3338 523t.
357 3278 498 3349 Quamvis
512 3278 606 3340 oratio
624 3278 661 3341 sit
679 3279 815 3344 absolute
832 3278 940 3342 melior
949 3281 1090 3361 jejunio,
1111 3299 1175 3342 non

204 3363 272 3423 lieet
286 3370 387 3424 tamen
411 3365 532 3445 propria
545 3367 720 3429 auctoritate
733 3367 792 3430 hoo
811 3369 842 3430 iu
861 3367 944 3430 illam
963 3379 1174 3438 commutare,

204 3452 275 3528 quia
289 3449 338 3510 hie
352 3457 382 3512 ot
396 3469 479 3512 nune
502 3453 653 3532 J'eJunium
667 3463 764 3537 potest
783 3475 848 3520 esse
866 3459 929 3520 Deo
946 3459 1062 3540 gratius
1071 3467 1178 3539 utpote

203 3535 305 3597 utilius
314 3536 352 3597 ad
366 3537 480 3599 bonum
495 3541 649 3620 spirituale
661 3543 728 3606 talis
742 3548 888 3621 voventis3
902 3547 1013 3626 pariter
1026 3548 1082 3608 etsi
1092 3547 1177 3608 salu·

203 3620 334 3684 berrima
348 3625 386 3684 ait
398 3623 565 3702 frequentia
575 3637 853 3698 sacramentorum.
877 3651 938 3694 non
959 3639 1047 3702 nutat
1066 3637 1098 3696 S.
1123 3635 1173 3693 Li·
