2434 3940
224 207 277 264 1ῡο
436 218 572 266 rinnunua
591 218 692 264 nonius
712 217 794 263 nuans
814 217 965 264 canonici.

257 325 345 382 3853.
365 318 454 399 ttipor
473 319 661 381 renitentia
681 317 825 380 solemnis
845 318 876 379 in
893 318 1026 380 Ecctcsit
1046 318 1172 382 Orientali

219 411 313 471 nninnri
328 409 416 490 cirpit
430 411 593 490 atempore
608 407 747 490 Nectarii,
762 405 814 488 qui
828 405 908 469 circa
921 405 1060 469 fincmtV
1075 409 1171 478 saecuti,
1200 413 1201 490 t

219 497 473 562 Poenitcntiarium
488 497 519 558 in
534 499 589 558 sut
603 495 727 558 ecclesia
742 495 880 572 sustulit;
898 496 929 557 in
944 495 1077 559 Ecctesin
1089 506 1174 561 autem
1200 505 1201 552 ξ

218 587 420 664 Occiduntur,
438 585 557 648 nonnisi
578 591 645 667 post
664 585 827 664 septimum
845 585 991 648 saeculum
1004 587 1096 668 coepit
1113 585 1173 650 anti·

219 676 320 758 queri,
335 682 365 737 ct
378 675 444 737 loco
459 674 644 737 Poenitontiae
658 673 801 736 solemnis
816 674 960 754 injunctae
974 681 1046 737 sunt
1058 675 1175 757 peregri·

220 764 366 836 nationes,
380 783 515 826 recessus
530 765 560 824 in
574 763 766 835 monasteria,
777 762 988 844 eleemosynae,
999 771 1071 840 eto.;
1087 764 1174 844 hujus·

221 853 300 919 modi
321 853 445 916 mutatio
466 852 605 915 tribuitur
624 851 782 915 Theodoro
796 852 948 933 Episcopo
963 849 1175 931 Cantuariensi,
1201 899 1202 936 .

219 943 282 1024 qui,
297 945 368 1004 ciam
383 949 461 1004 esset
474 959 611 1024 graecus,
626 939 766 1003 Ecctesiae
781 955 843 1002 suae
858 941 948 1004 ritum
967 957 1024 1004 suo
1042 941 1175 1005 Poeniten·
1201 995 1202 1024 3

220 1032 292 1093 ticli
305 1031 448 1106 inseruit;
468 1023 506 1092 de
520 1029 662 1110 gradibus
675 1035 776 1090 tamen
796 1029 984 1092 Poenitentiae
1001 1029 1141 1094 solemnis
1152 1031 1178 1092 tt
1201 1049 1202 1058 ¹

219 1119 317 1183 adbuc
327 1121 440 1182 mentio
454 1120 484 1180 in
496 1119 632 1200 pluribus
641 1117 829 1180 documentis
840 1136 936 1199 usque
946 1117 983 1180 ad
998 1119 1175 1184 Xsaeoubrm.

218 1209 294 1270 Vide
311 1207 409 1270 benoni
425 1256 434 1285 ,
449 1207 501 1270 tib.
517 1213 547 1282 2,
563 1208 609 1269 tit.
625 1211 655 1284 E,
670 1215 742 1269 sect.
757 1211 790 1282 4,
803 1205 822 1288 ᾗ
834 1211 890 1284 79,
905 1218 971 1269 noto
986 1207 1015 1269 t.

258 1301 346 1360 3854.
371 1300 482 1372 Ponrb,
498 1299 588 1359 etiam
603 1297 757 1379 primitus,
773 1315 834 1358 non
849 1315 955 1360 omnes
971 1305 1139 1380 peccatores
1156 1297 1179 1362 ni

219 1407 356 1448 cononum
375 1385 610 1462 subjiciebantur
632 1385 816 1448 Poenitentiae
834 1385 982 1462 solemni,
1002 1387 1056 1450 sed
1074 1391 1178 1451 tantum

220 1475 238 1536 ii
260 1493 390 1553 quorum
416 1483 536 1554 peccata
557 1481 643 1535 erant
660 1473 761 1556 atiquo
781 1474 873 1536 modo
897 1475 1036 1556 pubiica3
1060 1477 1120 1538 imd
1133 1477 1180 1539 boc
1202 1549 1203 1558 ,

219 1564 315 1625 sotinn
340 1572 461 1646 propter
484 1563 630 1624 atrociora
648 1581 656 1622 a
671 1564 834 1644 pnrsertim
848 1610 856 1640 ,
870 1583 900 1626 v.
921 1585 951 1647 g.
972 1563 1178 1642 idololatriam,
1202 1581 1203 1596 ³

220 1652 378 1715 inncbiam
411 1658 442 1714 et
467 1650 663 1712 homicidium
695 1651 807 1732 quibus
833 1660 938 1734 postea
968 1655 1108 1734 quasdam
1133 1657 1181 1717 aba

220 1744 340 1806 suerunt
358 1741 509 1821 adjuncta.
525 1738 557 1801 ld
571 1739 706 1822 pluribus
723 1739 957 1818 demonstratur,
973 1751 1003 1805 ct
1023 1747 1180 1824 praesertim

219 1833 331 1896 Conrit.
349 1837 528 1902 beocaesac,
552 1849 579 1891 c.
601 1835 631 1905 4;
653 1829 785 1910 Epistola
808 1831 839 1892 S.
862 1830 960 1893 Basilii
979 1831 1021 1893 od
1040 1833 1180 1916 Amphitr

220 1924 312 2002 Epist.
329 1923 359 1984 S.
377 1923 500 2002 Gregor.
518 1922 618 2001 Nysa,
633 1917 673 1978 cd
684 1917 817 1998 Lctojum
830 1965 839 1993 ,
854 1937 923 1981 can.
939 1925 969 1995 4;
985 1921 1100 1984 Concit.
1118 1925 1179 1984 Vas.

219 2011 289 2070 anni
305 2017 375 2085 tta,
391 2029 459 2072 can.
476 2013 505 2084 83
522 2011 552 2071 S.
571 2012 712 2086 August,
727 2027 814 2070 serm.
830 2011 881 2080 82,
897 2009 970 2072 alias
985 2015 1034 2084 to,
1049 2009 1083 2073 de
1096 2011 1182 2073 cerdis

223 2097 350 2172 Domini,
366 2118 395 2162 c.
411 2105 441 2168 7¹.
456 2107 486 2160 et
503 2097 597 2180 Epist.
614 2101 664 2170 22,
680 2096 752 2158 abins
765 2101 816 2170 64,
835 2095 876 2158 od
887 2097 1060 2176 Aureliana·
1074 2100 1180 2164 Concit.
1203 2103 1204 2170 t

221 2187 386 2248 Laodiccno
401 2191 470 2263 330,
486 2206 554 2250 can.
571 2183 600 2246 ¹1.
616 2185 732 2247 -Vide
749 2204 797 2266 ap.
815 2186 934 2262 Devoti,
950 2187 1037 2264 idid,
1052 2188 1181 2269 §na-na.
1203 2179 1204 2208 ³

258 2279 346 2338 3855.
366 2277 499 2338 Diximus
518 2276 547 2338 ni
556 2294 695 2336 cononum
708 2293 719 2334 :
734 2293 803 2336 nam
819 2291 855 2336 ex
875 2273 988 2338 terrore
1002 2277 1184 2340 contritionis

219 2363 319 2444 plures
334 2376 503 2446 peccatores
523 2373 629 2446 sponte
644 2363 850 2444 poenitentiam
868 2367 1036 2427 sotemnem
1055 2369 1183 2448 ampiec-

218 2453 374 2530 tebantur;
401 2455 461 2516 imd
484 2463 514 2516 et
540 2454 641 2534 plures
664 2452 777 2513 innoxii
803 2470 840 2514 ex
864 2453 927 2516 zeto
952 2454 1069 2536 pietatis
1090 2474 1123 2518 se
1145 2457 1181 2517 itii

218 2541 382 2604 voluntario
396 2543 590 2619 addicebant,
605 2549 638 2604 ut
660 2541 762 2603 multis
779 2539 864 2604 iactis
884 2551 1001 2606 constat
1022 2544 1061 2606 ab
1080 2545 1182 2610 eodem

219 2631 342 2694 Biltunrt
356 2633 456 2694 natans
465 2632 530 2710 (ib,
542 2639 613 2693 sect.
627 2635 667 2706 E).

256 2725 346 2786 3856.
371 2725 517 2804 insuper,
532 2719 678 2801 quidquid
701 2718 804 2782 dicant
820 2727 973 2794 morinus,
995 2723 1108 2788 Natalis
1123 2723 1183 2785 nte

216 2813 349 2886 eander,
364 2813 514 2874 tueninus
534 2809 642 2882 etalii,
660 2808 828 2871 sacerdotes
848 2817 878 2872 et
896 2810 1035 2882 diaconi,
1050 2813 1184 2895 quamvis

215 2907 338 2980 possent
366 2902 473 2981 sponte
496 2899 647 2980 suscipere
672 2897 877 2980 poenitentiam
899 2901 1089 2978 sotemnenr,
1113 2921 1183 2964 nun-

215 3005 307 3066 quam
322 2994 422 3050 tamen
433 2987 469 3049 ad
480 3005 547 3048 eam
562 2987 750 3049 subeundam
765 2987 831 3068 tege
845 2987 902 3048 tate
911 2987 1032 3052 obnoxii
1047 2989 1181 3065 fuerunt;

217 3083 330 3137 constat
356 3083 419 3137 tum
442 3093 510 3137 can.
538 3080 596 3154 tt,
617 3075 715 3138 Carth.
742 3077 779 3153 V,
803 3094 885 3138 anno
907 3080 976 3154 394;
1002 3085 1068 3142 tum
1092 3079 1180 3161 Epist.

216 3164 247 3226 S.
272 3166 381 3226 Leonis
400 3163 440 3226 od
453 3164 605 3225 Hosticum
625 3163 772 3241 Narbon„
788 3181 869 3226 anno
889 3169 966 3244 443,
983 3167 1181 3232 ubidicitur:

219 3273 234 3311 ι
256 3254 394 3316 ntienum
410 3255 485 3315 esti
505 3253 724 3316 consuetudine
744 3255 963 3333 ecclesiastici,
979 3265 1012 3319 ut
1030 3259 1083 3340 qui
1103 3275 1181 3340 pres-

215 3363 229 3398 n
254 3342 376 3422 byterati
395 3341 510 3404 honore
537 3351 589 3404 aut
608 3341 730 3404 Diaconi
750 3342 844 3424 gradu
863 3341 975 3406 suerint
996 3345 1179 3418 consecrati,

215 3451 229 3487 a
255 3433 273 3492 ii
290 3449 344 3512 pro
366 3431 493 3494 crimine
514 3433 616 3511 atiquo
634 3451 707 3505 suo,
728 3451 781 3514 per
803 3438 912 3494 manus
935 3434 1178 3514 impositionem,

214 3541 229 3577 ι
254 3521 421 3583 remedium
434 3520 583 3602 accipiant
592 3521 755 3601 poenitendi
768 3522 864 3603 :quod
872 3521 935 3583 sini
945 3523 1034 3586 dubio
1049 3545 1090 3588 ex
1102 3540 1179 3606 opos·

216 3631 231 3664 ι
257 3607 344 3671 tob'cd
359 3607 519 3670 traditione
532 3607 662 3670 descendi
664 3617 687 3672 t.
702 3631 718 3668 a
