2416 3954
393 163 480 210 stoan
500 127 662 211 sucunous.
774 217 777 226 ,
967 153 1026 215 353

50 300 64 335 ι
87 277 177 342 sandi
198 297 250 342 seu
269 279 492 344 consaiidandi
516 281 636 344 litteras
657 281 903 363 dispensationis
933 303 1028 363 super

51 369 197 448 »quovis
224 369 378 431 canonico
407 371 636 450 impedimento
663 371 704 433 ab
732 373 915 452 Apostolint
945 372 1026 436 Sede

50 480 63 514 ι
83 458 254 538 expeditas,
270 477 342 539 quae
365 459 462 522 nuttae
476 461 564 523 t'actae
578 461 695 524 fuerint
714 460 755 524 ob
775 464 932 526 incestum
951 463 1024 525 reti-

49 551 178 608 »citum
203 546 408 628 inmanibus,
425 557 481 611 aut
510 559 669 629 patratum
697 569 752 612 seu
783 553 930 614 iteratum
955 561 1025 632 post

49 657 62 690 »
84 633 193 696 missas
210 653 316 716 preces
337 646 368 698 et
392 649 465 699 ante
488 637 734 719 dispensationis
757 641 1022 704 executionem.»

46 722 117 785 vina
130 725 350 802 compendium
363 724 514 801 Carrirtre,
529 737 564 789 n·
578 727 650 790 died.
669 727 740 790 Haeo
750 747 823 791 varo
837 749 875 790 ex
897 730 1022 794 decreto

46 812 170 874 tdlunii
184 813 261 878 tato
273 815 367 876 bodie
378 817 641 880 nonatteudenda
652 827 737 892 sunt,
749 829 780 878 et
790 817 905 899 copula
920 823 1020 881 inces-

46 911 128 966 tuosa
142 905 227 966 inter
240 921 375 985 sponsos
389 905 546 967 soliditati
568 906 811 988 dispensationis
826 925 889 968 non
904 907 1015 974 efficit.

81 985 354 1066 bramptonum
369 987 394 1048 si
403 993 531 1068 'uterque
542 988 789 1068 sponsuseodem
800 987 1017 1070 impedimento

47 1073 208 1154 afficiatur,
232 1073 342 1138 sufficit
364 1095 419 1157 pro
437 1095 500 1138 uno
523 1075 777 1156 dispensationem
799 1077 975 1158 impetrare;
991 1080 1015 1140 si

44 1172 139 1225 antem
153 1183 237 1226 unus
250 1181 380 1245 sponsus
395 1163 612 1244 impedimento
624 1171 763 1226 teneatur
778 1164 1016 1246 independenter

47 1251 80 1312 ab
92 1252 311 1334 impedimento
325 1251 464 1328 atterius,
479 1271 534 1332 pro
548 1261 677 1333 utroque
691 1253 908 1334 impedimento
924 1254 1014 1336 impe

46 1339 146 1402 banda
158 1347 205 1402 est
218 1339 412 1422 dispensatio.
431 1341 473 1420 (S.
490 1340 625 1421 Lignea,
640 1340 692 1404 tib.
709 1345 743 1418 6,
760 1343 862 1423 ttae.)

81 1446 169 1506 dido.
186 1443 269 1506 Noto
283 1442 386 1505 adhuc
399 1441 482 1524 qudd
496 1461 579 1504 error
593 1445 624 1504 in
639 1443 762 1505 nomine
776 1445 821 1504 vet
835 1447 1015 1526 cognomine

48 1538 196 1595 oratorum
209 1523 219 1602 ,’
233 1531 278 1593 tel
292 1531 476 1604 dioeeesens‚
492 1539 544 1594 aut
564 1531 714 1614 parttchiae
727 1579 735 1610 ,
750 1532 935 1614 probabilitas
948 1535 1017 1597 vali-

47 1618 122 1684 ditati
135 1619 370 1703 dispensationis
386 1639 447 1682 non
461 1619 572 1698 officit,
593 1621 684 1683 modd
706 1626 823 1684 constet
836 1621 874 1683 de
889 1622 1016 1704 impedi-

48 1717 143 1772 ntento
156 1717 187 1773 et
201 1712 345 1772 cauam·
354 1711 387 1770 P.
405 1711 486 1790 Gury
499 1756 507 1785 ‚
522 1715 597 1770 tom.
608 1713 645 1788 2,
661 1718 695 1769 n⁰
709 1713 778 1773 661.

81 1821 169 1966 dliii.
186 1817 313 1966 Qssfit·
328 1821 362 1878 t·
382 1816 541 1888 Quomodo
557 1815 695 1896 petendae
708 1817 767 1878 sint
780 1817 1018 1900 dispensationes

51 1921 92 1966 ura
105 1925 228 1968 rimonn

83 2007 170 2089 Itesp.
194 2009 263 2070 Duo
284 2010 388 2069 Romae
402 2007 529 2068 existere
548 2005 708 2069 tribunalia
726 2008 763 2070 ad
777 2028 845 2091 quae
859 2011 898 2072 sit
914 2031 1016 2076 ree-ur-

51 2096 171 2158 rendunt
186 2113 244 2178 pro
261 2095 433 2158 obtinendis
447 2095 630 2158 matrimonii
649 2095 942 2178 dispensationibus,
959 2104 1016 2163 tis·

50 2185 146 2246 taciem
170 2183 310 2246 videlicet
333 2192 365 2246 et
391 2185 643 2246 Poenitentiariam
667 2205 674 2246 :
700 2187 818 2249 Dataria
842 2187 941 2252 aditur
961 2210 1016 2272 pro

52 2271 268 2354 impedimentis
276 2273 400 2334 notoriis
410 2321 418 2350 ‚
430 2279 482 2336 aut
491 2291 559 2354 quae
572 2275 602 2335 in
614 2274 748 2336 notitiam
756 2277 883 2339 aliorum
893 2287 1018 2342 ventura

52 2362 266 2440 praevidentur‚
293 2369 345 2424 aut
372 2379 440 2443 quae
468 2363 533 2423 sine
558 2361 706 2441 infamis,
727 2365 869 2428 mandato
891 2367 1018 2449 aliisque

53 2449 247 2514 incommodis
274 2449 456 2512 manifestari
480 2458 629 2531 possunt:
653 2452 779 2532 abipsa
806 2455 921 2534 imponi
944 2457 1019 2517 solet

54 2540 290 2604 ttmsccunditm
305 2539 478 2616 facultates,
498 2539 554 2602 nisi
573 2541 755 2621 dispensatio
769 2557 913 2602 concessa
931 2542 1019 2603 suerit

54 2627 81 2688 in
101 2629 196 2710 farnad
216 2647 391 2712 pauperum.
419 2627 465 2689 nd
492 2627 746 2690 t’oenitentiariam
774 2627 938 2690 recurritur
965 2648 1020 2710 pro

54 2713 320 2798 dispensationibus
333 2717 456 2780 occultis
472 2723 502 2779 et
514 2735 583 2798 quae
596 2717 696 2777 forum
715 2715 869 2776 internum
887 2721 1019 2777 tontum-

56 2805 137 2868 modo
156 2812 314 2889 spectant,
338 2806 377 2868 ab
403 2806 528 2888 ipsaque
550 2803 790 2886 dispensationes
810 2803 907 2884 protis
929 2822 1019 2888 expe-

55 2889 180 2958 diuntur.
196 2894 274 2957 Vide
286 2893 365 2956 dicta
378 2913 469 2976 supra
483 2896 650 2973 (tat-tet).
1010 2915 1012 2918 ·

91 3001 119 3062 Si
132 2993 233 3086 exigat
246 3002 469 3065 Poenitentiaria
489 3001 571 3085 qudd
589 3001 840 3085 impedimentum
857 3005 895 3068 sit
907 3006 1022 3068 annino·

57 3090 209 3162 uomitum,
229 3091 391 3176 requiritur
411 3097 484 3154 tunc
505 3098 537 3154 ut
557 3091 671 3153 nemini
696 3091 883 3156 innotescat:
904 3095 945 3158 ita
969 3097 1022 3160 Be-

58 3177 121 3240 oed.
136 3181 200 3242 XlV
210 3198 260 3262 ap.
278 3179 487 3262 compendium
502 3180 652 3258 Carriitre,
667 3190 701 3242 n⁰
717 3185 788 3260 234,
803 3183 869 3246 adv.
886 3187 927 3247 1⁰.

94 3285 180 3346 tuat.
200 3285 230 3347 Si
255 3284 342 3366 ptura
356 3283 417 3346 sint
439 3285 671 3367 impedimenta,
693 3287 751 3350 ntia
773 3289 893 3370 publica
914 3297 944 3354 et
965 3291 1023 3356 alia

60 3379 183 3448 secreta,
199 3375 416 3441 recurrendum
438 3383 483 3436 cst
496 3373 534 3436 ad
552 3375 699 3437 notariam
720 3395 775 3458 pro
798 3379 965 3459 prioribus,
985 3382 1023 3444 ad

63 3455 309 3526 Poenitentiariam
329 3466 399 3524 vero
426 3482 481 3546 pro
504 3465 652 3541 occultis;
681 3466 746 3542 sed,
774 3468 806 3528 in
835 3469 1023 3548 precibusad

64 3544 144 3609 istam
154 3551 285 3630 directis,
309 3555 423 3614 mentio
446 3553 511 3614 tieri
537 3554 625 3614 debet
648 3554 684 3616 ed
709 3557 858 3615 'batariatn
880 3556 1024 3614 directam

64 3632 147 3699 bdsse
160 3641 409 3722 supplicationem
425 3659 482 3706 nro
496 3640 712 3720 impedimento
727 3641 860 3720 publico,
875 3639 980 3699 saitem
993 3635 1024 3694 in

845 3867 931 3914 rw
