2416 3954
153 200 214 264 530
375 216 511 263 umnam
531 214 632 261 rorans
652 211 733 258 Junrs
753 208 900 256 caventur.

155 309 241 374 betur
254 317 289 374 ut
305 329 382 391 opus
394 311 515 371 vetitum
529 308 637 369 diebus
649 305 759 368 festivis
772 324 781 380 3
796 305 1025 369 controvertitur
1041 325 1084 369 an
1098 309 1131 371 in

156 399 261 462 iisdem
284 399 370 461 liceat
392 397 502 460 ducere
516 414 623 459 currus
641 395 666 457 si
678 395 742 473 jam
757 392 868 455 luerint
880 395 1001 470 onusti,
1015 395 1067 458 vel
1080 399 1132 476 Ju-

156 495 373 549 mentaonusta
385 507 391 547 :
404 493 433 548 et
446 486 624 548 sementiam
634 483 834 546 affirmantem
844 481 876 545 S.
885 481 1008 563 Liguor.
1021 484 1090 563 (lib.
1100 490 1131 561 8,

156 577 189 636 u⁰
203 575 270 654 176)
285 583 368 637 vocat
381 575 631 656 probabiliorem,
647 570 814 653 presertim
823 569 863 632 ob
872 569 1052 634 hodiernam
1061 593 1134 638 eon-

156 663 345 725 suetudinem
360 663 570 726 universalem.
595 663 720 742 Propter
733 657 874 722 eamdem
892 661 1043 723 rationem
1065 662 1133 726 licet

157 751 245 812 etiam
260 751 448 828 molerem,
464 761 497 813 9ο
511 754 580 829 277)
590 756 620 812 et
628 749 740 811 ferrare
749 765 845 830 equos
852 748 1134 820 itinerantium,aut

157 857 263 902 eorum
277 841 329 922 qui
340 841 469 904 crastina
481 840 530 902 die
544 856 664 901 summo
679 854 769 900 mane
790 843 860 899 sunt
873 839 1024 919 egressuri
1039 839 1080 900 ad
1094 841 1134 902 la-

158 927 329 991 borandum
342 936 395 992 aut
406 928 625 1005 itinerandum;
641 927 763 990 illorum
774 925 899 988 relicere
912 944 1061 998 vomeres,
1075 935 1133 993 etc.

159 1016 226 1096 (ld,
242 1029 275 1079 n⁰
288 1021 369 1098 300).

199 1109 289 1170 4917.
308 1108 391 1190 Opus
405 1109 509 1172 servile
523 1115 640 1172 nonest
654 1106 785 1170 scribere
795 1112 847 1168 aut
859 1105 1075 1182 transcribere,
1086 1108 1136 1170 do
1206 1104 1207 1111 ’

161 1213 241 1268 cere,
253 1202 329 1269 elc.;
343 1199 572 1261 controvertitur
584 1216 624 1260 an
638 1197 719 1258 idem
729 1195 767 1256 sit
777 1193 942 1256 dicendum
952 1193 992 1256 de
1001 1196 1133 1276 picturl,
1206 1262 1207 1265 ,

161 1289 191 1346 el
204 1282 409 1364 improbabilis
423 1305 486 1350 non
506 1294 551 1350 est
569 1285 717 1349 sententia
739 1283 902 1346 affirmans.
925 1283 1034 1346 Plures
1046 1286 1134 1346 etiarn
1206 1280 1207 1295 ³

161 1379 303 1434 excusant
318 1375 433 1454 puellas
448 1395 502 1438 aen
524 1376 683 1457 pingentes
701 1380 734 1436 ut
755 1371 931 1449 addiscant,
946 1371 1068 1435 sedulii
1083 1374 1135 1435 boc

162 1478 238 1541 opus
253 1461 410 1525 habentui
433 1465 548 1526 seruile.
571 1467 628 1524 Ars
642 1470 743 1525 autem
757 1461 919 1540 sculptoria
932 1465 1138 1524 communiter

161 1547 289 1610 habetur
302 1558 336 1612 ut
349 1551 473 1614 servilis.
489 1553 529 1628 (8.
547 1551 682 1632 arguor,
699 1551 750 1612 lib.
767 1554 804 1628 3,
821 1549 862 1610 n¹·
877 1551 1038 1626 aue-280.)

202 1643 291 1703 4918.
304 1640 445 1704 Excusari
460 1659 547 1721 posse
558 1640 734 1702 videnturin
749 1637 954 1720 typograpbiis
969 1637 1139 1700 litterarum

163 1728 367 1806 collocatores,
383 1729 506 1811 quando
517 1735 584 1811 post
597 1728 696 1790 divina
710 1727 858 1790 collocant
872 1725 1049 1806 neglectum
1066 1747 1142 1810 peu·

164 1837 232 1881 sum
250 1838 258 1880 :
274 1819 448 1900 imprimere
461 1824 562 1880 brnen
577 1817 682 1880 servile
695 1817 822 1878 habetur
837 1815 905 1896 (ab,
920 1827 954 1876 n⁰
968 1817 1058 1896 287).

204 1911 294 1970 4919.
317 1907 551 1970 Controvertitur
564 1925 602 1968 an
624 1907 759 1982 uenatio,
781 1905 941 1985 aucupatio
958 1911 991 1965 et
1011 1907 1144 1986 piscatio

164 1996 226 2056 sint
251 2013 342 2074 opera
365 1997 396 2057 in
419 1995 501 2057 iestis
520 1995 626 2057 velita:
642 1993 824 2076 probabilior
840 1999 869 2054 et
886 1995 1088 2056 communior
1100 2005 1145 2058 est

164 2084 311 2144 sententia
324 2101 438 2162 negans
458 2102 494 2146 ea
519 2102 584 2146 esse
598 2083 766 2165 prohibita,
785 2083 839 2144 etsi
853 2080 925 2142 bant
937 2085 1031 2144 causa
1046 2085 1142 2158 lueri,

165 2168 330 2248 etquidem
344 2169 385 2231 ob
398 2171 662 2242 consuetudinem,
680 2169 771 2234 modd
782 2169 847 2232 lraec
860 2168 934 2230 liant
947 2169 1014 2231 sine
1029 2189 1146 2254 magno

165 2254 267 2317 labore
280 2275 287 2317 :
299 2256 371 2318 aliis
383 2257 493 2320 frustra
506 2261 559 2321 SS.
575 2259 737 2322 Pontifices
750 2259 974 2340 dispensassent
991 2257 1025 2320 in
1045 2261 1146 2342 pisea-

165 2345 247 2406 tione
260 2343 410 2409 halecum.
422 2349 494 2429 Cap.
510 2347 612 2426 Licet,
629 2349 672 2410 De
685 2348 783 2410 Feriis
796 2347 862 2424 tit,
878 2357 912 2408 n⁰
926 2348 1007 2426 283).

208 2433 269 2496 Etsi
281 2435 397 2497 servilia
411 2454 472 2498 non
483 2437 542 2498 sint
550 2436 677 2499 dicenda
688 2453 778 2517 opera
788 2433 928 2507 forensia,
941 2434 1149 2515 prohibentur

167 2529 269 2586 tamen
283 2524 314 2585 in
328 2523 434 2588 diebus
447 2523 576 2602 festivis,
592 2532 625 2588 ut
646 2524 758 2604 judicie
781 2532 811 2586 et
825 2522 964 2604 strepitus
978 2527 1083 2588 omnis
1091 2528 1148 2606 ju-

167 2613 301 2690 dicialis,
325 2613 355 2675 id
373 2621 431 2690 est,
454 2617 586 2677 actiones
606 2633 675 2696 quae
700 2613 738 2676 ad
758 2613 940 2676 decisionem
959 2630 1148 2694 causarum,

167 2705 228 2765 tam
243 2703 375 2765 civilium
389 2704 480 2785 quim
503 2703 723 2778 criminalium,
748 2705 810 2764 tarn
833 2701 1025 2764 saecularium
1047 2705 1150 2784 quim

169 2792 435 2854 ecclesiasticarum
445 2790 699 2866 ordinantur,nisi
711 2789 788 2852 adsit
799 2790 959 2852 necessitas
970 2797 1021 2854 aut
1030 2792 1146 2873 pietas.

169 2881 240 2962 Cap.
258 2883 433 2962 Conquestas
448 2885 477 2956 ὃ,
491 2879 532 2942 Dc
547 2880 649 2942 Feriis
664 2879 763 2960 (illd,
778 2889 812 2940 n⁰
828 2880 908 2957 9841.

207 2974 298 3031 4990.
315 2971 358 3030 lle
372 2969 501 3032 bisvarb
519 2970 561 3032 sic
576 2969 664 3030 habet
690 2968 737 3030 lex
758 2968 853 3030 civilis
881 2967 912 3030 in
934 2967 1028 3030 Gallitl
1053 2967 1148 3047 (Cede

172 3056 268 3133 91991)
285 3075 292 3116 :
312 3059 614 3120 «1995999999
639 3056 871 3120 condamnation
892 3074 932 3118 ne
953 3073 1064 3136 pourra
1076 3059 1149 3120 etro

170 3169 184 3202 »
209 3144 351 3206 executee
365 3144 408 3206 les
418 3145 503 3223 j0urs
516 3147 554 3209 de
573 3146 648 3210 letes
661 3145 826 3208 nationales
837 3163 880 3209 ou
896 3145 1089 3226 religieuses,
1109 3135 1145 3208 fit

170 3254 185 3295 v
211 3233 253 3294 les
266 3231 451 3295 dimanches.
467 3255 483 3293 a

212 3323 242 3379 ln
257 3319 365 3382 Codice
378 3323 447 3383 verb
460 3319 495 3382 de
504 3322 665 3386 Proeddure
679 3323 919 3388 civilediciturzn
929 3327 994 3388 Art.
1007 3327 1057 3389 63.
1072 3327 1148 3388 Au-

170 3425 185 3465 a
210 3423 270 3468 eun
290 3407 400 3486 exploit
413 3427 451 3470 ne
464 3427 531 3471 sera
543 3411 646 3476 donne
659 3431 701 3476 un
712 3413 782 3496 jour
803 3413 841 3476 de
859 3413 918 3476 idle
933 3412 1048 3496 legale,
1063 3413 1085 3474 si
1104 3433 1152 3479 ce

171 3511 186 3552 a
212 3495 286 3555 n’est
299 3511 337 3556 en
352 3503 434 3558 vertu
444 3495 535 3559 d'une
545 3501 724 3580 permission
731 3502 772 3564 du
780 3501 1148 3566 Prc'sidentdutribunal.

212 3603 227 3637 n
295 3584 357 3642 llrt.
374 3585 442 3645 781.
459 3583 643 3650 Lede'biteur
653 3607 693 3652 oe
702 3608 812 3672 pourra
824 3591 886 3654 etro
899 3591 1033 3668 aurete,
1049 3597 1078 3652 9·
1092 3591 1149 3655 les
