2498 3966
180 223 237 288 ‘tot
401 242 538 290 uimine
558 239 663 287 renus
683 239 763 286 enare
784 240 934 289 canumet.

181 361 346 423 hominum
361 358 506 438 conjugia
522 377 611 420 novae
624 356 790 438 cujusdam
816 356 1043 421 sanctitudinis
1064 359 1157 422 initia

181 451 325 511 videntur
339 466 406 509 esse
422 447 574 530 prolecta.
596 447 713 508 Deinde
727 447 969 510 matrimonium
994 451 1158 512 revocarit

182 540 220 600 ad
250 539 407 620 primaeua
439 537 570 615 originis
600 536 809 604 nobilitatem.
838 553 916 598 cum
946 533 1158 600 llebraeorum

183 647 285 690 mores
314 626 525 706 improbando
550 624 635 706 quod
666 634 697 687 et
727 624 932 688 multitudine
962 644 1100 689 uxorum
1131 639 1159 689 et

183 718 302 800 repudii
315 717 461 778 iaeultatc
473 717 693 788 abuterentur;
705 723 773 777 tum
785 714 1158 796 maximepraecipiendo,

183 827 221 868 ne
235 808 305 888 quis
319 804 490 868 dissolvere
503 806 631 867 auderet
645 804 729 886 quod
745 813 900 885 perpetuo
919 806 1158 885 conjunctionis

183 896 310 959 vinculo
326 895 407 959 Deus
419 897 486 977 ipse
500 895 749 957 constrinxisset.
762 893 971 976 Quapropter,
986 914 1061 957 cum
1075 895 1159 956 diffi-

183 990 316 1050 cultates
331 986 471 1048 diluisset
486 985 526 1046 ab
540 985 690 1047 institutis
707 983 851 1046 mosaicis
873 983 905 1045 in
922 983 1066 1045 medium
1083 982 1158 1046 alla·

184 1087 241 1151 tas,
260 1076 396 1156 supremi
409 1075 592 1156 legislatoris
612 1081 758 1152 suscepta
775 1089 919 1152 persona,
935 1073 1004 1135 haec
1025 1073 1067 1135 de
1078 1091 1158 1134 con·

181 1167 309 1248 jugibus
324 1165 448 1227 sanxit:
469 1164 537 1226 Dico
559 1163 759 1236 recrementis,
776 1162 846 1241 quio
862 1163 1042 1243 quicumque
1067 1162 1158 1224 dimi-

183 1257 259 1318 serit
274 1273 394 1317 irrorent
407 1271 506 1327 suom,
521 1253 581 1315 nisi
595 1253 635 1316 ad
646 1253 883 1334 fornicationem,
901 1256 928 1312 el
944 1251 1040 1312 ulium
1055 1251 1157 1314 duxe-

185 1349 238 1416 rit,
257 1346 420 1407 iteoeclietur
436 1351 484 1418 ,et
495 1344 545 1423 qui
560 1343 714 1404 dimissam
728 1341 864 1413 decuerit,
878 1338 1043 1403 mccclotur
1058 1339 1090 1402 ⁴.

224 1435 338 1498 Verum
355 1453 426 1514 uuae
437 1433 619 1495 auctoritate
635 1432 687 1493 Dei
700 1429 855 1509 conjugiis
870 1429 994 1491 decreta
1017 1440 1050 1491 et
1064 1448 1160 1492 cous-

185 1526 275 1586 tituta
292 1531 374 1594 sunt,
390 1540 426 1584 ea
446 1523 554 1583 nuncii
577 1521 757 1583 divinarum
783 1518 890 1597 legum
917 1518 1061 1598 Apostoli
1093 1520 1160 1600 ple·

187 1617 259 1677 nius
280 1622 311 1674 et
331 1612 527 1674 enucleatius
555 1612 714 1672 memoriae
737 1609 910 1687 litterisque
931 1606 1158 1686 prodiderunt.
1235 1649 1236 1664 2

186 1706 333 1766 lamvero
360 1702 515 1782 Apostolis
541 1700 698 1777 magistris
733 1707 860 1779 accepta
895 1697 1060 1757 relerenda
1089 1711 1163 1760 sunt
1235 1691 1236 1752 J

187 1814 258 1875 quae
268 1795 364 1855 sancti
387 1790 492 1853 Patres
505 1789 613 1863 nostri,
630 1784 765 1859 Concilio
777 1792 808 1849 et
821 1785 1003 1848 inlimatis
1018 1785 1164 1849 Ecclesia

188 1886 314 1949 traditio
339 1897 453 1961 semper
475 1878 676 1951 docueruut,
699 1876 851 1938 nimirum
870 1873 1031 1937 Christum
1055 1877 1165 1937 llomi·

191 1993 278 2048 num,
294 1975 332 2034 ad
344 1970 538 2035 Sacramenti
553 1969 738 2048 dignitatem
750 1965 1162 2040 evexissematrimonium;

190 2065 348 2143 simulque
371 2061 509 2122 olfecisse
535 2067 571 2122 ut
597 2057 757 2137 conjuges,
792 2054 910 2117 coelesti
938 2055 1039 2134 gratia
1066 2073 1160 2134 quam

191 2155 303 2215 merita
320 2153 586 2230 ejuspepererunt
599 2147 677 2228 septi
692 2164 729 2207 ac
749 2145 876 2219 muniti,
898 2147 1101 2204 sanctitatem
1129 2145 1158 2204 iu

193 2248 259 2325 ipso
273 2243 420 2321 conjugio
435 2239 683 2318 adipiscerentur
700 2253 708 2296 :
724 2243 817 2314 atqua
830 2234 861 2293 in
878 2249 927 2306 eo,
943 2233 982 2294 ad
998 2233 1157 2314 exemplar

193 2332 314 2414 mystici
329 2329 481 2392 connubii
496 2326 628 2388 sulcum
643 2323 777 2385 Ecclesia
801 2321 881 2382 mire
901 2321 1105 2390 conformata,
1125 2331 1151 2381 et

192 2442 329 2487 amorem
358 2421 411 2500 qui
432 2428 477 2480 est
500 2426 621 2479 naturae
645 2422 876 2476 consentaneus
903 2408 1109 2490 per·iecisse³,
1124 2417 1154 2469 et

193 2518 250 2576 riri
276 2533 312 2574 ac
334 2509 474 2573 mulieris
491 2504 687 2568 individuam
708 2512 817 2581 suapte
841 2509 954 2562 natura
985 2503 1159 2561 societatem

195 2607 212 2667 d
230 2607 309 2666 vinae
325 2598 598 2664 caritatisvinrulo
612 2591 746 2653 validius
757 2590 968 2670 conjunxisse.
991 2587 1071 2650 Viri.
1089 2589 1163 2650 Pau·

197 2697 243 2756 los
259 2692 363 2774 inquit
386 2689 425 2749 ad
441 2685 603 2766 Ephesios,
622 2679 746 2762 dilipite
759 2697 866 2741 camec
891 2685 1017 2752 oestrus,
1038 2678 1121 2738 sicut
1140 2689 1165 2738 et
1234 2707 1235 2742 t

196 2785 335 2848 Christus
351 2779 460 2842 dilecti
480 2772 650 2836 Ecclesium
665 2771 838 2853 elseipsum
853 2765 989 2829 tradidit
1000 2785 1064 2848 pro
1080 2777 1168 2842 eo,ut

195 2875 282 2937 illum
296 2870 500 2952 sanctificaret
519 2913 538 2925 ..
563 2863 630 2924 Viri
645 2859 752 2921 delent
766 2856 896 2940 diliqere
919 2874 1031 2919 uxores
1048 2876 1122 2918 suas
1137 2870 1169 2918 ut

195 2989 326 3049 corpora
347 2985 445 3025 suo...
470 2977 556 3020 uerno
578 2955 658 3016 enim
682 2969 818 3034 unquam
844 2967 964 3010 carnem
985 2967 1075 3008 seeum
1100 2949 1172 3008 odio

196 3058 304 3117 lasciuit
319 3073 331 3131 ,·
344 3053 396 3114 sed
410 3050 509 3112 neitrit
527 3056 554 3109 et
568 3047 652 3128 sonet
666 3062 743 3116 eom,
765 3041 844 3102 sicut
856 3048 884 3100 et
901 3037 1044 3101 Clu-istus
1066 3035 1099 3096 E
1100 3037 1173 3098 ccle-

196 3149 273 3206 sium
291 3164 297 3216 ;
314 3145 388 3224 quio
404 3140 536 3201 membra
547 3154 650 3198 sumus
665 3131 803 3214 corporis
819 3128 896 3211 ejus,
908 3125 945 3188 de
960 3145 1053 3188 corne
1064 3127 1134 3207 ejus
1145 3137 1173 3188 et

197 3234 361 3295 deensibus
377 3232 452 3311 ejus.
470 3231 606 3311 Propter
626 3225 681 3288 linc
705 3220 859 3303 relinquet
881 3217 970 3279 homo
993 3223 1122 3299 patrem
1144 3229 1173 3280 et

229 3457 249 3503 l.
263 3455 357 3513 lletth,
375 3464 424 3500 xlx.

228 3529 252 3573 2.
269 3527 338 3582 Trio„
351 3540 401 3572 sess
424 3535 488 3572 xxiv.

228 3599 252 3644 ³.
267 3598 339 3654 trid,
353 3609 413 3644 neas,
428 3602 495 3648 xxiv,
511 3606 557 3652 rap
573 3592 582 3638 1
597 3593 625 3640 da
640 3590 751 3650 Reform.
766 3589 844 3638 malr·
