2462 3972
406 207 490 254 trem
512 207 670 254 srcunous.
983 196 1041 256 333

109 307 195 388 Resp.
215 303 269 368 Vel
281 304 379 386 agitur
392 304 430 367 de
445 305 610 367 irritatione
624 303 747 380 directe,
759 324 812 368 seu
827 303 864 368 de
878 305 1043 369 irritatione

72 394 146 458 lacte
160 393 197 458 ab
212 413 248 457 eo
264 394 316 476 qui
332 399 507 474 potestatem
527 393 742 456 dominativum
756 395 846 456 habet
862 395 891 457 in
910 393 1044 458 volunta·

72 489 132 548 tem
150 483 282 546 voventis
295 531 302 559 ,
317 482 364 544 vel
377 480 416 544 de
434 482 599 544 irritatione
614 482 759 546 indirecta
777 503 830 546 seu
856 484 932 546 lectt
945 483 984 546 ub
1008 501 1044 546 eo

71 574 121 654 qui
142 574 260 634 tentum
283 571 373 634 habet
396 572 446 650 jus
469 571 499 632 in
523 569 681 632 materiam
709 575 887 636 exteriorem
912 573 993 644 voti;
1018 571 1043 634 si

70 662 195 743 quaestlo
211 662 250 724 sit
267 659 305 722 de
321 659 376 722 heo
394 659 558 741 posteriore
577 660 743 722 irritatione
761 661 806 723 rel
826 661 1042 745 suspensione,

70 757 245 832 potestatem
273 747 316 811 sic
339 747 473 810 irritandi
497 747 542 810 vel
569 749 772 829 suspendendi
802 757 869 813 vota
891 750 1046 832 possident

70 841 255 922 quicumque
267 839 317 919 jus
329 836 443 900 habent
456 838 487 900 in
502 856 567 900 rem
583 844 701 899 votam:
714 839 756 900 sic
768 847 907 918 parentes
921 846 1046 922 possunt

71 929 184 991 irritare
208 926 354 992 indirecte
378 933 446 988 vota
468 926 599 990 liliorum
621 927 711 990 etiarn
732 927 882 1010 puberum
908 928 1044 1010 quandiu

70 1023 196 1080 manent
211 1017 243 1080 in
255 1015 348 1078 domo
362 1019 486 1097 paterna
499 1063 507 1093 ,
519 1016 550 1078 in
565 1018 715 1098 quantiam
725 1017 845 1080 illorum
858 1022 926 1078 rota
939 1017 1047 1096 guber-

70 1105 275 1170 nationidomi
293 1104 507 1188 praejudicant;
522 1107 564 1168 sio
579 1124 656 1168 uxor
671 1111 769 1186 potest
782 1113 849 1168 xota
862 1105 960 1166 mariti
977 1106 1045 1166 irri-

70 1201 133 1257 tare
155 1195 187 1257 in
204 1195 351 1276 quantum
373 1192 519 1274 derogant
537 1194 604 1256 vitae
618 1193 720 1256 sociali
739 1200 770 1256 et
788 1194 847 1274 juri
868 1193 951 1276 quod
970 1211 1048 1256 uxor

69 1284 199 1348 hebetia
214 1301 325 1365 corpus
334 1283 445 1359 mariti,
457 1303 485 1344 v.
498 1303 541 1364 g.,
554 1289 652 1366 potest
662 1284 777 1346 irritare
787 1290 888 1346 votum
903 1283 1047 1364 longioris

70 1372 321 1456 peregrinationis
331 1393 339 1448 ;
351 1372 393 1434 sic
403 1371 546 1434 dominus
556 1373 671 1434 irritare
681 1379 777 1454 potest
786 1378 853 1434 vota
863 1371 1046 1435 famulorum

69 1463 181 1544 quibus
203 1461 309 1525 tierent
331 1461 424 1542 inepti
443 1461 481 1523 ad
499 1462 643 1543 obsequia
663 1461 719 1542 ipsi
742 1462 921 1544 praestanda.
943 1461 1047 1535 Quoad

69 1571 173 1616 servos
193 1569 247 1614 seu
267 1549 435 1630 mancipia,
451 1549 592 1612 dominus
608 1557 703 1632 potest
718 1551 832 1614 irritare
846 1569 1049 1632 quaecumque

69 1659 179 1706 eorum
198 1639 388 1718 ramusello,
405 1637 462 1700 nisi
477 1639 519 1700 illi
534 1639 646 1720 aliquid
660 1639 805 1700 haberent
818 1639 856 1701 de
868 1641 991 1721 proprio
1002 1687 1009 1712 ,
1021 1645 1049 1700 et

69 1729 243 1816 personalia
261 1746 330 1812 quae
347 1728 473 1791 domino
493 1728 708 1809 praejudicinm
729 1746 791 1789 non
809 1729 881 1790 rerd
903 1747 972 1809 quae
989 1745 1048 1788 non

70 1819 283 1904 praejudicant,
292 1824 326 1880 ut
339 1817 491 1894 castitatis,
503 1817 665 1878 moderalae
680 1815 832 1892 orationis,
844 1822 873 1878 et
887 1816 1050 1897 aliquande

67 1909 195 1992 jejunii,
208 1914 264 1972 eto.
282 1909 331 1987 (S.
347 1907 483 1987 liguum,
500 1905 552 1967 lib.
573 1909 603 1981 3,
620 1909 747 1984 110340).
764 1907 839 1968 llam
861 1907 891 1967 S.
914 1904 1050 1966 Pontifex

71 2004 214 2081 respectu
227 1998 366 2060 omnium
381 1995 526 2072 bdelium,
538 2000 568 2058 et
580 1995 747 2076 Episcopus
761 2001 899 2076 respectu
914 1994 1048 2056 subdito-

72 2106 144 2152 rum
155 2093 358 2169 possuntvota
373 2085 518 2148 indirecte
528 2082 643 2146 irritare
656 2082 778 2166 quando
791 2083 915 2146 materia
929 2084 1050 2146 illorum

75 2175 286 2260 prejudicium
299 2175 371 2256 ipsis
386 2173 517 2236 inferret.

116 2269 208 2328 tato.
233 2263 411 2344 Huiusmodi
427 2269 493 2326 vota
513 2262 658 2326 indirecte
672 2263 815 2326 duntaxat
833 2263 913 2326 irrita
934 2262 1050 2324 revivis-

70 2363 151 2420 cunt
165 2361 195 2416 et
208 2353 342 2433 obligant
356 2353 477 2434 quando
496 2351 636 2415 desinunt
652 2353 856 2435 prejudicare.
871 2351 946 2414 Vide
960 2353 991 2414 S.
1008 2350 1052 2412 Li-

71 2462 166 2528 guor.
183 2441 245 2521 (lib.
263 2445 292 2520 3,
309 2441 350 2504 n'·
363 2447 433 2520 ill,
448 2444 529 2520 242).

118 2536 210 2596 tuit.
234 2533 264 2596 Si
285 2532 355 2594 verd
375 2532 501 2614 quaestio
520 2529 558 2592 sit
575 2528 613 2592 de
634 2529 799 2592 irritatione
818 2528 950 2607 directe,
971 2529 1053 2591 illam

74 2639 226 2708 peragere
240 2621 339 2684 valent
354 2639 362 2682 r

122 2717 153 2775 1ο
176 2713 273 2788 Pater,
289 2718 318 2772 et
340 2709 372 2772 in
390 2711 456 2788 ejus
477 2706 596 2772 deiectu
618 2725 690 2769 avus
710 2714 853 2790 paternus
874 2705 973 2789 quoad
991 2725 1054 2768 om·

78 2803 133 2865 nia
157 2806 224 2864 vota
243 2799 374 2862 illiorum
395 2797 606 2880 impuberum,
626 2797 715 2859 eliam
734 2795 978 2877 illegitimorum,
994 2797 1055 2858 sire

79 2890 253 2974 personalia
280 2891 341 2950 sive
370 2887 481 2964 realia,
512 2886 611 2948 adhuc
642 2883 783 2948 castitatis
811 2891 840 2947 et
870 2884 1053 2965 Religionis,

79 2980 201 3042 etiamsi
216 2978 296 3040 lilius
309 2978 347 3039 sit
360 2977 420 3038 doli
443 2993 537 3056 capax
551 2981 582 3037 et
595 2974 701 3036 babeat
718 2973 886 3036 dominium
902 2975 945 3036 rei
959 2982 1054 3036 xotae:

79 3077 112 3132 et
125 3069 186 3131 hoc
204 3067 280 3130 valet
296 3067 386 3129 etiam
400 3068 431 3127 in
445 3065 539 3127 dubio
553 3083 591 3126 an
605 3069 707 3126 volum
722 3063 811 3126 luerit
828 3064 973 3126 emissum
988 3072 1057 3127 ante

80 3159 129 3222 vel
141 3163 210 3238 post
223 3157 426 3239 pubertatem,
439 3155 510 3238 quia
524 3160 607 3236 pater
621 3153 651 3214 in
664 3153 714 3215 tali
727 3152 820 3216 dubio
834 3159 879 3216 est
892 3153 923 3215 in
939 3173 1057 3236 posses·

81 3250 174 3312 sione
184 3268 193 3325 ;
203 3253 233 3310 et
248 3246 329 3310 illem
342 3251 387 3308 est
399 3243 563 3308 dicendum
576 3242 607 3304 in
618 3241 711 3305 dubio
723 3261 762 3305 an
776 3241 856 3304 tilius
867 3249 935 3324 post
946 3243 1056 3324 puber-

82 3344 181 3400 tatem
189 3341 292 3398 votum
299 3333 496 3396 ratificaverit.
507 3332 581 3394 Vide
590 3337 686 3414 capt
703 3331 815 3408 Puella,
825 3337 970 3409 causato,
980 3351 1010 3414 q.
1022 3337 1056 3410 3,·

83 3445 158 3510 cap.
174 3431 212 3490 lt
226 3424 348 3503 Mulier,
361 3427 411 3503 32,
425 3442 457 3505 q.
473 3427 507 3498 23
522 3441 579 3504 cap
594 3427 608 3483 l
621 3428 650 3483 et
662 3427 713 3498 22,
729 3441 760 3503 q.
776 3426 805 3499 l,
820 3421 857 3483 Si
870 3421 935 3502 quis
947 3421 981 3481 da
995 3440 1057 3500 req.

128 3521 164 3580 2⁰
178 3513 264 3587 Ouod
277 3513 390 3575 dictum
405 3517 451 3574 est
464 3511 501 3572 de
511 3519 606 3592 patre,
621 3510 679 3572 dici
693 3510 784 3571 etiam
798 3508 887 3570 debet
900 3507 937 3568 de
949 3513 1058 3567 tutore.

129 3605 272 3668 3333-
286 3604 317 3664 3·
338 3595 442 3674 Quoad
462 3603 609 3674 matum,
631 3602 728 3678 potest
745 3593 825 3659 certe
844 3600 911 3657 rota
931 3591 1058 3654 tiliorum
