2462 3972
368 205 460 273 'n‘tben
480 225 638 274 cremnos.
937 215 995 278 bid

29 339 110 402 guor.
128 321 295 404 generatim
310 340 398 404 posse
408 323 499 384 assari
514 322 595 404 qudd
610 341 670 386 una
680 321 828 386 confessio
843 323 888 386 vel
908 341 989 385 com-

28 410 994 493 munioaequivaleatrecitationiroseriipertotamhebdomadam.

27 499 89 576 (ib,
107 499 148 561 n'¹
162 504 234 578 243,
249 499 336 581 ato.)

62 591 174 653 Omnia
182 597 284 652 autem
298 595 365 654 vcta
377 591 547 673 personalia
556 596 683 674 possunt
695 591 814 676 propria
823 591 997 658 auctoritate

27 679 206 744 commutari
220 679 251 742 in
261 686 362 742 votum
377 679 558 762 Religionis:
570 679 632 743 imd
642 681 707 763 ipso
714 682 781 761 jure
790 683 893 744 omnia
906 681 997 744 realia

28 772 66 832 sic
80 777 239 832 mutantur
249 769 280 831 in
290 767 475 851 professione
484 769 623 852 religiosa
636 789 643 832 :
659 789 726 853 cap.
742 769 947 853 Smpturoet,
963 769 997 834 dc

29 869 100 921 roto.
119 859 195 922 Vide
209 861 241 922 S.
257 860 377 940 Liguor.
394 859 458 935 (it,
475 867 509 920 n⁰
519 863 600 939 ato),
615 865 645 922 et
656 858 737 922 dieta
751 877 842 940 supra
855 863 966 940 (avit).

64 953 231 1012 5232220
241 949 271 1012 Si
283 955 387 1030 agatur
395 947 433 1010 de
442 948 678 1012 commutatione
685 948 994 1030 votiinopusaequele,

28 1041 256 1103 controvertitur
283 1057 322 1101 an
340 1056 450 1102 vovens
475 1037 570 1119 possit
588 1037 670 1100 illam
692 1039 866 1102 auctoritate
885 1039 998 1120 privata

29 1147 196 1210 peragere:
218 1129 365 1190 sententia
391 1145 505 1209 negans
528 1127 711 1210 probabilior
730 1134 852 1190 vocatur·
866 1130 882 1190 lt
898 1129 928 1190 S.
949 1127 997 1188 Li-

29 1237 115 1298 guor.
131 1217 198 1299 (ib,
217 1229 250 1279 n⁰
264 1219 346 1295 tit),
363 1217 414 1298 qui
429 1217 467 1279 ab
481 1219 517 1278 et
531 1235 593 1278 non
616 1235 681 1280 esse
698 1216 902 1280 recedendum
922 1215 999 1278 affir-

30 1315 98 1378 mat,
117 1308 238 1386 etjuxta
248 1306 330 1368 illam
344 1306 535 1382 sententiam,
551 1305 601 1368 alii
615 1306 723 1369 dicunt
730 1306 997 1369 commutationem

30 1397 148 1478 inopus
162 1395 277 1477 aequale
288 1398 304 1457 a
316 1395 380 1458 solo
388 1401 512 1457 vovente
523 1400 674 1476 peractam
683 1413 749 1458 esse
760 1394 999 1476 peccatumdun·

30 1481 109 1548 taxat
122 1485 249 1561 veniale,
265 1484 314 1546 alii
323 1491 424 1546 autem
438 1491 577 1546 asserunt
589 1502 654 1547 esse
663 1485 800 1547 mortale.
812 1484 999 1547 Probabitiirs
1096 1505 1100 1514 ’

31 1594 101 1658 ergo
116 1575 280 1656 requiritur
291 1574 451 1636 auctoritas
465 1574 633 1654 Superioris
643 1574 842 1655 competentis
855 1593 910 1656 pro
921 1573 1000 1636 dictt

30 1664 287 1740 commutatione,
316 1681 370 1744 pro
393 1664 454 1743 qua
473 1660 610 1724 saciendt
629 1663 765 1743 superior
785 1663 899 1744 indiget
921 1663 1000 1740 justa

30 1756 120 1817 causti
133 1751 303 1816 :sufficiens
316 1758 418 1814 autem
432 1768 522 1812 causa
535 1759 673 1812 censetur
688 1753 784 1829 major
793 1753 955 1832 propensio
968 1752 1001 1812 in

31 1862 95 1906 rem
110 1840 372 1918 substituendam,
387 1839 489 1902 minus
503 1839 670 1920 periculum
684 1839 948 1920 transgressionis3
976 1840 1001 1901 si

31 1935 102 1996 verd
116 1931 270 1994 dubitetur
283 1949 322 1994 an
332 1947 409 2012 opus
422 1929 460 1990 sit
473 1928 599 2010 aequale‚
615 1927 722 1990 sufficit
736 1929 875 1991 notabilis
896 1927 1003 1992 moles·

31 2023 70 2084 tia
84 2021 117 2083 in
132 2021 299 2103 implendo.
312 2021 355 2099 (S.
370 2019 507 2101 Liguor.,
518 2017 573 2095 ib„
589 2019 622 2080 n⁰
636 2021 705 2095 itt,
721 2017 842 2101 inpiae.)

72 2111 330 2174 5233.-3⁰Certe
343 2109 505 2190 requiritur
513 2125 604 2170 causa
615 2114 645 2169 et
657 2107 817 2170 auctoritas
827 2114 1004 2191 competens

34 2201 73 2262 ad
87 2201 355 2266 commutationem
370 2201 428 2260 voti
444 2198 475 2258 in
485 2215 562 2278 opus
572 2195 796 2259 minusbonum
812 2216 820 2259 ε
835 2196 1003 2280 disputatur

31 2297 137 2354 autern
150 2309 190 2351 an
204 2289 272 2351 talis
285 2287 481 2350 commutatio
500 2285 576 2349 tacta
595 2287 660 2348 sine
680 2291 770 2349 causa
787 2286 944 2350 sufficienti
968 2288 1005 2350 sit

32 2399 97 2444 non
121 2379 222 2441 solbm
241 2378 341 2440 illicita
365 2375 416 2438 sed
437 2375 526 2437 etiam
545 2375 674 2438 invalida
694 2393 702 2436 ε
725 2377 756 2438 S.
777 2377 899 2457 Lignor.
920 2383 1007 2438 vocnt

32 2467 226 2551 probabilem
239 2485 301 2530 non
319 2465 435 2526 tantum
450 2463 650 2527 affirmantem
668 2463 825 2526 sedetiam
844 2471 1005 2545 negantem

31 2559 229 2632 sententiam,
244 2553 363 2618 etaddit
373 2554 454 2636 quod
469 2555 499 2614 in
514 2551 654 2614 dubioan
668 2553 1007 2616 causacommutationis

33 2648 129 2711 luerit
143 2645 311 2721 sufficiens,
327 2661 436 2706 vovens
451 2647 551 2724 posset
574 2641 765 2722 acquiescere
784 2639 898 2722 judicio
922 2659 1006 2704 com-

34 2737 194 2800 mutantis.
210 2733 278 2814 (lt,
295 2742 329 2796 n⁰
343 2733 426 2811 245.)

81 2826 203 2888 liabens
216 2831 317 2886 autem
332 2823 426 2884 solam
441 2823 616 2902 potestatem
627 2818 853 2896 commutandi,
872 2838 932 2882 non
954 2838 1008 2903 po·

34 2923 95 2980 test
104 2914 230 2997 quidem
244 2917 431 2975 commutare
444 2917 548 2970 vntum
561 2908 594 2969 in
614 2926 691 2989 opus
706 2909 873 2972 notabiliter
887 2910 1008 2988 minus,

34 3005 114 3089 quia
127 3003 196 3066 talis
204 2999 401 3066 commutatio
413 2995 817 3079 supponitdispensationem
830 3046 838 3078 ‚
849 2999 902 3061 sed
912 3011 1011 3081 posset

35 3099 231 3158 commutare
245 3091 276 3152 in
290 3107 367 3172 opus
380 3085 601 3168 aliquantulum
614 3086 735 3165 minus,
761 3087 799 3149 ita
819 3096 851 3150 ut
873 3107 1012 3154 excessus

37 3182 203 3246 inanitestt
216 3198 279 3242 non
298 3183 455 3260 appareat,
477 3175 548 3257 quia
561 3175 758 3238 commutatio
780 3177 907 3261 intelligi
924 3179 1013 3243 debet

37 3270 210 3336 moraliter.
223 3268 297 3350 (lt,
312 3268 438 3346 matt.)

83 3365 155 3426 'l'ria
184 3361 335 3446 praecipue
364 3355 517 3419 attendere
551 3351 641 3415 debet
664 3361 880 3420 commutans:
900 3381 915 3419 c
937 3360 1015 3432 Quid

41 3478 60 3514 a
85 3453 176 3516 liceat
187 3450 356 3516 secundum
370 3447 541 3528 equitatem
553 3462 562 3520 ;
573 3442 647 3523 quid
660 3442 766 3506 deceat
778 3447 947 3510 secundum
960 3451 1015 3512 bo·

44 3570 61 3600 »
89 3547 254 3620 aestatem,
269 3537 386 3621 etquid
402 3533 539 3616 expediat
556 3531 725 3594 secundum
748 3534 915 3598 utilitatem.
933 3559 948 3595 a
974 3540 1014 3598 lta

44 3650 116 3712 cap.
134 3631 258 3712 Magna,
271 3627 305 3691 de
320 3635 384 3690 voto
397 3635 426 3686 et
439 3625 499 3688 voti
513 3623 652 3706 redempt.
