2416 3954
443 169 529 216 arsen
550 169 708 216 sacuunus.
1015 161 1071 220 636

89 269 296 351 aggregandas
315 269 354 332 de
377 286 526 330 consensu
549 267 715 346 Ordinarii,
729 271 759 329 et
777 263 860 348 qudd
878 265 916 327 ad
931 259 1072 328 eumdem

89 360 224 439 pertinet
242 360 365 423 illorum
384 359 499 422 Statuta
518 356 671 434 condere,
691 355 885 433 examinare,
900 354 1072 435 corrigere,

89 448 255 525 innovare;
271 457 301 512 et
315 449 371 512 hoo
386 445 520 530 procedit
533 446 649 509 etiamsi
663 444 897 507 confraternitas
911 443 999 506 alicui
1016 445 1072 504 rtr-

88 535 379 600 chiconiralernitali
391 537 479 600 luerit
488 541 659 618 aggregata;
672 533 777 614 excipe
787 531 812 596 si
822 535 937 596 Statuta
947 531 1072 594 fuissent

88 625 180 688 Sedis
196 625 377 710 apostolice
398 627 572 688 auctoritate
593 623 790 700 confirmata,
805 629 857 686 aut
874 622 903 684 in
922 621 982 684 vim
997 639 1070 684 con-

87 715 206 776 tractus
225 715 356 779 condita.
373 714 523 792 Ferraria,
539 711 593 786 ib..
610 719 665 776 art.
682 717 714 792 6,
730 711 772 774 nn
786 714 825 774 39
839 717 868 774 et
882 713 936 788 l03
952 709 1068 787 Bouix,

39 799 41 804 ’
90 802 183 881 idid,
224 807 316 867 ,366

131 823 224 955 6666).
241 894 286 956 Ex
295 892 342 956 his
351 891 578 976 sequiturqudd
593 887 943 954 Archimnlralernitates
956 889 1071 970 possint

88 980 218 1062 quidem
242 981 447 1062 indulgentias
468 987 498 1044 et
522 980 631 1062 gratias
654 978 822 1062 spirituales
846 977 1070 1040 communicare

89 1069 414 1149 Gonlraternitatibus,
429 1087 491 1132 non
504 1071 575 1130 verd
589 1087 710 1151 propria
723 1066 894 1149 privilegia,
911 1081 968 1128 uec
981 1065 1071 1128 etiam

90 1159 228 1236 Statura,
248 1159 305 1221 nisi
319 1158 526 1221 consentiente
546 1165 575 1220 et
592 1156 778 1239 approbante
791 1155 970 1218 Ordiuario:
990 1153 1071 1216 unde

91 1265 149 1328 per
164 1249 409 1330 aggregationem
425 1247 498 1310 nihil
520 1245 686 1309 detrahitur
695 1243 895 1326 jurisdictioni
910 1241 1069 1306 Ordinarii.

89 1336 231 1398 Ferraris
246 1335 347 1418 (ibid,
363 1343 419 1398 art.
437 1341 466 1412 l,
483 1335 523 1397 η’·
537 1340 572 1398 tl
590 1341 621 1398 el
632 1335 699 1415 la).

133 1428 226 1488 4665.
252 1425 421 1488 visitationi
443 1425 612 1507 Episcopali
635 1424 764 1488 subsunt
783 1423 1068 1487 confraternitates:

90 1520 136 1576 rta
154 1513 316 1578 declaravit
330 1517 361 1577 S.
383 1517 493 1594 Congr.
510 1513 632 1576 Concilii
646 1518 684 1576 23
696 1513 774 1594 junii
798 1517 876 1576 t'll9
894 1532 902 1574 ε
922 1511 1071 1576 rGonsra·

90 1625 108 1663 »
133 1605 289 1666 ternitales
303 1604 448 1667 laicorum
464 1605 493 1665 iu
508 1603 643 1666 eeclesiis
656 1603 841 1685 regularium
859 1608 1070 1684 exemplorum

91 1717 109 1753 n
135 1693 287 1756 institutas
312 1695 435 1756 subesse
455 1691 654 1772 jurisdictioni
677 1698 708 1754 at
727 1691 885 1755 visitationi
909 1691 1069 1773 Episcopi,

91 1803 110 1840 n
136 1781 263 1864 illasque
272 1783 381 1844 visitari
393 1799 498 1862 possa,
510 1779 758 1844 necnonillarum
775 1781 904 1860 capellas
918 1781 949 1842 in
964 1779 1070 1842 iisdem

92 1895 110 1930 n
135 1871 270 1934 ecclesiis
288 1871 470 1954 regularium
491 1873 672 1932 existentes:
689 1869 720 1931 in
734 1869 780 1930 his
793 1875 894 1931 tamen
909 1887 979 1951 quaa
992 1871 1071 1932 Con·

91 1982 111 2020 »
135 1957 356 2039 fraternitatum
381 1959 670 2022 administrationem
690 1957 865 2040 respiciunt.
887 1960 924 2020 Et
947 1959 972 2021 si
996 1961 1071 2022 Ceu·

91 2047 372 2112 »fraternitatibus
400 2049 547 2111 incumbit
574 2065 652 2110 onus
679 2047 895 2110 manutenendi
922 2047 1014 2111 altare
1040 2055 1070 2112 et

90 2161 110 2199 a
137 2137 219 2200 illius
237 2138 373 2218 cultum,
398 2138 578 2219 Episcopum
601 2155 688 2218 pesse
705 2136 823 2199 visitare
843 2137 922 2200 cirea
946 2155 982 2200 ea
1001 2157 1070 2220 quae

91 2250 111 2290 n
136 2227 303 2310 respiciunt
324 2227 420 2310 ipsam
442 2227 720 2306 manutentionem,
740 2226 872 2304 cultum,
894 2235 1070 2290 ornamenta

91 2339 110 2379 n
136 2316 239 2378 altaris
259 2335 313 2378 seu
333 2315 476 2397 capellae,
497 2333 589 2377 onera
612 2317 771 2378 missarum
793 2323 882 2396 atque
899 2316 1071 2378 divinorum

92 2429 111 2468 n
137 2405 307 2470 officiorum
332 2405 443 2466 ibidem
468 2403 735 2480 celebrandorum,
758 2414 787 2466 et
809 2405 888 2466 eirca
911 2421 946 2466 ea
969 2406 1071 2466 omnia

92 2519 111 2557 s
137 2514 209 2577 quaa
223 2493 260 2556 ad
275 2493 491 2575 obligationem
504 2494 681 2556 eorumdem
696 2493 882 2556 contratrum
896 2493 1072 2554 relationem

93 2606 112 2646 u
138 2585 280 2646 habenta
297 2601 434 2665 :-qua
457 2581 568 2646 decisio
591 2583 696 2645 effecta
717 2587 760 2644 est
784 2581 888 2660 regula
908 2581 1071 2660 generalis,

91 2679 184 2757 juxta
207 2673 321 2736 Rened.
337 2675 418 2746 xlv,
437 2671 536 2735 lustit.
562 2675 640 2747 l033
656 2675 744 2752 eique
764 2668 874 2750 pluries
896 2686 929 2730 se
952 2667 1072 2730 confor-
1163 2735 1168 2754 ¹

97 2763 192 2825 mavit
205 2762 313 2825 eadem
327 2763 358 2824 S.
375 2763 523 2842 Congrag.
535 2759 608 2820 Vide
622 2756 829 2834 Ferrarislib„
844 2761 900 2817 art.
917 2759 947 2836 3,
965 2767 999 2818 ιιο
1012 2757 1071 2836 39).

141 2855 231 2915 4666.
245 2850 527 2912 confraternitatum
534 2847 789 2910 administratores
802 2845 940 2928 compelli
950 2853 1075 2927 possunt

94 2943 139 3006 ab
148 2941 298 3022 Episcopo
312 2939 349 3001 ad
363 2937 548 3001 reddendum
562 2938 710 3000 rationem
724 2954 787 2998 suae
795 2933 1072 3015 administrationis,

93 3039 129 3096 st
143 3029 183 3092 sd
206 3029 291 3091 hunc
305 3025 399 3091 linem
416 3027 483 3109 cogi
504 3032 631 3110 possunt
644 3025 682 3088 ad
700 3025 792 3088 libros
810 3023 1074 3088 administrationis

96 3118 286 3196 atterendus,
300 3117 346 3181 vel
361 3117 391 3179 in
399 3117 546 3180 Palatium
560 3115 729 3198 episcopale
740 3115 786 3177 vel
800 3115 888 3177 etiam
904 3115 935 3176 in
948 3114 1075 3178 demum

99 3208 173 3288 ubi,
188 3215 324 3290 tempora
337 3207 523 3280 visitationis,
534 3205 700 3287 Episcopus
708 3204 809 3286 degit:
823 3203 862 3266 ita
874 3204 985 3286 pluries
997 3204 1075 3268 deci·

98 3316 173 3363 sum
186 3299 204 3361 a
218 3297 250 3361 S.
265 3297 299 3360 C.
317 3296 432 3360 concil.
448 3293 528 3378 apud
543 3295 695 3372 Ferraria,
713 3293 767 3370 ita,
782 3300 838 3356 art.
855 3295 885 3370 3,
901 3305 934 3354 n·
944 3297 973 3356 9.

140 3391 234 3450 teet.
256 3384 491 3450 controvertitur
509 3403 548 3447 an
570 3385 737 3466 Episcopus
755 3401 809 3466 per
828 3383 925 3445 edicta
948 3383 1075 3463 penalia

99 3477 201 3542 valeat
211 3495 321 3560 cogere
335 3475 676 3554 Contralernitatesquae
689 3490 776 3534 sacco
789 3480 925 3550 utuntur,
936 3472 973 3532 ad
983 3471 1076 3532 solitis

100 3565 349 3646 processionibus
359 3563 617 3628 interessendum:
633 3579 684 3624 eas
697 3561 837 3642 compelli
848 3576 936 3642 pesse
950 3557 1075 3619 affirmat
