2434 3940
375 211 460 258 enan
476 210 635 258 oronnam.
929 191 982 254 ΞΙΙ

67 301 150 364 tionem
169 303 300 368 inducere
326 305 437 382 valeat,
463 313 583 384 tamen,
607 311 769 386 antequam
798 320 926 386 persona
953 303 990 366 sit

65 389 199 472 designata,
222 413 279 456 non
309 403 404 477 potest
427 395 552 478 gignere
583 393 833 476 impedimentum
863 393 989 474 publicae

65 476 203 558 honestatis,
225 484 265 546 uti
287 483 446 546 declaravit
474 483 607 546 Bonilac.
631 485 712 552 ΙΙΙΙΙ,
734 500 800 565 cap.
833 483 930 556 ionico,
955 481 989 544 de

65 567 170 647 ommni,
184 570 212 632 in
221 575 260 633 θ’.
276 573 350 636 Vide
362 573 449 636 Gard.
462 573 580 655 Soglia,
595 571 771 653 Institjur.
779 571 904 653 priv.,§
919 576 988 636 137.

457 729 475 810 fi
494 729 532 791 ll.

285 865 331 929 De
343 865 521 950 obligatione
534 864 734 948 Sponsalium.

88 1007 158 1070 3995.
179 1009 329 1091 sponsalia
341 1011 476 1092 obligant
493 1010 550 1074 sub
564 1009 681 1072 mortali
697 1007 734 1071 ad
753 1005 920 1072 ineundum
933 1010 991 1070 Ma·

62 1093 226 1161 tn'nroniunr:
249 1101 319 1164 licet
340 1101 422 1162 enirn
449 1099 609 1180 promissio
629 1099 755 1180 simplex
786 1117 847 1160 non
874 1097 992 1158 inducat

62 1201 150 1262 gravem
163 1188 386 1271 obligationem,
406 1207 494 1251 secus
508 1195 552 1250 est
564 1187 728 1250 dicendum
742 1187 780 1250 da
794 1187 992 1270 promissione

61 1282 136 1336 nutat
148 1297 208 1358 quae
222 1299 255 1341 ex
270 1269 400 1360 utraque
413 1287 496 1360 parta
510 1277 632 1356 obligat.

86 1364 218 1446 Inplenda
230 1375 302 1432 sunl
313 1377 414 1432 autem
429 1367 579 1449 sponsalia
588 1373 722 1447 tempora
732 1363 855 1448 praefixo
868 1385 875 1426 :
887 1365 911 1428 si
923 1368 991 1428 verd

61 1451 133 1514 nullus
151 1458 292 1520 terminus
316 1457 406 1520 luerit
433 1455 591 1538 praefixus,
619 1457 716 1516 verior
738 1455 883 1518 sententia
911 1463 992 1518 tenet

60 1537 176 1619 inplenda
196 1563 259 1607 esse
280 1555 353 1609 tunc
371 1549 471 1608 statim
486 1565 521 1608 ac
541 1545 702 1607 commode
724 1543 787 1606 lieri
803 1552 919 1626 potest,
936 1547 992 1626 nisi

59 1645 106 1705 pars
116 1631 196 1696 altera
215 1635 349 1698 dilationi
367 1637 551 1712 consentiat,
567 1642 656 1716 prout
669 1637 839 1696 consentire
852 1643 993 1696 censetur

58 1719 150 1792 quando
168 1729 255 1801 tacet,
280 1723 353 1785 dum
377 1723 538 1786 commode
561 1729 660 1804 posset
678 1739 785 1801 urgere
807 1723 992 1803 sponsalium

58 1805 354 1890 adimpletionem-S.
371 1812 491 1892 Ligunr.
509 1811 572 1892 (lib.
588 1815 619 1889 6,
636 1823 670 1873 η·
684 1813 774 1887 895);
791 1809 877 1872 Card.
894 1811 993 1891 Soglia

58 1893 212 1981 (lustitjor.
228 1901 324 1982 prim,
340 1901 358 1982 ἓ
374 1904 453 1979 lt'l).
753 1892 760 1898 ’

82 1986 151 2050 9996.
166 1990 443 2052 Controvertituran
452 1987 543 2068 Judex
554 1987 661 2051 debeat
670 2005 778 2068 cogere
788 1986 825 2049 ad
840 1986 993 2070 implenda

56 2079 303 2149 spissamento
316 2079 537 2142 autemdicitur
550 2077 633 2161 quod
648 2078 671 2140 si
687 2095 724 2139 ex
738 2075 787 2140 tali
802 2075 992 2142 matrimonio

56 2159 183 2258 timeantur
204 2169 297 2243 ήκω,
321 2177 372 2231 aut
390 2167 550 2246 scandala,
571 2167 664 2247 iudex
686 2183 748 2228 nan
771 2165 860 2229 delret
879 2175 991 2248 partem

57 2253 147 2318 inritam
160 2277 268 2340 rogere
283 2257 320 2320 ad
341 2256 414 2320 illud
435 2256 620 2332 ineundum
636 2258 723 2320 secus
737 2255 761 2318 si
777 2255 915 2318 scandala
931 2276 991 2320 non

57 2337 201 2410 timeantur:
214 2355 242 2410 et
254 2348 294 2408 ita
305 2345 430 2409 habetur
440 2363 615 2428 expressum
625 2347 655 2407 in
671 2365 737 2427 cap.
757 2343 930 2406 Eclitterls
942 2351 988 2418 ΙΟ,

55 2425 177 2512 lespera„
193 2436 245 2498 ubi
262 2434 372 2498 dicitur
388 2454 396 2496 :
416 2434 651 2498 quclesiastictt
669 2437 797 2498 censura
811 2435 990 2514 compellas,

55 2535 63 2568 a
76 2519 119 2582 nisi
131 2524 313 2588 rationabilis
321 2542 411 2588 causa
420 2523 566 2586 obstiterit
578 2543 608 2600 »3
623 2523 703 2585 idem
714 2522 770 2584 suit
783 2521 991 2585 declaralnmd

53 2605 72 2666 s·
85 2609 110 2672 C.
124 2614 211 2678 Conc.
226 2635 233 2676 :
250 2615 304 2677 sed
319 2615 387 2676 rard
400 2613 521 2697 expedit
533 2619 566 2676 ut
580 2620 679 2693 partes
698 2609 736 2672 ad
756 2609 800 2670 sio
813 2609 992 2671 contrahen-

52 2692 104 2758 dnn
115 2711 267 2784 cogantur.
283 2701 358 2765 Vide
371 2721 438 2784 cap.
455 2700 634 2785 deputavit,
648 2695 876 2778 desponsalibus
889 2697 931 2771 (S.
946 2699 992 2757 Li-

51 2801 127 2868 tl0r.‚
140 2791 190 2858 lib.
204 2797 236 2874 6,
248 2802 283 2856 n⁰
297 2796 377 2872 846).
393 2827 431 2838 -
446 2790 603 2865 Quomodo
617 2795 717 2850 autem
732 2783 792 2847 sint
806 2783 994 2848 concilianda

51 2889 98 2953 rap.
113 2881 161 2944 Ea
177 2881 290 2944 litteris
304 2884 342 2944 l0
363 2881 523 2944 Alexandri
545 2881 601 2958 111,
627 2883 655 2940 et
677 2893 744 2957 cap.
769 2872 936 2956 Reqaise'vit
958 2879 993 2937 ΙΙ

51 2960 111 3029 lucii
125 2971 173 3050 ΙΙΙ,
189 2971 234 3034 ΙΙΙ.
251 2972 296 3035 De
319 2986 414 3053 epam.
437 2979 467 3034 et
486 2977 588 3040 matr„
605 2965 673 3028 vide
687 2962 767 3048 apud
781 2963 934 3043 Garriere,
950 2966 994 3027 lle

52 3047 172 3135 tllrrr'm„
188 3069 223 3122 ηο
233 3065 303 3125 368,

77 3143 152 3210 3997.
167 3151 211 3212 Ex
223 3149 292 3230 Juro
304 3150 376 3212 nord
385 3149 462 3211 civili
473 3151 587 3226 nostro,
601 3145 638 3208 ad
651 3162 806 3208 summum
816 3143 883 3226 cogi
899 3149 993 3226 potest

50 3227 75 3286 ll
86 3239 352 3320 compensationem
362 3238 464 3300 darnni
480 3237 531 3318 qui
542 3234 693 3318 sponsalia
704 3235 804 3296 renuit
817 3234 991 3314 adimplere,

50 3319 111 3400 llis,
125 3343 157 3387 ex
172 3337 228 3388 art.
245 3331 322 3390 rma
336 3334 367 3390 et
381 3331 457 3388 lter
473 3323 589 3388 Codicis
602 3321 707 3400 civilis,
726 3323 829 3386 adlroc
842 3323 994 3386 reducitur

49 3409 127 3472 oanis
138 3413 279 3498 obligatio
293 3414 421 3478 faciendi
436 3415 479 3476 vol
500 3411 657 3475 omittendi
679 3431 687 3474 τ
712 3411 751 3474 ita
763 3412 915 3488 Touiller3
932 3414 994 3474 irad

50 3499 135 3560 laced
155 3501 213 3567 hoc
230 3512 329 3588 posset
347 3505 436 3586 cogi,
455 3504 539 3584 juxta
563 3500 756 3565 Dclvincourt
774 3505 805 3563 et
825 3503 991 3563 Durantou.

49 3579 106 3646 ‘side
118 3589 266 3666 Gaulane,
282 3595 327 3657 De
341 3593 490 3660 Matrini„
502 3603 535 3654 n⁰
548 3594 619 3656 969.
