2416 3954
135 138 193 198 lati
355 151 494 196 unurrnna
514 152 617 196 rortus
636 153 717 197 rums
737 151 886 198 acuamur.

136 275 149 307 a
175 251 417 330 pritextequece
427 245 755 328 soil,sepermettrode
764 245 881 308 reluser
890 264 945 308 son
955 247 1115 312 ministare

137 363 149 397 n
176 357 253 419 pom
276 338 303 397 la
331 336 485 415 sepulture
508 335 582 397 d'un
609 353 724 415 corps,
750 333 897 397 l’autorite
924 337 1030 413 civile,
1058 340 1117 401 soit

137 450 151 484 a
176 425 313 502 d'ullioe,
328 423 385 485 soit
400 442 452 484 sur
465 423 493 485 ln
508 423 683 504 requisition
696 423 734 484 de
750 423 777 484 la
788 421 918 497 familie,
935 434 1118 489 commertia

137 539 150 573 a
177 534 218 576 un
234 521 319 576 autre
335 511 524 574 ministredu
540 515 640 573 meme
653 512 733 573 culte
744 529 821 592 pour
834 513 961 594 remplir
973 532 1023 576 ees
1035 515 1119 576 lonc-

137 627 152 665 n
176 603 267 663 lions.
284 604 365 662 Dans
379 609 447 662 tous
461 601 504 662 les
517 619 585 676 aas,
606 599 754 662 l’autorite'
767 600 852 662 etrite
870 610 914 663 est
929 601 1061 684 chargoe
1081 603 1121 666 do

139 715 152 751 ο
179 690 250 752 loire
266 697 375 772 porter,
390 691 583 770 presenteret
594 687 722 770 deposce
732 707 893 770 cesccrps.
908 711 925 749 n
943 692 1041 754 Nemo
1055 712 1120 754 non

139 779 218 842 videt
238 779 386 860 quantiam
401 780 483 838 sanis
502 777 579 856 juris
601 777 740 838 canonici
764 777 921 858 principiis
944 777 1119 842 adversetur

139 867 205 930 haec
218 865 373 947 dispositio
389 865 462 945 legis
476 866 587 941 cirilis3
604 863 656 926 sed
671 867 687 926 a
703 865 793 946 longo
812 873 950 946 tempore
964 867 995 928 in
1009 868 1124 930 desue-

140 955 276 1018 tudinem
284 953 597 1032 alriitexeculiohujus
605 953 737 1015 articuli·
750 952 942 1029 holieenim,
951 955 1125 1020 dummodo

141 1044 281 1106 sacerdos
294 1043 472 1124 denegando
487 1051 672 1104 sacramenia
686 1042 731 1102 vel
753 1043 938 1123 sepulturam
962 1045 1126 1108 ecclesias-

140 1137 230 1195 ticam
248 1133 357 1210 iniuria
373 1149 432 1192 non
448 1132 553 1192 afficiat
568 1148 639 1192 eum
654 1131 707 1212 qui
721 1131 891 1210 repellitur,
907 1133 1129 1213 exprobrando

143 1222 203 1291 illi,
236 1241 264 1281 r.
290 1239 319 1301 g.
349 1221 497 1298 crimina,
519 1228 591 1291 elo„
616 1219 699 1280 nulla
724 1219 798 1280 solet
820 1219 897 1281 affici
922 1221 1063 1282 molestia
1086 1223 1128 1283 ab

142 1309 318 1372 auctoritate
332 1308 431 1385 cirili,
450 1317 484 1370 ut
503 1309 603 1370 videre
623 1315 667 1370 est
680 1326 729 1389 ap.
751 1307 858 1370 laura.
880 1308 930 1369 des
949 1308 1128 1390 fabricares,

143 1405 216 1460 tom.
234 1401 264 1475 5,
281 1417 310 1478 p.
329 1399 385 1459 137
399 1418 408 1469 ;
423 1397 490 1459 vide
511 1399 620 1478 pariter
639 1399 702 1458 Dll.
719 1395 815 1466 Allre.
839 1394 890 1458 Tr.
905 1397 941 1458 de
955 1397 1131 1460 l’arlminis-

145 1487 255 1547 tration
279 1494 401 1568 tempor.
430 1484 477 1547 des
496 1487 652 1566 parciores,
675 1504 706 1566 p.
731 1488 801 1561 608,
827 1493 898 1562 etc.;
924 1493 954 1547 et
978 1489 1132 1567 Laqueus
1206 1552 1207 1563 ,

144 1575 196 1653 (nl
210 1579 280 1643 975,
295 1576 455 1652 atet-Si
470 1577 553 1652 rertl,
573 1575 757 1655 sepulturam
771 1573 964 1654 denegando,
981 1577 1134 1639 sacerdos
1206 1616 1207 1657 ,

146 1665 255 1742 injuriet
265 1663 394 1724 afficeret
409 1681 481 1724 eum
496 1682 588 1744 quem
603 1663 735 1745 repellit,
747 1661 831 1723 locus
842 1671 921 1724 esset
933 1671 1009 1725 lunc
1025 1668 1134 1747 appel·

145 1751 249 1816 lationi
264 1751 303 1813 ab
316 1751 426 1830 abusu,
440 1751 479 1814 de
493 1755 553 1835 qut
566 1751 633 1813 ride
644 1769 733 1832 supra
747 1751 919 1833 (666-669).

567 1962 648 2029 ART.
672 1962 696 2025 ll

510 2121 548 2166 oa
568 2118 761 2166 omnicreans.

186 2285 275 2342 t733.
287 2315 324 2326 -
340 2284 371 2342 l⁰
383 2279 559 2342 Coemeteria
576 2285 648 2342 sunt
671 2279 753 2358 laea,
777 2280 957 2344 auctoritate
980 2281 1136 2366 Episcopi

149 2368 307 2444 berredietu,
320 2369 352 2430 t‘a
365 2369 471 2450 quibus
485 2367 624 2429 cadauera
638 2369 848 2430 catholicorum
860 2371 910 2450 pii
924 2369 1135 2432 decedentium

145 2459 499 2542 sepeliantur.ltalllossa
509 2458 540 2518 in
554 2475 672 2520 canone
682 2457 893 2519 Ecclesiastico
905 2463 955 2535 tt,
971 2477 1067 2521 causa
1077 2464 1133 2530 1³,

146 2568 178 2630 q.
199 2553 239 2626 ἓ,
265 2548 345 2630 apud
368 2547 520 2609 Reiffenst.
571 2547 642 2624 (lib.
665 2549 696 2620 3,
716 2547 760 2608 lit.
785 2549 835 2625 ⁹28,
860 2558 894 2607 n·
920 2551 976 2624 3);
993 2549 1140 2611 Ferraria

145 2639 187 2718 (v0
198 2637 379 2719 Sepultura,
395 2650 428 2698 n⁰
443 2639 485 2713 2).
507 2656 524 2694 a
539 2637 635 2696 Nemo
652 2635 852 2712 christianus,
878 2636 979 2711 inquit
1000 2635 1141 2699 Rituale

147 2748 162 2785 c
187 2727 370 2803 Romanam,
396 2725 426 2788 in
452 2725 671 2800 communione
692 2723 828 2786 fidelium
845 2723 1021 2802 defunctus,
1044 2735 1139 2788 extra

147 2839 162 2874 a
188 2817 344 2879 ecclesiam
377 2823 430 2878 aut
461 2815 669 2876 ooenrelerium
695 2812 751 2876 rita
784 2812 977 2875 benedictum
1005 2816 1138 2895 sepelir-i

148 2926 162 2961 a
187 2904 351 2979 ‹lebel;sed
362 2904 385 2965 si
398 2905 558 2967 necessitas
567 2908 666 2983 cogat,
677 2902 822 2984 exaliqua
831 2909 952 2974 eventu,
962 2901 1141 2984 aliquando

148 3014 162 3051 a
188 2991 225 3052 ad
240 3001 358 3072 tempus
372 2993 456 3054 aliter
471 2993 551 3068 fieri,
567 2999 746 3066 cureturut,
762 2999 911 3073 quatenus
921 2990 988 3052 lieri
1002 2993 1138 3073 poterit,

148 3098 298 3160 »corpus
335 3079 366 3139 in
400 3080 500 3142 locum
527 3097 646 3142 sacrum
673 3081 901 3162 quamprimum
930 3080 1144 3144 transferatur

148 3191 163 3229 a
189 3168 364 3250 (prudenter
378 3167 499 3228 obtenta
510 3168 590 3248 apud
607 3187 661 3230 nos
676 3169 795 3231 ticenae
808 3169 846 3229 ali
860 3171 1040 3230 auctoritate
1049 3168 1145 3234 cirili

148 3278 163 3318 i
185 3258 268 3333 juxta
285 3258 443 3316 Decretum
460 3259 569 3334 ltjun.
587 3263 675 3328 litut,
687 3266 743 3320 art.
754 3261 813 3333 l'l);
825 3263 854 3318 et
869 3257 988 3318 interim
1005 3273 1148 3338 sempe:

149 3365 163 3401 a
189 3361 263 3404 crux
277 3344 365 3423 capiti
381 3343 459 3405 illius
471 3346 581 3424 apponi
595 3345 705 3425 debet,
722 3346 761 3409 ud
787 3343 1024 3427 significandum
1039 3346 1149 3415 illum

148 3451 164 3488 a
189 3430 218 3490 in
236 3430 351 3491 llhristo
366 3433 555 3511 quievisse.»

189 3527 279 3586 trit.
300 3527 488 3589 «Nullum...
500 3527 786 3615 oadarerperpeture
795 3531 957 3614 sepulturae
965 3531 1148 3613 traditum,
