2498 3966
211 165 266 224 778
424 179 566 225 uisurus
587 181 693 226 rorrus
712 181 791 227 runra
812 180 971 227 canonici.

211 291 528 374 sarium,quantbjus
539 293 715 373 imperandi
733 295 803 375 plus
816 305 863 356 est
875 295 906 356 io
918 295 1082 376 opinione
1096 295 1196 358 homi.

211 401 297 460 num,
315 383 403 464 quasi
425 389 554 464 accepto
573 382 717 458 vulnere,
732 382 951 446 debilitatum.
978 383 1194 464 locensisjam

210 472 334 555 procaci
359 471 502 533 libertate
524 471 640 535 animis
659 480 691 533 et
704 489 800 535 omne
815 472 963 552 imperii,
989 471 1038 535 rel
1062 477 1195 536 maxime

210 560 351 638 legitimi,
374 559 489 641 jugum
506 561 627 624 nelarie
655 579 733 623 ausu
750 561 1019 636 detrectantibus,
1037 563 1127 624 salus
1142 584 1194 644 pu·

210 650 289 714 blica
301 650 452 729 postulat,
469 660 504 711 ut
517 651 599 711 vires
611 651 778 731 utriusque
793 652 958 730 potestatis
970 652 1193 714 consocientur

209 739 245 800 ad
260 737 455 818 prohibenda
469 737 598 816 damna,
614 757 685 820 quae
700 756 766 800 nou
782 737 878 801 modb
892 738 1057 814 Ecclesiae,
1067 741 1125 802 sed
1140 743 1193 820 ipsi

209 828 302 890 etiam
317 825 403 890 civili
419 827 559 890 societati
576 827 776 907 impendant.

247 916 306 980 Sed
335 931 406 978 cum
430 915 567 977 amicam
587 913 786 978 voluntatum
812 915 1078 994 conjunctionem
1108 917 1192 982 valde

209 1006 377 1070 suademus
412 1023 644 1089 precamurque
686 1003 784 1066 Deum
813 1005 997 1088 principem
1033 1007 1135 1086 pacis,
1163 1018 1192 1068 ut

209 1112 348 1158 amorem
363 1093 540 1157 concordiae
553 1093 585 1154 in
603 1093 728 1156 animos
747 1099 936 1156 cunctorum
960 1093 1133 1156 bominum
1149 1097 1191 1155 in·

209 1185 305 1264 liciat,
333 1195 401 1245 tum
425 1193 601 1264 temperare
629 1179 725 1244 Nobis
751 1182 810 1261 ipsi
828 1199 891 1246 non
909 1199 1094 1264 possumus,
1117 1185 1190 1264 quin

210 1273 349 1335 Vestram
365 1271 565 1349 industriam,
589 1269 795 1333 venerabiies
809 1269 944 1347 Fratres,
961 1270 1115 1334 Vestrum
1129 1279 1192 1332 stu-

208 1363 297 1423 dium
312 1377 349 1422 ac
363 1359 560 1440 vigilantiam
587 1377 662 1441 quae
678 1361 710 1420 in
725 1357 823 1422 Vobis
837 1378 962 1422 summa
993 1377 1064 1422 esse
1077 1360 1192 1421 intelli-

208 1451 322 1529 gimus,
352 1449 504 1526 magicae
532 1452 631 1528 magis
653 1449 811 1512 hortando
825 1447 1008 1511 incitemus.
1032 1447 1190 1522 Quantum

208 1537 410 1600 contentione
422 1537 563 1617 assequi,
588 1545 744 1617 quantum
760 1536 948 1598 auctoritate
965 1539 1112 1618 potestis,
1125 1536 1192 1600 date

208 1643 348 1707 operam,
365 1634 400 1688 ut
414 1627 499 1706 apud
515 1637 623 1706 gentes
637 1625 709 1688 lidci
724 1621 842 1688 Vestrae
858 1625 1104 1688 commendatas
1118 1627 1192 1688 inte
1233 1673 1234 1680 ,

208 1735 262 1797 gra
278 1725 370 1797 atque
387 1715 566 1794 incorrupta
578 1713 721 1777 doctrina
732 1716 918 1788 retineatur,
933 1731 1036 1793 quam
1050 1711 1192 1777 Christus
1233 1701 1234 1762 l

212 1806 362 1870 [lominus
375 1811 404 1866 et
417 1803 552 1866 coelestis
564 1805 732 1866 voluntatis
743 1804 928 1884 interpretes
939 1801 1088 1883 Apostoli
1102 1803 1192 1866 tradi-

209 1897 335 1971 derunt,
352 1910 512 1973 quamque
527 1891 662 1954 Ecclesia
672 1891 829 1955 catholiea
840 1891 985 1972 religiose
1001 1891 1071 1972 ipsa
1093 1909 1192 1954 serra-

210 1988 265 2052 vit,
278 1993 309 2046 et
320 2001 336 2044 a
347 1981 460 2044 Christi
475 1981 621 2044 fidelibus
632 1981 748 2043 servari
770 1998 826 2061 per
839 1997 951 2043 ornnes
967 1987 1078 2042 aetates
1088 1981 1188 2060 jussit.

249 2072 426 2150 Praecipuae
437 2087 529 2132 curas
544 2070 576 2130 iu
602 2070 632 2130 id
653 2069 815 2146 insumite,
842 2079 876 2131 ut
891 2069 1004 2150 populi
1029 2068 1189 2131 abundent

211 2160 372 2243 praeceptis
388 2159 549 2240 sapientiae
564 2158 755 2236 christiana,
772 2175 961 2238 semperque
979 2157 1131 2219 memoria
1147 2166 1186 2217 te

209 2259 306 2312 ocant
328 2249 566 2309 matrimonium
590 2267 653 2310 noo
671 2245 1035 2322 voluntatebomiuum,
1052 2247 1104 2310 scd
1116 2263 1181 2306 auc·

210 2341 334 2402 toritate
354 2345 498 2416 nutuque
520 2335 574 2398 Dei
601 2335 697 2398 luisse
722 2336 813 2398 initio
834 2336 1061 2410 coustitutum,
1079 2343 1106 2396 et
1125 2331 1176 2392 bac

210 2430 277 2508 lege
292 2441 421 2510 prorsus
434 2433 468 2486 ut
482 2427 522 2488 sit
537 2426 632 2488 unius
656 2424 694 2487 ad
712 2443 826 2488 uriam:
843 2423 1007 2486 Christum
1033 2421 1102 2486 verit
1113 2421 1180 2483 ueri

211 2518 518 2580 laederisauctorem
543 2513 654 2577 iliud
647 2533 750 2595 ipsum
767 2532 804 2578 ex
825 2513 931 2575 olilcio
953 2511 1183 2575 naturaeinSa·
1232 2539 1233 2618 q

210 2613 371 2670 curamenta
388 2603 651 2680 transtulissem,
669 2603 755 2684 quod
772 2604 811 2666 ad
825 2601 992 2665 vinculum
1004 2611 1137 2682 spectat,
1146 2601 1233 2660 le-

211 2696 341 2779 giferam
356 2703 386 2756 et
399 2674 582 2774 judicialem
606 2691 753 2755 Ecclesiae
769 2710 833 2755 suae
846 2690 1031 2753 attribuisse
1059 2697 1187 2790 potesta·

212 2797 289 2848 tem.
303 2787 385 2862 Quo
382 2803 410 2844 in
422 2799 534 2863 genere
544 2781 720 2844 cavendum
732 2787 986 2862 magnoperecst‚
999 2797 1041 2841 ne
1057 2779 1089 2840 iu
1108 2795 1187 2840 erro·

210 2895 277 2940 rem
321 2883 438 2936 mentes
473 2869 666 2934 inducantur
692 2888 709 2930 a
734 2867 902 2932 fallacibus
928 2865 1189 2932 conclusionibus

210 2967 474 3036 adversariorum,
512 2959 566 3041 qui
602 2958 758 3040 ejusmodi
784 2965 969 3038 potestatem
1007 2955 1188 3038 ademptam

210 3051 357 3114 Ecclesiae
372 3052 501 3115 vellent.
518 3081 555 3096 -
571 3043 721 3110 Similiter
735 3047 887 3110 onisiibus
898 3044 1102 3126 exploratum
1126 3059 1189 3104 esse
1231 3043 1232 3134 l

210 3140 315 3213 debet,
345 3141 370 3200 si
392 3159 455 3220 qua
479 3138 665 3216 conjunctio
687 3137 744 3200 viri
772 3145 802 3198 et
822 3135 964 3198 mulieris
980 3134 1064 3194 inter
1077 3131 1188 3194 Christi
1231 3147 1232 3184 l

211 3227 317 3288 lidcles
343 3228 420 3288 citra
447 3227 686 3290 Sacramentum
717 3224 934 3299 contrahatur,
950 3221 1120 3285 samaiae
1144 3238 1188 3280 ra·

209 3315 293 3375 tione
301 3314 378 3390 justi
395 3317 586 3379 matrimonii
605 3333 731 3380 carere:
748 3324 779 3377 et
797 3313 945 3396 quamvis
966 3311 1187 3374 convenienter

209 3399 330 3476 legibus
354 3403 460 3464 civicis
486 3403 565 3465 lacta
597 3415 647 3480 sit,
669 3414 770 3465 tamen
786 3403 970 3482 plurieesse
990 3417 1056 3462 nun
1086 3414 1184 3480 posse.

208 3504 303 3564 quam
327 3489 422 3550 ritum
445 3497 499 3551 aut
524 3511 643 3555 rnorem
655 3493 729 3571 jure
742 3490 839 3554 civilii
855 3491 1095 3560 introducturn;
1118 3489 1184 3567 jure
