2474 3946
444 172 530 218 uraca
551 171 707 218 succubus.
1010 155 1066 216 ibi

94 273 299 348 consuetudo,
315 291 383 354 quaa
395 272 634 352 jurisdictionem
648 271 777 354 prabet,
792 288 906 354 excep.
924 269 998 335 Cim
1008 289 1069 332 con·

94 362 208 442 (ξηραί,
225 361 260 424 de
272 361 338 444 [oro
351 361 534 443 competenti.

134 469 225 528 4200.
249 469 324 528 item
344 465 369 528 si
385 465 553 548 periculum
571 465 610 526 sit
629 464 661 528 in
679 466 779 538 mora,
799 469 831 527 et
844 482 906 527 non
920 465 957 527 sit
976 463 1071 527 facilis

95 553 195 616 aditus
209 554 248 616 ad
261 556 395 636 Papam,
415 555 581 636 Episcopus
598 553 676 616 valet
688 553 863 635 dispensare
877 553 908 614 iu
921 560 990 616 voto
1004 572 1070 616 cas-

94 643 186 704 titatis
200 643 237 704 ad
252 643 479 705 matrimonium
493 641 744 705 contrahendum.
763 640 807 722 (S.
823 641 963 722 Lignum,
984 641 1071 720 ibid.)

134 749 225 808 aaut.
248 746 412 826 Regulares
432 763 469 806 ex
490 745 551 808 suis
573 743 736 826 privilegiis
753 743 927 824 dispensare
945 752 1072 826 possunt

93 852 152 916 pro
174 831 240 897 foro
262 834 381 896 interno
399 853 408 896 ι
424 835 454 895 10
471 835 502 895 in
526 839 594 895 roto
611 833 752 894 castitatis
774 832 812 893 ad
833 839 967 914 tempus3
987 833 1018 894 2⁰
1039 832 1071 893 in

93 929 166 984 voto
179 923 374 1004 virginitatis,
390 939 444 985 seu
457 939 519 984 uon
533 921 678 984 nubendi.
698 920 770 983 Vide
783 923 818 982 P.
835 921 934 1002 cury,
948 926 1023 982 tom.
1034 923 1071 999 2,

93 1015 216 1074 matta.

137 1125 228 1184 4202.
251 1123 364 1184 Praeter
381 1124 535 1185 enuntiata
549 1122 774 1204 impedimenta,
797 1121 855 1184 alia
876 1120 949 1182 oiim
964 1119 1071 1186 existe-

92 1209 182 1284 bant,
193 1217 298 1292 prout:
311 1216 342 1273 {⁰
353 1209 551 1275 catechismus
560 1213 646 1290 cujus
657 1211 780 1272 nomine
792 1209 1010 1290 intelligebatur
1020 1208 1073 1268 im·

92 1298 306 1379 pedimentum
317 1299 355 1362 ab
365 1317 402 1361 eo
415 1307 602 1362 contractum
613 1300 665 1381 qui
679 1317 734 1381 pro
748 1299 862 1360 infante
874 1296 1073 1379 respondebat

91 1387 222 1467 quando
236 1388 453 1469 supplebantur
476 1390 663 1450 caeremoniae
684 1395 751 1468 post
769 1387 952 1468 baptismum
972 1386 1003 1446 in
1019 1403 1071 1447 nc-

94 1477 236 1537 cessitatc
249 1477 407 1552 cotiarum,
421 1477 468 1538 vel
487 1477 581 1556 (Juxta
593 1477 676 1553 alios)
690 1475 728 1538 ab
739 1493 776 1538 eo
788 1476 840 1556 qui
855 1475 1073 1556 professionem

97 1563 170 1626 ndei
195 1565 338 1628 recitabat
361 1565 485 1627 nomine
511 1565 675 1644 baptizandi
696 1571 765 1625 anta
791 1564 995 1644 baptismum3
1020 1561 1073 1624 sed

97 1647 284 1732 probabilius
305 1661 351 1716 cst
371 1653 430 1715 hoc
453 1653 703 1735 impedimentum
723 1651 816 1714 fuisse
843 1651 994 1712 sublatum
1018 1667 1071 1730 per

96 1741 214 1802 Concil.
230 1741 362 1804 Trident.
375 1761 383 1804 ε
394 1743 477 1804 etsie
488 1743 578 1804 fuisse
591 1742 727 1804 decisum
738 1741 796 1802 dS.
814 1741 846 1800 C.
860 1738 952 1800 reiert
964 1738 1071 1814 Diana,

98 1827 180 1908 apud
195 1831 226 1892 S.
239 1831 360 1911 Lignor.
377 1830 441 1908 (lib.
458 1835 495 1908 6,
511 1840 544 1892 n⁰
558 1833 638 1906 983).

140 1932 174 1988 2⁰
189 1927 317 1990 Crimen.
349 1929 438 1990 Varia
458 1934 560 1990 autem
582 1925 709 1988 crimina
722 1924 924 2008 impediebant
937 1945 976 1988 na
995 1927 1074 1990 licite

96 2017 327 2078 matrimonium
350 2015 577 2078 contraheretur
594 2033 664 2077 cum
687 2018 817 2096 persona
839 2015 1071 2097 quodcumque,

1 2174 2 2182 ἵ
96 2113 134 2166 ut
149 2121 158 2165 ε
176 2107 205 2165 t⁰
226 2105 356 2167 incestus
378 2123 448 2167 cum
463 2104 688 2184 consanguinei
701 2103 840 2185 conjugis
853 2103 883 2165 in
908 2103 1006 2186 primo
1028 2106 1072 2167 vel

1 2191 2 2256 t
96 2192 236 2255 secundo
249 2194 360 2274 gradu,
375 2193 421 2256 vei
439 2212 509 2256 cum
527 2193 647 2274 propria
662 2199 756 2255 matre
769 2199 822 2256 aut
835 2192 912 2269 mim
928 2198 960 2255 2⁰
971 2201 1073 2274 raptus

95 2281 206 2345 alicnae
216 2301 348 2363 sponsam
361 2283 392 2344 30
401 2281 615 2357 uxoricidium;
627 2283 658 2342 40
672 2281 952 2364 presbytericidium
960 2302 968 2358 ;
980 2285 1010 2343 5⁰
1020 2299 1068 2363 pu-

94 2369 180 2432 blica
193 2371 382 2451 poenitentia,
406 2369 542 2452 quandiu
555 2369 698 2448 durabat,
724 2377 793 2446 etc.;
814 2369 867 2432 sed
887 2369 1071 2432 haecomnia

96 2476 156 2541 per
187 2477 248 2520 non
271 2477 359 2522 usum
383 2467 453 2521 sunt
475 2458 615 2535 sublata,
641 2465 700 2521 etc.
725 2461 759 2520 ln
781 2457 940 2519 interdicto
968 2465 1069 2519 autem

95 2547 269 2629 Episcopus
281 2547 454 2628 dispensare
467 2547 553 2610 ualet.
571 2548 612 2628 (S.
628 2548 766 2628 Liguor.,
781 2543 871 2620 ibid.)

491 2744 643 2802 Punctum
658 2745 690 2801 ll.

330 2879 369 2926 us
390 2881 603 2928 meroruunrrs
623 2879 843 2926 oraruanrraua.

137 3017 230 3077 ⁴203.
255 3015 434 3088 Quindecim
458 3023 658 3080 numerantur
681 3015 897 3098 impedimenta
919 3018 1073 3082 Matrimo-

101 3103 188 3165 nium
201 3102 388 3179 dirimentia,
406 3125 474 3188 quac
496 3107 630 3168 versibus
645 3107 841 3187 sequentibus
858 3109 1072 3172 continentur:

241 3219 334 3272 Amana
345 3226 419 3287 atquc
427 3236 514 3272 errem
524 3261 530 3280 ‚
541 3219 581 3271 cui
593 3221 629 3271 uir
640 3221 743 3271 infertur
756 3222 852 3288 iniqua,

241 3291 322 3355 impos
334 3293 460 3357 perpetub‚
476 3293 603 3358 primoque
614 3293 728 3356 lipomt'ne
742 3293 847 3354 rinctus,

242 3361 318 3420 Quem
331 3365 441 3413 solemne
453 3370 518 3414 tenet
529 3371 627 3423 cotum.
641 3366 678 3415 vet
693 3373 820 3414 consecrat
831 3368 902 3428 orda,

242 3431 358 3497 Conanti,
371 3433 471 3497 affines,
484 3449 546 3500 qnos
556 3435 654 3500 publico
665 3435 747 3500 jungit
761 3437 886 3500 honestes,

242 3501 268 3553 Si
280 3505 348 3554 cultu
358 3506 448 3570 dispar,
463 3507 554 3572 conjux
568 3507 588 3556 si
599 3507 688 3558 sermm
699 3523 763 3556 unus
774 3547 779 3564 ,

242 3573 290 3631 uui
300 3580 386 3640 raptor·
397 3591 502 3640 sponsa,
516 3576 610 3628 infandi
620 3577 662 3643 qui
675 3578 784 3629 criminis
796 3584 896 3643 auctor,

906 3621 1090 3722 ψ’
