2498 3966
297 223 381 270 arens
404 225 565 274 secururs.
588 243 626 257 -
648 228 839 274 acerrumas.
1003 217 1059 274 759

87 333 215 415 largiter
246 335 495 416 parmenianum
528 335 733 418 quemobrem
767 353 831 400 non
868 333 1059 400 mediocrem

87 423 310 506 perfectionem
333 423 364 484 in
382 442 494 486 emeres
512 434 615 505 partes
629 434 818 506 acceperunt
845 443 919 488 cum
944 426 1059 504 singuli

87 513 590 594 homines,tumhumanigeneris
605 515 735 576 societas
750 513 906 576 universe.
923 513 1059 590 Etenim,

87 603 259 666 christiano
287 619 393 664 rerum
414 602 635 665 ordinesemel
664 605 846 682 constituto,
878 601 1060 668 hominibus

84 690 218 772 singulis
227 688 359 771 leliciter
372 692 514 774 contigit,
528 703 561 756 ut
582 691 757 754 ediscerent
777 701 871 774 atque
894 695 1060 756 adsuesce-

16 829 18 834 .
83 790 155 844 rent
169 782 200 842 in
215 789 345 862 paterna
359 782 411 844 nai
436 782 634 863 providentie
654 782 886 862 conquiescere,
915 794 945 844 et
970 799 1059 863 spem

84 871 181 942 alere,
191 887 262 949 quae
276 888 340 931 non
353 870 532 946 corrinndit,
542 869 932 945 coelestiumauxilicrum3
945 871 1061 950 quibus

82 979 123 1023 ex
144 958 239 1021 rebus
261 957 423 1030 tortitudo,
442 958 625 1032 moderatio,
649 960 836 1032 constantia,
865 958 1061 1040 aequebilitas

84 1048 188 1131 pacati
203 1047 313 1126 animi,
334 1048 441 1128 plures
454 1048 591 1130 denique
608 1047 768 1130 praeclarae
784 1049 914 1109 virtutes
927 1057 957 1109 et
972 1067 1060 1128 egre-

82 1138 135 1219 gia
162 1134 243 1199 lacta
271 1147 521 1216 consequuntur.
544 1135 692 1200 Societati
722 1135 796 1200 verd
824 1135 1002 1199 domesticae
1030 1146 1060 1199 et

82 1225 169 1289 civili
185 1225 302 1287 mirum
314 1231 362 1288 est
375 1235 530 1306 quantum
546 1226 721 1307 dignitatis,
744 1235 901 1308 quantum
922 1224 1059 1287 firmitu-

82 1315 168 1380 dinis
183 1323 214 1377 et
227 1313 401 1378 honestatis
414 1316 593 1378 accesserit.
615 1315 743 1396 AEquior
755 1325 785 1377 et
799 1315 938 1378 sanctior
952 1313 1059 1377 ellectu

81 1406 265 1488 principum
279 1405 447 1469 auctoritas
465 1423 471 1482 ;
489 1405 676 1488 propensior
690 1411 721 1468 et
732 1403 854 1467 lacilior
869 1403 1059 1484 populorum

80 1494 331 1576 obtemperatio,
357 1496 472 1558 arctior
486 1496 604 1557 civium
629 1495 838 1574 conjuncti03
865 1493 1059 1572 tutiorajura

80 1583 220 1647 domini.
235 1584 372 1646 Omnino
386 1585 479 1647 rebus
493 1584 653 1654 omnibus,
668 1601 740 1662 quae
755 1583 787 1645 in
800 1583 926 1646 civitate
938 1581 1060 1644 haben·

80 1683 135 1735 tur
150 1671 254 1747 utiles,
280 1672 391 1753 religio
405 1673 578 1736 christiane
601 1672 806 1734 consuluitet
833 1670 991 1754 previdit;
1017 1672 1058 1732 ita

79 1760 226 1841 quidem,
257 1771 303 1838 ut,
330 1771 457 1825 auctore
484 1761 516 1824 S.
543 1760 730 1839 Augustino,
758 1759 830 1840 plus
856 1761 926 1840 ipsa
947 1760 1059 1822 afferre

80 1851 233 1915 momenti
247 1850 285 1912 ad
299 1849 719 1931 benebeatequevirendum
731 1867 794 1912 non
809 1850 947 1930 potuisse
958 1847 1057 1910 ridea-

81 1952 146 2019 tur,
166 1940 193 2002 si
211 1945 293 2000 essct
313 1940 462 2020 parandis
482 1939 528 2002 vel
546 1937 699 2017 augendis
720 1938 861 2001 mortalis
881 1938 952 2001 vitae
966 1954 1055 2000 com·

83 2027 191 2092 modis
208 2037 239 2090 et
254 2028 443 2090 utilitatibus
455 2027 546 2090 unice
560 2036 645 2090 nata.

121 2116 239 2180 Verum
258 2116 372 2179 dehoc
386 2135 501 2197 genere
516 2124 580 2178 toto
596 2133 657 2178 non
674 2123 721 2177 est
744 2112 839 2178 Nobis
862 2116 1054 2196 propositum

78 2205 179 2270 modo
194 2203 318 2285 singula
333 2222 520 2268 enumerare
537 2221 544 2278 ;
562 2203 709 2268 volumus
723 2213 829 2266 autern
855 2204 895 2268 de
909 2206 1055 2268 conuictu

77 2293 381 2374 domesticceloqui,
398 2293 488 2376 cujus
502 2300 549 2358 cst
563 2292 595 2354 in
612 2292 804 2357 matrimonio
819 2295 1010 2376 principium
1027 2302 1056 2354 ct

78 2383 339 2448 fundamentum.

121 2471 250 2535 Constat
266 2469 478 2546 interomnes,
502 2469 704 2533 venerabiles
719 2467 854 2544 Fratres,
884 2489 956 2550 quae
980 2489 1051 2532 vcra

78 2563 123 2625 sit
137 2560 330 2623 matrimonii
352 2561 451 2638 origo.
465 2593 504 2607 —
518 2559 666 2633 Quamvis
681 2560 765 2620 onim
782 2558 853 2620 lidei
868 2557 1054 2621 christianae

77 2652 309 2732 vituperatores
326 2657 511 2730 perpetuam
527 2649 585 2710 hac
603 2647 642 2710 de
657 2665 691 2710 re
712 2647 888 2710 doctrinam
904 2646 1053 2708 Ecclesiae

76 2739 205 2818 fugiant
234 2755 414 2816 agnoscere,
442 2746 474 2799 et
500 2739 685 2798 memoriam
719 2736 865 2798 omnium
900 2735 1054 2814 gentium,

75 2827 227 2892 omnium
257 2825 444 2888 saeculorum
470 2825 578 2888 delere
603 2823 726 2906 jamdiu
755 2823 960 2896 contendant,
991 2824 1055 2884 rim

77 2929 185 2981 tamen
199 2916 366 2994 lucemque
382 2914 520 2978 veritatis
535 2934 593 2976 nec
604 2913 769 2976 debilitare
784 2921 965 2994 potuerunt.
977 2911 1055 2974 Nola

74 3003 229 3070 omnibus
240 3012 271 3064 et
287 3003 406 3064 nemini
422 3003 518 3066 dubia
530 3021 835 3078 commemoramus;
850 3011 1053 3083 posteaquam

74 3105 167 3158 sexto
182 3093 352 3157 creationis
376 3091 427 3154 dic
443 3091 589 3163 formavit
614 3090 697 3154 Deus
725 3091 888 3154 hominem
914 3090 954 3153 de
981 3089 1054 3151 limo

75 3194 180 3260 terrae,
206 3189 239 3245 et
265 3181 431 3262 inspirarit
460 3181 492 3242 in
522 3179 633 3242 laciem
652 3179 724 3259 eius
749 3180 944 3260 spiraculum
970 3179 1053 3254 ritae,

74 3273 194 3336 sociam
215 3269 261 3333 illi
276 3270 375 3333 voluit
389 3269 574 3350 adiungere,
591 3285 688 3350 quam
701 3267 741 3330 da
764 3267 860 3330 latere
875 3269 933 3331 riri
956 3269 1055 3348 ipsius

76 3361 265 3426 dormientis
278 3359 465 3422 mirabiliter
479 3358 599 3422 eduxit.
627 3357 694 3433 Qua
708 3357 740 3418 in
756 3359 857 3421 rehoc
874 3355 972 3420 voluit
986 3373 1054 3437 pro

74 3449 314 3513 videntissimus
334 3449 427 3524 Deus,
444 3448 574 3510 utillud
592 3465 648 3527 par
662 3449 833 3528 conjugum
857 3453 938 3508 esset
952 3463 1051 3505 cunc·

77 3547 183 3603 torum
208 3538 375 3600 hominum
400 3537 546 3600 naturale
570 3537 761 3617 principium
783 3553 822 3598 es
845 3551 908 3614 quo
933 3533 1053 3594 scilicet
