2462 3972
389 268 474 317 anun
495 267 651 319 staturos.
962 251 1019 316 703

57 367 230 504 intervsecc
220 365 318 429 rdotcs
339 363 490 428 dividendi
513 373 602 490 prout
627 367 723 449 magis
745 363 886 451 expedire
904 365 1021 446 judica·

56 459 145 519 verit.

94 547 184 629 Resp.
200 548 232 608 Ιο
244 543 430 626 Regulariter
443 544 609 608 oblationes
622 545 659 608 sd
675 545 840 628 parochum
855 543 1021 628 pertinent,
1121 555 1124 562 ·

55 635 99 698 vel
119 634 157 697 sd
174 635 240 698 locs
257 633 369 716 quibus
386 632 574 696 destinantur
594 634 632 696 ab
646 634 854 712 offerentibus,
876 639 910 697 ut
932 650 1023 715 supra

55 723 184 786 diximus
198 723 315 802 (Ι389);
332 721 465 802 'proinde
479 723 645 804 Episcopus
660 739 722 786 non
736 722 825 786 habet
838 724 889 803 jus
903 719 1023 784 absolu·

55 816 119 874 tum
132 813 198 875 illas
211 809 363 874 diuidendi
377 815 467 892 prout
480 811 577 892 magis
590 810 730 893 expedire
748 810 935 892 judicaverit,
952 812 1024 872 cirm
1083 865 1084 868 ,
1146 841 1148 844 -

55 899 219 980 prasertim
233 917 269 962 ex
282 899 360 962 titul.
377 902 426 974 ta,
450 898 517 962 libr.
536 903 554 962 3
569 900 786 977 heorstanum,
812 898 1021 960 Ecclesiastico
1130 965 1132 968 ,

57 988 192 1073 beneficia
214 987 276 1051 sini
303 985 495 1060 diminutione
521 989 650 1072 consumi
671 988 773 1050 deleat
797 985 909 1049 :unde
933 989 1023 1050 lnno-
1109 1055 1114 1060 ,¹
1159 1029 1166 1056 f

56 1085 133 1141 cont.
152 1081 210 1156 ΙΙΙ,
225 1095 291 1157 cap.
312 1077 479 1138 Pastorolis
494 1081 533 1152 9,
554 1077 588 1139 de
601 1077 648 1140 lis
665 1096 730 1160 quoe
746 1075 860 1159 fiunti
882 1075 1025 1138 Proelotis
1148 1147 1159 1154 Ἴ,
1182 1075 1216 1158 ’,ἶς’

55 1167 127 1244 sini,
138 1171 211 1244 ete,
226 1165 317 1246 exigit
328 1165 479 1226 licentiam
492 1167 522 1227 S.
539 1166 692 1229 Pontificis
702 1172 734 1228 ut
752 1166 917 1246 Episcopus
931 1165 1025 1226 valeat

55 1255 116 1316 sini
128 1255 276 1316 voluntate
295 1253 343 1314 sui
362 1251 497 1334 Capituli
509 1255 689 1317 obventiones
702 1253 884 1336 paroehialis
901 1253 1026 1316 ecclesio

55 1344 130 1406 uiris
143 1343 290 1425 relipiosis
308 1341 459 1424 consume,
474 1343 564 1404 etiam
581 1344 788 1407 sustentatione
806 1342 914 1405 vicarii
927 1363 1024 1406 reser-

55 1431 134 1494 uoti.

94 1524 187 1584 5358.
202 1553 241 1571 -
254 1522 286 1584 2⁰
298 1523 352 1584 His
365 1525 465 1584 tamon
480 1539 542 1583 non
565 1521 774 1602 obstantibus,
789 1529 886 1605 potest
899 1523 1024 1604 Episco-

54 1628 111 1690 pus
131 1609 264 1672 dividere
287 1609 454 1673 oblationes
476 1609 515 1672 ad
535 1611 753 1693 procurandam
779 1612 1024 1674 sustentationem

53 1699 173 1761 n'coriis
186 1698 312 1780 aliisque
325 1699 530 1762 sacerdotibus
543 1717 673 1779 quorum
695 1701 861 1762 ministerio
877 1701 1025 1781 parochias

54 1785 213 1869 indigent:
228 1786 286 1852 hoo
299 1786 455 1849 manifeste
469 1787 582 1849 eruitur
592 1805 627 1848 ex
643 1788 741 1849 verbis
756 1789 877 1850 Consilii
891 1788 1022 1852 Trident.

54 1878 139 1956 (sess.
156 1879 213 1953 ut,
231 1893 297 1958 cap.
320 1881 355 1954 t,
377 1875 411 1937 de
424 1875 512 1956 rei),
528 1875 638 1956 quibus
651 1875 793 1938 tribuitur
807 1878 956 1958 Episcopo
971 1897 1023 1958 po-

51 1973 146 2030 testas
159 1965 286 2046 cogendi
301 1964 447 2047 parochos
461 1963 512 2046 qui
528 1971 683 2046 nequeunt
701 1965 756 2026 soli
771 1970 875 2047 regere
890 1984 959 2028 suas
973 1985 1024 2048 pa·
1128 1989 1130 1994 ·
1217 1985 1218 1988 ¹

53 2056 163 2118 roscius
177 2053 214 2115 ad
232 2053 288 2115 sibi
302 2051 531 2136 adjungendum
544 2059 588 2116 tot
601 2053 768 2116 sacerdotes
782 2061 855 2136 quot
875 2053 1027 2118 sufficiunt

54 2144 90 2205 ud
105 2147 293 2206 sacramenta
314 2140 510 2204 ministranda
530 2143 705 2224 cultumque
720 2143 855 2206 divinum
870 2143 1026 2208 celebran-

56 2231 141 2296 dum.

93 2326 185 2386 5359.
206 2325 280 2384 Item
295 2339 332 2384 es
341 2320 506 2384 redditibus
519 2321 730 2402 parochiarum
744 2321 883 2404 Episcopi
902 2333 1026 2404 possunt
1118 2335 1125 2343 ·
1210 2301 1223 2334 '³

49 2393 169 2494 aliquid
184 2411 301 2492 exigere
316 2427 371 2491 pro
385 2407 471 2471 variis
486 2409 721 2488 necessitatibus,
736 2429 764 2472 v.
781 2431 811 2490 g.
827 2417 942 2472 sextam
957 2431 1024 2492 par-

47 2505 116 2562 tem
140 2498 275 2561 redditus
297 2497 435 2560 sedilium
451 2497 492 2576 (6
507 2497 555 2560 des
570 2497 653 2558 lones
674 2505 703 2558 et
721 2497 840 2574 eloises)
862 2497 900 2558 ad
919 2499 1026 2562 subve-

48 2587 203 2650 niendum
226 2587 404 2668 presbyteris
425 2585 553 2648 infirmis
575 2585 620 2647 vel
635 2584 718 2646 senio
732 2585 900 2648 coniectis·
894 2632 900 2644 .
916 2585 1027 2651 habent

46 2677 138 2738 enim
152 2675 346 2757 Episcopi-ex
367 2675 478 2736 Concil.
496 2675 645 2748 Laterum,
670 2672 839 2736 facultatem
857 2674 1026 2755 postulandi

46 2763 217 2827 subsidium
230 2763 440 2826 charitativum
456 2783 463 2823 ε
479 2763 546 2826 vide
560 2781 650 2844 supra
664 2765 775 2842 (tutu).
791 2763 1026 2845 «sasimorum,
1042 2785 1046 2790 ·

44 2875 62 2914 o
92 2853 195 2934 inquit
208 2853 320 2915 Concil.
339 2853 396 2914 sub
412 2851 580 2914 Alexandro
598 2853 655 2927 ΙΙΙ,
676 2869 732 2933 pro
746 2849 848 2914 multis
867 2853 1025 2916 necessita-

45 2966 62 3002 s
91 2943 177 3004 tibus
191 2960 258 3022 quae
268 2941 424 3022 aliquoties
433 2941 663 3021 superveniunt,
677 2947 710 3002 ut
719 2941 743 3003 si
758 2939 914 3004 manifesta
929 2959 965 3004 ac
979 2961 1023 3005 ra·

42 3053 61 3093 o
91 3029 1026 3104 tionabiliscausaexstiterit,eumcloritotemoderutumabeis

43 3143 62 3180 n
95 3118 274 3197 (rectoribus
299 3118 518 3199 parochiarum)
542 3119 658 3181 valeant
676 3119 821 3182 auxilium
840 3117 1022 3201 postulares

43 3211 139 3291 (Cap.
159 3207 315 3290 Apostolus
329 3209 365 3285 6,
380 3205 414 3268 de
426 3206 693 3287 censitum-Vide
708 3207 797 3269 etiarn
811 3225 877 3289 cap.
895 3207 1024 3292 Conque-

44 3305 151 3375 rente,
165 3295 307 3377 deOfficio
311 3294 436 3378 judicis.
1030 3378 1031 3381 Ἴ

94 3387 187 3448 5360
208 3387 283 3448 Item
299 3391 423 3466 possunt
443 3383 475 3445 in
495 3383 638 3446 auxilium
663 3385 764 3447 venire
784 3385 933 3466 parochiis
948 3387 1025 3448 indi·

39 3473 214 3558 gentibus,
229 3481 263 3538 ut
279 3479 396 3536 constat
415 3491 452 3534 ex
475 3473 588 3534 Concil.
604 3471 685 3534 urit.
703 3475 787 3547 (sess.
804 3477 859 3550 ut,
885 3492 912 3535 o
930 3477 978 3549 Ι3,
992 3473 1026 3536 de

42 3561 177 3644 reform.
181 3563 211 3640 ):
225 3583 240 3622 a
253 3564 287 3624 In
304 3560 521 3643 parochialibus
535 3559 667 3625 ecelesiis
681 3579 811 3642 quorum
822 3563 936 3622 tructus
951 3560 1025 3622 sdeb

39 3673 59 3713 n
92 3647 197 3729 eximi
219 3655 288 3712 sunt
311 3647 472 3712 uidebitis
495 3653 647 3730 nequeant
668 3645 810 3712 oneribus
833 3640 1023 3715 tutlstscsrs.
