2498 3966
26 3645 117 3669 *Lam

208 213 268 276 tao
431 227 568 276 urrunnu
588 225 689 272 rouus
707 225 790 272 rums
810 219 959 274 c'momsr.

210 327 331 390 maudut
349 325 464 387 auresse*
484 345 523 385 au
541 344 660 406 puyeur
677 323 717 386 du
743 323 964 406 deportarent).
990 323 1177 406 dispensator
1222 348 1223 424 p

212 416 288 478 solet
308 415 406 478 statim
435 412 610 475 mandatum
643 412 821 494 consignare
847 419 880 476 ut
902 413 941 475 ab
968 414 1178 494 Exceptorilns
1222 431 1223 444 ¹

213 505 305 586 possit
318 502 429 564 exsolui
442 507 512 582 (por
526 500 566 562 les
585 501 742 564 Receueura
755 499 1032 564 &offendissem
1049 519 1088 562 ou
1101 501 1178 562 mine

214 611 269 676 por
284 591 325 653 les
340 592 529 672 Percepteurs
541 589 581 651 du
594 589 730 668 malou),
745 589 799 652 ubi
811 591 947 672 primum
959 587 1092 652 titularis
1102 607 1178 672 paro

214 679 287 741 chus
301 696 411 758 nempe
429 677 475 740 vel
488 677 565 742 alius
580 680 681 759 ipsum
700 677 902 760 praesentabit.
923 677 1069 740 Mandata
1082 677 1178 740 titulari

216 768 455 829 transmittuntur
468 767 638 830 aPraelecto
652 765 960 848 pomuli-prefectos,
971 773 1025 828 aut
1036 766 1128 828 etium
1137 785 1180 847 per

216 857 342 936 Maiores
354 856 607 918 communitatum
620 857 672 937 qui
685 861 786 916 tamen
799 857 849 934 ius
861 873 923 916 non
935 853 1053 917 habent
1067 873 1102 916 ee
1116 855 1178 916 deti·

218 944 323 1021 nendi;
335 962 391 1006 nec
404 945 468 1025 ipse
481 943 641 1006 Praelectus
655 950 751 1026 potest
762 963 797 1006 eu
811 945 977 1024 denegare,
993 961 1033 1005 ex
1049 943 1178 1006 Circuleri

218 1033 363 1095 minister.
379 1037 398 1094 2
412 1050 476 1114 apr.
493 1037 581 1094 l8302.
596 1031 737 1096 Titularis
750 1032 927 1094 mandatum
941 1032 1105 1114 Exceptori
1119 1051 1179 1113 pre

219 1127 330 1198 sentat,
345 1127 375 1184 et
388 1121 570 1202 stipendium
585 1120 623 1182 ab
640 1139 678 1184 eo
691 1121 839 1203 recipiens
847 1119 922 1182 illud
935 1121 1105 1202 consignat.
1111 1131 1140 1182 ut
1151 1123 1180 1181 sit

220 1211 285 1274 loco
295 1209 417 1292 apochae
430 1211 613 1292 (quittance);
625 1228 698 1272 casu
707 1215 808 1272 autem
818 1227 880 1291 quo
890 1207 1018 1272 titularis
1031 1209 1179 1271 defunctus

220 1298 339 1375 luisset,
354 1300 529 1361 mandatum
543 1297 631 1360 datur
643 1299 710 1377 ejus
722 1297 891 1361 haeredibus
911 1304 1074 1379 postquam
1089 1298 1179 1380 proba

221 1387 315 1448 verint
327 1387 382 1448 sibi
397 1394 568 1468 competere
581 1387 664 1451 hunc
676 1387 879 1450 successionis
891 1385 1026 1449 titulum.
1041 1386 1127 1466 (Vide
1139 1389 1180 1447 Le

221 1493 332 1554 quous,
348 1486 382 1535 n·
396 1477 501 1556 1209.)
1096 1489 1101 1496 '

659 1635 747 1716 en.

381 1767 425 1830 ue
445 1766 536 1830 modia
555 1769 660 1851 quidm
678 1768 861 1830 omittuntur
881 1767 1032 1853 beneficia.

262 1925 353 1986 5450.
371 1923 559 1986 emittuntur
572 1923 740 2001 beneficia,
754 1931 851 1987 morte
865 1925 1071 2004 beneficiarii,
1085 1929 1179 1992 demis
1226 1976 1227 2028 p

223 2011 324 2090 sione,
339 2011 548 2090 translatione,
561 2013 726 2096 privatione
738 2033 746 2076 ε
758 2013 797 2076 de
812 2013 850 2077 iis
863 2015 935 2076 satis
947 2012 1082 2080 diximus
1100 2035 1178 2098 supra
1226 2029 1227 2038 ¹

224 2101 303 2178 (tua,
319 2103 401 2180 etc).
1054 2171 1057 2174 .

265 2191 401 2250 Attamen
415 2189 494 2252 eirea
508 2190 742 2272 resignationem
756 2212 824 2274 quae
837 2201 882 2257 est
895 2211 995 2276 genus
1003 2193 1175 2258 demissionis

224 2275 432 2338 conditionata>
459 2295 468 2340 ε
501 2279 674 2341 annotanda
706 2288 752 2342 est
783 2281 937 2364 dispositio
969 2281 1169 2344 Constitutione

225 2364 255 2424 S.
271 2362 315 2424 Pii
331 2365 354 2424 V
370 2364 483 2440 Ouunta
497 2367 640 2430 Ecclesiae
656 2368 714 2430 Dei
723 2416 730 2444 ,
746 2370 777 2430 in
797 2373 857 2452 qud
873 2369 985 2432 dicitur
1006 2390 1015 2433 :
1036 2372 1170 2432 «Carent

227 2474 239 2508 u
263 2451 424 2534 Episcopi,
448 2455 581 2537 itemque
600 2475 708 2518 omnes
729 2458 892 2535 electores⁹
913 2467 1135 2540 praesentatores
1152 2467 1176 2518 et

226 2563 239 2596 u
263 2543 419 2622 patroni...
440 2561 479 2605 ne
499 2545 590 2606 verbo
606 2545 746 2626 quidam,
763 2553 813 2609 aut
828 2555 903 2610 nutu
920 2547 966 2609 rel
980 2551 1085 2628 signo.
1102 2547 1180 2611 futuri

227 2653 240 2685 n
265 2629 420 2694 beneficiis
438 2637 468 2694 et
485 2631 590 2696 officiis
611 2651 798 2698 successores
815 2637 853 2698 ab
866 2636 939 2718 ipsis
952 2637 1181 2718 resignantilius.

227 2741 240 2774 u
265 2727 316 2781 aut
329 2719 394 2782 aliis
407 2737 514 2784 eorum
527 2721 760 2803 significatione,
771 2724 818 2788 vel
830 2723 970 2804 hortatu,
985 2723 1184 2808 designentur,

226 2831 240 2866 n
265 2815 316 2870 eut
337 2807 375 2871 de
395 2809 441 2872 his
461 2810 650 2873 assumendis
672 2813 831 2893 promissio
852 2815 931 2876 inter
952 2832 1024 2888 eos,
1040 2815 1087 2877 rel
1106 2819 1185 2879 etiam

227 2920 240 2954 u
266 2897 391 2961 intentio
408 2899 637 2982 qualiscumque
652 2900 824 2964 intercedat.
841 2904 988 2966 Gaeterdm
1003 2905 1187 2988 praecipimus

227 3007 241 3041 n
266 2991 355 3066 atque
375 2987 580 3051 interdicimus
605 3006 644 3050 ne
661 2989 717 3071 ipsi
736 2991 875 3073 Episcopi
894 2997 946 3054 aut
969 2991 1020 3053 alii
1039 2995 1189 3058 collatores

228 3097 241 3130 u
265 3072 303 3134 de
315 3073 470 3138 beneficiis
482 3083 513 3139 et
531 3076 637 3140 officiis
654 3079 859 3160 resignandis,
874 3087 927 3142 aut
943 3079 1006 3142 suis
1024 3091 1079 3145 aut
1096 3084 1189 3146 dimit-

229 3185 240 3216 ιι
266 3160 394 3223 lentium
414 3165 663 3248 consanguineis,
685 3167 844 3247 affinibus,
865 3167 910 3230 vel
933 3168 1133 3236 familiaribus
1136 3217 1188 3235 .....

229 3272 241 3302 u
266 3246 396 3311 audeant
418 3253 592 3330 providere;
612 3256 693 3336 qudd
716 3258 740 3319 si
759 3275 864 3334 secus,
888 3257 912 3318 si
935 3257 1026 3320 etiam
1049 3261 1190 3344 quidquid

228 3357 241 3389 u
266 3341 375 3414 preter
393 3338 439 3400 vel
455 3349 560 3404 contra
580 3343 708 3407 formam
728 3346 956 3428 predictorum,
971 3345 1061 3409 luerit
1077 3351 1097 3410 ὲ
1122 3369 1190 3432 quo

229 3443 241 3474 r
266 3439 398 3504 cumque
415 3430 529 3490 umero
545 3437 742 3510 attentatum,
757 3433 789 3496 id
806 3441 903 3498 totum
918 3451 955 3497 ex
972 3453 1056 3499 nunc
1072 3439 1151 3502 vires
1168 3449 1192 3500 et

229 3531 242 3562 υ
266 3508 406 3575 effectum
419 3522 610 3581 decernimus
620 3541 682 3584 non
695 3523 815 3588 habero.
831 3545 847 3584 o

267 3599 356 3659 ntor.
367 3599 452 3663 Unde
460 3605 583 3682 quando
594 3607 775 3676 beneficium
785 3619 869 3678 vacat
882 3631 936 3696 per
948 3613 1191 3697 resignationem.
