<?xml version="1.0" encoding="UTF-8"?>
<!DOCTYPE html PUBLIC "-//W3C//DTD XHTML 1.0 Transitional//EN"
    "http://www.w3.org/TR/xhtml1/DTD/xhtml1-transitional.dtd">
<html xmlns="http://www.w3.org/1999/xhtml" xml:lang="en" lang="en">
 <head>
  <title>
</title>
<meta http-equiv="Content-Type" content="text/html;charset=utf-8" />
  <meta name='ocr-system' content='tesseract 3.04.00' />
  <meta name='ocr-capabilities' content='ocr_page ocr_carea ocr_par ocr_line ocrx_word'/>
</head>
<body>
  <div class='ocr_page' id='page_1' title='image "./manualetotiusju00craigoog_0657.png"; bbox 0 0 2462 3972; ppageno 0'>
   <div class='ocr_carea' id='block_1_1' title="bbox 193 133 951 198">
    <p class='ocr_par' dir='ltr' id='par_1_1' title="bbox 193 133 951 198">
     <span class='ocr_line' id='line_1_1' title="bbox 193 133 951 198; baseline -0.012 0"><span class='ocrx_word' id='word_1_1' title='bbox 193 133 253 198; x_wconf 78' lang='lat'>650</span> <span class='ocrx_word' id='word_1_2' title='bbox 417 147 556 196; x_wconf 72' lang='lat' dir='ltr'>annom</span> <span class='ocrx_word' id='word_1_3' title='bbox 575 145 779 196; x_wconf 74' lang='lat' dir='ltr'>mnasonis</span> <span class='ocrx_word' id='word_1_4' title='bbox 801 141 951 193; x_wconf 73' lang='lat' dir='ltr'>sonorior.</span> 
     </span>
    </p>
   </div>
   <div class='ocr_carea' id='block_1_2' title="bbox 194 241 1212 356">
    <p class='ocr_par' dir='ltr' id='par_1_2' title="bbox 194 241 1212 356">
     <span class='ocr_line' id='line_1_2' title="bbox 194 241 1212 356; baseline 0.001 -49"><span class='ocrx_word' id='word_1_5' title='bbox 194 244 416 326; x_wconf 73' lang='lat' dir='ltr'><strong>executionem,</strong></span> <span class='ocrx_word' id='word_1_6' title='bbox 426 266 455 309; x_wconf 82' lang='lat' dir='ltr'>r.</span> <span class='ocrx_word' id='word_1_7' title='bbox 472 265 517 328; x_wconf 80' lang='lat' dir='ltr'>g.‚</span> <span class='ocrx_word' id='word_1_8' title='bbox 532 265 617 310; x_wconf 83' lang='lat' dir='ltr'>voveo</span> <span class='ocrx_word' id='word_1_9' title='bbox 627 241 845 328; x_wconf 77' lang='lat' dir='ltr'>Relipionemoi</span> <span class='ocrx_word' id='word_1_10' title='bbox 854 245 891 306; x_wconf 77' lang='lat' dir='ltr'>2l</span> <span class='ocrx_word' id='word_1_11' title='bbox 908 259 1019 306; x_wconf 76' lang='lat' dir='ltr'>amnon</span> <span class='ocrx_word' id='word_1_12' title='bbox 1030 241 1172 326; x_wconf 68' lang='lat' dir='ltr'>orooro,</span> <span class='ocrx_word' id='word_1_13' title='bbox 1211 338 1212 356; x_wconf 13' lang='grc' dir='ltr'><strong>Χ</strong></span> 
     </span>
    </p>
   </div>
   <div class='ocr_carea' id='block_1_3' title="bbox 195 333 1217 1912">
    <p class='ocr_par' dir='ltr' id='par_1_3' title="bbox 196 333 1212 402">
     <span class='ocr_line' id='line_1_3' title="bbox 196 333 1212 402; baseline 0.006 -6"><span class='ocrx_word' id='word_1_14' title='bbox 196 333 519 399; x_wconf 79' lang='lat' dir='ltr'>volsinroterobierit.</span> <span class='ocrx_word' id='word_1_15' title='bbox 1211 393 1212 402; x_wconf 73' lang='grc'>,</span> 
     </span>
    </p>

    <p class='ocr_par' dir='ltr' id='par_1_4' title="bbox 195 422 1174 754">
     <span class='ocr_line' id='line_1_4' title="bbox 235 422 1174 504; baseline 0.002 -19"><span class='ocrx_word' id='word_1_16' title='bbox 235 427 327 488; x_wconf 77' lang='lat'><strong>5250.</strong></span> <span class='ocrx_word' id='word_1_17' title='bbox 349 426 470 487; x_wconf 83' lang='lat' dir='ltr'>Certum</span> <span class='ocrx_word' id='word_1_18' title='bbox 484 429 531 487; x_wconf 89' lang='lat' dir='ltr'>est</span> <span class='ocrx_word' id='word_1_19' title='bbox 553 425 678 488; x_wconf 72' lang='lat' dir='ltr'>boontra</span> <span class='ocrx_word' id='word_1_20' title='bbox 696 422 871 504; x_wconf 86' lang='lat' dir='ltr'>hujusmodi</span> <span class='ocrx_word' id='word_1_21' title='bbox 890 427 959 486; x_wconf 79' lang='lat' dir='ltr'>rota</span> <span class='ocrx_word' id='word_1_22' title='bbox 972 441 1037 486; x_wconf 89' lang='lat' dir='ltr'>oon</span> <span class='ocrx_word' id='word_1_23' title='bbox 1051 441 1120 486; x_wconf 82' lang='lat' dir='ltr'>esse</span> <span class='ocrx_word' id='word_1_24' title='bbox 1133 443 1174 487; x_wconf 80' lang='lat' dir='ltr'>re</span> 
     </span>
     <span class='ocr_line' id='line_1_5' title="bbox 195 511 1172 596; baseline 0.001 -24"><span class='ocrx_word' id='word_1_25' title='bbox 195 517 330 590; x_wconf 83' lang='lat' dir='ltr'>servata,</span> <span class='ocrx_word' id='word_1_26' title='bbox 346 512 370 574; x_wconf 92' lang='lat' dir='ltr'>si</span> <span class='ocrx_word' id='word_1_27' title='bbox 384 512 517 576; x_wconf 84' lang='lat' dir='ltr'>conditio</span> <span class='ocrx_word' id='word_1_28' title='bbox 538 515 609 576; x_wconf 75' lang='lat' dir='ltr'>vere</span> <span class='ocrx_word' id='word_1_29' title='bbox 627 513 803 596; x_wconf 84' lang='lat' dir='ltr'>suspensiva</span> <span class='ocrx_word' id='word_1_30' title='bbox 818 511 954 575; x_wconf 83' lang='lat' dir='ltr'>nondam</span> <span class='ocrx_word' id='word_1_31' title='bbox 972 511 1012 574; x_wconf 87' lang='lat' dir='ltr'>sit</span> <span class='ocrx_word' id='word_1_32' title='bbox 1034 511 1172 593; x_wconf 74' lang='lat' dir='ltr'>impleta,</span> 
     </span>
     <span class='ocr_line' id='line_1_6' title="bbox 195 599 1173 684; baseline 0.002 -22"><span class='ocrx_word' id='word_1_33' title='bbox 195 600 267 680; x_wconf 88' lang='lat' dir='ltr'>quio</span> <span class='ocrx_word' id='word_1_34' title='bbox 287 601 448 664; x_wconf 76' lang='lat' dir='ltr'><strong>reservatio</strong></span> <span class='ocrx_word' id='word_1_35' title='bbox 468 601 648 684; x_wconf 76' lang='lat' dir='ltr'>intelligitur</span> <span class='ocrx_word' id='word_1_36' title='bbox 669 600 709 664; x_wconf 89' lang='lat' dir='ltr'>de</span> <span class='ocrx_word' id='word_1_37' title='bbox 729 599 912 683; x_wconf 77' lang='lat' dir='ltr'>obligatione</span> <span class='ocrx_word' id='word_1_38' title='bbox 932 600 1086 682; x_wconf 72' lang='lat' dir='ltr'>eompletb</span> <span class='ocrx_word' id='word_1_39' title='bbox 1107 619 1116 662; x_wconf 77' lang='grc' dir='ltr'><strong>ε</strong></span> <span class='ocrx_word' id='word_1_40' title='bbox 1137 601 1173 664; x_wconf 85' lang='lat' dir='ltr'>itr</span> 
     </span>
     <span class='ocr_line' id='line_1_7' title="bbox 196 691 411 754; baseline 0.014 -4"><span class='ocrx_word' id='word_1_41' title='bbox 196 691 411 754; x_wconf 81' lang='lat' dir='ltr'>communiter.</span> 
     </span>
    </p>

    <p class='ocr_par' dir='ltr' id='par_1_5' title="bbox 196 777 1215 1286">
     <span class='ocr_line' id='line_1_8' title="bbox 236 777 1174 858; baseline 0.001 -19"><span class='ocrx_word' id='word_1_42' title='bbox 236 777 394 842; x_wconf 83' lang='lat' dir='ltr'>Dubitatur</span> <span class='ocrx_word' id='word_1_43' title='bbox 409 786 512 844; x_wconf 87' lang='lat' dir='ltr'>autem</span> <span class='ocrx_word' id='word_1_44' title='bbox 532 800 571 845; x_wconf 90' lang='lat' dir='ltr'>an</span> <span class='ocrx_word' id='word_1_45' title='bbox 592 783 653 844; x_wconf 90' lang='lat' dir='ltr'>sint</span> <span class='ocrx_word' id='word_1_46' title='bbox 674 783 822 842; x_wconf 85' lang='lat' dir='ltr'>reservate</span> <span class='ocrx_word' id='word_1_47' title='bbox 842 778 868 840; x_wconf 92' lang='lat' dir='ltr'>si</span> <span class='ocrx_word' id='word_1_48' title='bbox 887 777 1022 843; x_wconf 78' lang='lat' dir='ltr'>conditio</span> <span class='ocrx_word' id='word_1_49' title='bbox 1037 779 1105 858; x_wconf 78' lang='lat' dir='ltr'>iam</span> <span class='ocrx_word' id='word_1_50' title='bbox 1125 779 1174 840; x_wconf 71' lang='lat' dir='ltr'>ino</span> 
     </span>
     <span class='ocr_line' id='line_1_9' title="bbox 197 865 1214 952; baseline 0.003 -25"><span class='ocrx_word' id='word_1_51' title='bbox 197 865 276 948; x_wconf 84' lang='lat' dir='ltr'>plata</span> <span class='ocrx_word' id='word_1_52' title='bbox 291 869 348 930; x_wconf 89' lang='lat' dir='ltr'>sit:</span> <span class='ocrx_word' id='word_1_53' title='bbox 364 873 394 932; x_wconf 86' lang='lat' dir='ltr'>et</span> <span class='ocrx_word' id='word_1_54' title='bbox 413 869 446 932; x_wconf 92' lang='lat' dir='ltr'>in</span> <span class='ocrx_word' id='word_1_55' title='bbox 457 869 515 933; x_wconf 90' lang='lat' dir='ltr'>hoo</span> <span class='ocrx_word' id='word_1_56' title='bbox 528 868 621 932; x_wconf 89' lang='lat' dir='ltr'>dublo</span> <span class='ocrx_word' id='word_1_57' title='bbox 634 869 742 952; x_wconf 83' lang='lat' dir='ltr'>triplex</span> <span class='ocrx_word' id='word_1_58' title='bbox 755 875 800 929; x_wconf 88' lang='lat' dir='ltr'>est</span> <span class='ocrx_word' id='word_1_59' title='bbox 813 866 960 930; x_wconf 84' lang='lat' dir='ltr'>sententia</span> <span class='ocrx_word' id='word_1_60' title='bbox 973 887 981 926; x_wconf 91' lang='lat'>:</span> <span class='ocrx_word' id='word_1_61' title='bbox 994 886 1114 950; x_wconf 74' lang='lat' dir='ltr'>rogans</span> <span class='ocrx_word' id='word_1_62' title='bbox 1127 887 1173 929; x_wconf 84' lang='lat' dir='ltr'>an·</span> <span class='ocrx_word' id='word_1_63' title='bbox 1213 880 1214 930; x_wconf 82' lang='lat' dir='ltr'>t</span> 
     </span>
     <span class='ocr_line' id='line_1_10' title="bbox 196 955 1172 1040; baseline 0.003 -23"><span class='ocrx_word' id='word_1_64' title='bbox 196 965 259 1017; x_wconf 86' lang='lat' dir='ltr'>tem</span> <span class='ocrx_word' id='word_1_65' title='bbox 275 964 399 1020; x_wconf 83' lang='lat' dir='ltr'>vocatur</span> <span class='ocrx_word' id='word_1_66' title='bbox 412 957 496 1021; x_wconf 73' lang='lat' dir='ltr'>oaldi</span> <span class='ocrx_word' id='word_1_67' title='bbox 504 957 689 1040; x_wconf 78' lang='lat' dir='ltr'>probabilior</span> <span class='ocrx_word' id='word_1_68' title='bbox 703 959 719 1018; x_wconf 77' lang='lat' dir='ltr'>l</span> <span class='ocrx_word' id='word_1_69' title='bbox 734 957 765 1020; x_wconf 90' lang='lat' dir='ltr'>S.</span> <span class='ocrx_word' id='word_1_70' title='bbox 782 955 917 1036; x_wconf 67' lang='lat' dir='ltr'>bigam..</span> <span class='ocrx_word' id='word_1_71' title='bbox 939 955 1012 1036; x_wconf 88' lang='lat' dir='ltr'>quia</span> <span class='ocrx_word' id='word_1_72' title='bbox 1026 963 1060 1019; x_wconf 84' lang='lat' dir='ltr'>ut</span> <span class='ocrx_word' id='word_1_73' title='bbox 1072 963 1172 1020; x_wconf 71' lang='lat' dir='ltr'>vobim</span> 
     </span>
     <span class='ocr_line' id='line_1_11' title="bbox 199 1043 1172 1128; baseline -0.002 -20"><span class='ocrx_word' id='word_1_74' title='bbox 199 1045 238 1108; x_wconf 90' lang='lat' dir='ltr'>sit</span> <span class='ocrx_word' id='word_1_75' title='bbox 251 1053 450 1124; x_wconf 85' lang='lat' dir='ltr'>reservatum,</span> <span class='ocrx_word' id='word_1_76' title='bbox 463 1045 552 1110; x_wconf 90' lang='lat' dir='ltr'>debet</span> <span class='ocrx_word' id='word_1_77' title='bbox 561 1045 725 1128; x_wconf 79' lang='lat' dir='ltr'>procedere</span> <span class='ocrx_word' id='word_1_78' title='bbox 738 1063 774 1106; x_wconf 86' lang='lat' dir='ltr'>ex</span> <span class='ocrx_word' id='word_1_79' title='bbox 786 1043 919 1126; x_wconf 80' lang='lat' dir='ltr'>perfeeto</span> <span class='ocrx_word' id='word_1_80' title='bbox 931 1062 1106 1122; x_wconf 78' lang='lat' dir='ltr'>consensu,</span> <span class='ocrx_word' id='word_1_81' title='bbox 1126 1045 1172 1126; x_wconf 85' lang='lat' dir='ltr'>qni</span> 
     </span>
     <span class='ocr_line' id='line_1_12' title="bbox 201 1133 1215 1286; baseline 0.001 -90"><span class='ocrx_word' id='word_1_82' title='bbox 201 1153 263 1286; x_wconf 72' lang='lat' dir='ltr'>nson</span> <span class='ocrx_word' id='word_1_83' title='bbox 277 1135 394 1285; x_wconf 72' lang='lat' dir='ltr'>videtpr</span> <span class='ocrx_word' id='word_1_84' title='bbox 407 1134 537 1198; x_wconf 84' lang='lat' dir='ltr'>adfuisse</span> <span class='ocrx_word' id='word_1_85' title='bbox 555 1136 587 1198; x_wconf 93' lang='lat' dir='ltr'>in</span> <span class='ocrx_word' id='word_1_86' title='bbox 600 1139 669 1198; x_wconf 82' lang='lat' dir='ltr'>voto</span> <span class='ocrx_word' id='word_1_87' title='bbox 683 1133 887 1197; x_wconf 82' lang='lat' dir='ltr'>conditionate</span> <span class='ocrx_word' id='word_1_88' title='bbox 904 1139 958 1197; x_wconf 86' lang='lat' dir='ltr'>aut</span> <span class='ocrx_word' id='word_1_89' title='bbox 971 1139 1041 1196; x_wconf 86' lang='lat' dir='ltr'>voto</span> <span class='ocrx_word' id='word_1_90' title='bbox 1052 1134 1170 1216; x_wconf 86' lang='lat' dir='ltr'>poenab.</span> <span class='ocrx_word' id='word_1_91' title='bbox 1214 1152 1215 1238; x_wconf 62' lang='lat' dir='ltr'>p</span> 
     </span>
    </p>

    <p class='ocr_par' dir='ltr' id='par_1_6' title="bbox 236 1224 545 1303">
     <span class='ocr_line' id='line_1_13' title="bbox 236 1224 545 1303; baseline 0.003 -18"><span class='ocrx_word' id='word_1_92' title='bbox 236 1224 287 1286; x_wconf 90' lang='lat' dir='ltr'>.Li</span> <span class='ocrx_word' id='word_1_93' title='bbox 312 1225 360 1303; x_wconf 82' lang='lat' dir='ltr'>.,r&#39;</span> <span class='ocrx_word' id='word_1_94' title='bbox 381 1225 545 1303; x_wconf 77' lang='lat' dir='ltr'>.‚n·26l.)</span> 
     </span>
    </p>

    <p class='ocr_par' dir='ltr' id='par_1_7' title="bbox 201 1223 1217 1912">
     <span class='ocr_line' id='line_1_14' title="bbox 201 1223 1170 1394; baseline 0 -19"><span class='ocrx_word' id='word_1_95' title='bbox 201 1223 213 1304; x_wconf 49' lang='lat' dir='ltr'>t</span> <span class='ocrx_word' id='word_1_96' title='bbox 241 1244 331 1375; x_wconf 60' lang='lat'><strong>52581.</strong></span> <span class='ocrx_word' id='word_1_97' title='bbox 357 1317 403 1374; x_wconf 78' lang='lat' dir='ltr'>rlo</span> <span class='ocrx_word' id='word_1_98' title='bbox 417 1320 520 1376; x_wconf 88' lang='lat' dir='ltr'>eutem</span> <span class='ocrx_word' id='word_1_99' title='bbox 539 1330 611 1376; x_wconf 87' lang='lat' dir='ltr'>oum</span> <span class='ocrx_word' id='word_1_100' title='bbox 625 1311 813 1394; x_wconf 82' lang='lat' dir='ltr'>peregrinis,</span> <span class='ocrx_word' id='word_1_101' title='bbox 828 1311 867 1374; x_wconf 86' lang='lat' dir='ltr'>ab</span> <span class='ocrx_word' id='word_1_102' title='bbox 883 1309 1036 1393; x_wconf 76' lang='lat' dir='ltr'>Episcopo</span> <span class='ocrx_word' id='word_1_103' title='bbox 1047 1311 1109 1375; x_wconf 84' lang='lat' dir='ltr'>loci</span> <span class='ocrx_word' id='word_1_104' title='bbox 1127 1311 1170 1375; x_wconf 86' lang='lat' dir='ltr'>uti</span> 
     </span>
     <span class='ocr_line' id='line_1_15' title="bbox 201 1401 1216 1502; baseline -0.002 -38"><span class='ocrx_word' id='word_1_105' title='bbox 201 1402 407 1483; x_wconf 87' lang='lat' dir='ltr'>reperiuntur,</span> <span class='ocrx_word' id='word_1_106' title='bbox 427 1401 595 1482; x_wconf 87' lang='lat' dir='ltr'>dispensari</span> <span class='ocrx_word' id='word_1_107' title='bbox 616 1401 711 1482; x_wconf 84' lang='lat' dir='ltr'>possit</span> <span class='ocrx_word' id='word_1_108' title='bbox 730 1401 762 1462; x_wconf 91' lang='lat' dir='ltr'>in</span> <span class='ocrx_word' id='word_1_109' title='bbox 780 1401 856 1462; x_wconf 89' lang='lat' dir='ltr'>votis</span> <span class='ocrx_word' id='word_1_110' title='bbox 876 1407 906 1464; x_wconf 88' lang='lat' dir='ltr'>et</span> <span class='ocrx_word' id='word_1_111' title='bbox 921 1401 1125 1480; x_wconf 72' lang='lat' dir='ltr'>juramentis?</span> <span class='ocrx_word' id='word_1_112' title='bbox 1139 1435 1171 1446; x_wconf 94' lang='lat'><em>-</em></span> <span class='ocrx_word' id='word_1_113' title='bbox 1215 1424 1216 1502; x_wconf 64' lang='lat' dir='ltr'>p</span> 
     </span>
     <span class='ocr_line' id='line_1_16' title="bbox 202 1487 1171 1570; baseline 0 -20"><span class='ocrx_word' id='word_1_114' title='bbox 202 1488 390 1551; x_wconf 83' lang='lat' dir='ltr'>Probabilibs</span> <span class='ocrx_word' id='word_1_115' title='bbox 412 1495 558 1570; x_wconf 81' lang='lat' dir='ltr'>negatur,</span> <span class='ocrx_word' id='word_1_116' title='bbox 582 1488 640 1550; x_wconf 87' lang='lat' dir='ltr'>nisi</span> <span class='ocrx_word' id='word_1_117' title='bbox 653 1487 782 1550; x_wconf 81' lang='lat' dir='ltr'>habeant</span> <span class='ocrx_word' id='word_1_118' title='bbox 802 1488 940 1550; x_wconf 87' lang='lat' dir='ltr'>animum</span> <span class='ocrx_word' id='word_1_119' title='bbox 966 1488 1111 1552; x_wconf 80' lang='lat' dir='ltr'>manendi</span> <span class='ocrx_word' id='word_1_120' title='bbox 1125 1505 1171 1570; x_wconf 84' lang='lat' dir='ltr'>per</span> 
     </span>
     <span class='ocr_line' id='line_1_17' title="bbox 203 1575 1171 1659; baseline 0 -19"><span class='ocrx_word' id='word_1_121' title='bbox 203 1579 349 1657; x_wconf 84' lang='lat' dir='ltr'>majorem</span> <span class='ocrx_word' id='word_1_122' title='bbox 371 1577 444 1640; x_wconf 88' lang='lat' dir='ltr'>anni</span> <span class='ocrx_word' id='word_1_123' title='bbox 467 1585 593 1659; x_wconf 86' lang='lat' dir='ltr'>partem.</span> <span class='ocrx_word' id='word_1_124' title='bbox 618 1579 755 1639; x_wconf 78' lang='lat' dir='ltr'>Attamen</span> <span class='ocrx_word' id='word_1_125' title='bbox 783 1583 827 1638; x_wconf 87' lang='lat' dir='ltr'>sat</span> <span class='ocrx_word' id='word_1_126' title='bbox 855 1575 1051 1658; x_wconf 83' lang='lat' dir='ltr'>probabiliter</span> <span class='ocrx_word' id='word_1_127' title='bbox 1072 1577 1171 1640; x_wconf 81' lang='lat' dir='ltr'>dieunt</span> 
     </span>
     <span class='ocr_line' id='line_1_18' title="bbox 204 1664 1217 1756; baseline 0 -28"><span class='ocrx_word' id='word_1_128' title='bbox 204 1667 307 1750; x_wconf 91' lang='lat' dir='ltr'>plures</span> <span class='ocrx_word' id='word_1_129' title='bbox 320 1684 391 1730; x_wconf 89' lang='lat' dir='ltr'>oum</span> <span class='ocrx_word' id='word_1_130' title='bbox 405 1665 476 1748; x_wconf 88' lang='lat' dir='ltr'>ipsis</span> <span class='ocrx_word' id='word_1_131' title='bbox 490 1683 578 1748; x_wconf 87' lang='lat' dir='ltr'>posse</span> <span class='ocrx_word' id='word_1_132' title='bbox 592 1664 773 1748; x_wconf 85' lang='lat' dir='ltr'>dispensari,</span> <span class='ocrx_word' id='word_1_133' title='bbox 793 1664 864 1726; x_wconf 81' lang='lat' dir='ltr'>lieet</span> <span class='ocrx_word' id='word_1_134' title='bbox 884 1681 939 1745; x_wconf 89' lang='lat' dir='ltr'>per</span> <span class='ocrx_word' id='word_1_135' title='bbox 953 1664 1045 1726; x_wconf 87' lang='lat' dir='ltr'>breve</span> <span class='ocrx_word' id='word_1_136' title='bbox 1057 1671 1170 1748; x_wconf 82' lang='lat' dir='ltr'>tempor</span> <span class='ocrx_word' id='word_1_137' title='bbox 1216 1696 1217 1756; x_wconf 60' lang='lat' dir='ltr'>p</span> 
     </span>
     <span class='ocr_line' id='line_1_19' title="bbox 205 1751 1168 1836; baseline -0.002 -19"><span class='ocrx_word' id='word_1_138' title='bbox 205 1756 246 1817; x_wconf 88' lang='lat' dir='ltr'>ibi</span> <span class='ocrx_word' id='word_1_139' title='bbox 261 1762 497 1820; x_wconf 86' lang='lat' dir='ltr'>oommorentur.</span> <span class='ocrx_word' id='word_1_140' title='bbox 513 1753 631 1820; x_wconf 79' lang='lat' dir='ltr'>Vides.</span> <span class='ocrx_word' id='word_1_141' title='bbox 652 1753 774 1836; x_wconf 79' lang='lat' dir='ltr'>Lignor.</span> <span class='ocrx_word' id='word_1_142' title='bbox 795 1751 863 1835; x_wconf 88' lang='lat' dir='ltr'>(lib.</span> <span class='ocrx_word' id='word_1_143' title='bbox 878 1755 919 1832; x_wconf 82' lang='grc'>3,</span> <span class='ocrx_word' id='word_1_144' title='bbox 935 1763 969 1816; x_wconf 81' lang='lat' dir='ltr'>n⁰</span> <span class='ocrx_word' id='word_1_145' title='bbox 986 1757 1059 1831; x_wconf 80' lang='lat'><strong>362;</strong></span> <span class='ocrx_word' id='word_1_146' title='bbox 1073 1753 1125 1816; x_wconf 89' lang='lat' dir='ltr'>lib.</span> <span class='ocrx_word' id='word_1_147' title='bbox 1143 1759 1168 1827; x_wconf 80' lang='lat' dir='ltr'>l.</span> 
     </span>
     <span class='ocr_line' id='line_1_20' title="bbox 208 1845 463 1912; baseline 0 -4"><span class='ocrx_word' id='word_1_148' title='bbox 208 1847 248 1908; x_wconf 74' lang='grc' dir='ltr'>η’·</span> <span class='ocrx_word' id='word_1_149' title='bbox 268 1850 321 1907; x_wconf 82' lang='lat'>158</span> <span class='ocrx_word' id='word_1_150' title='bbox 334 1851 364 1906; x_wconf 88' lang='lat' dir='ltr'>et</span> <span class='ocrx_word' id='word_1_151' title='bbox 377 1845 463 1912; x_wconf 71' lang='lat'>332).</span> 
     </span>
    </p>
   </div>
   <div class='ocr_carea' id='block_1_4' title="bbox 0 0 1258 3972">
    <p class='ocr_par' dir='ltr' id='par_1_8' title="bbox 0 0 1258 3972">
     <span class='ocr_line' id='line_1_21' title="bbox 0 0 1258 3972; baseline 0 0"><span class='ocrx_word' id='word_1_152' title='bbox 0 0 1258 3972; x_wconf 95' lang='lat' dir='ltr'> </span> 
     </span>
    </p>
   </div>
  </div>
 </body>
</html>
