2416 3954
411 139 499 190 taeta
518 141 679 191 55555555.
980 137 1037 199 app

86 250 138 312 lam
150 247 194 326 ttt,
209 250 332 320 liecreto
345 254 474 320 illnov.
498 255 585 334 tutta,
604 255 767 337 prohibuit
789 275 831 321 ne
858 259 949 323 lucus
977 261 1037 340 (vel

85 339 192 422 respic)
212 341 270 422 iam
294 343 401 428 aliqud
427 343 624 425 indulgentia
651 345 692 408 ab
712 345 868 428 Episcopo
889 347 1037 424 donatus,

83 441 187 504 rursus,
204 433 238 494 55
258 433 454 516 indulgentia
479 443 713 515 perseverante,
729 436 790 498 atta
805 437 914 499 eadem
931 439 1039 502 indul·

83 516 170 592 gentil
183 520 270 584 etiam
285 523 302 586 5
318 522 556 587 successoribus
583 523 658 585 dicti
670 521 814 605 Episcopi
830 526 1033 610 locupletare·

83 607 125 663 tur
137 605 279 684 (circaea
295 612 417 690 dcloird,
437 629 468 694 p.
484 610 534 686 39,
560 609 594 673 4⁰
615 610 688 674 ddit.
712 609 791 675 llide
812 614 940 698 insuper
955 617 1039 682 dicta

81 708 162 770 supp,
177 699 343 765 tutatuta
356 711 388 764 et
402 701 496 778 inira,
521 699 596 778 lpp.
612 697 709 774 xvttt.

110 780 190 848 tata.
207 785 281 852 Item
298 790 358 854 [lli.
375 790 587 854 communiter
599 789 714 852 docent
727 787 898 872 Episcopos
913 811 950 856 55
963 795 1039 858 Prae·

80 866 145 932 latos
158 875 315 941 interiores
328 897 393 942 non
412 897 503 959 posse
525 877 682 941 defunctis
703 877 918 961 indulgentias
939 883 1041 964 sppli-

78 975 138 1022 tarc
150 961 299 1042 (Girdtiea
313 967 433 1041 tctntrt,
450 966 510 1040 9.,
528 984 559 1048 p.
575 964 640 1050 69).

115 1057 196 1119 4549.
207 1091 245 1104 -
258 1063 290 1122 5·
306 1057 387 1122 Ultra
408 1052 610 1135 indulgentias
628 1068 704 1133 quas
723 1065 891 1114 concedere
913 1053 1039 1133 possum

83 1138 109 1203 in
128 1145 184 1207 suis
201 1147 364 1232 respective
377 1143 574 1218 dioecesibus,
589 1141 614 1203 si
636 1139 696 1204 sint
709 1138 849 1221 Episcopi
868 1147 920 1202 aut
932 1141 1041 1202 Metro

83 1232 202 1310 politani,
217 1235 390 1300 cardinales
403 1232 512 1310 valent,
528 1230 619 1293 etiam
633 1247 687 1310 per
693 1227 857 1310 delegatos,
873 1227 1041 1292 concedere

82 1317 285 1406 indulgentiam
311 1327 370 1388 t00
390 1321 509 1384 dierum
536 1319 567 1381 in
584 1317 709 1382 ecclesia
724 1318 770 1380 sui
789 1316 886 1396 tituli,
905 1319 1042 1401 quamvis

82 1427 135 1472 non
147 1413 203 1477 sint
215 1414 354 1498 Episcopi
366 1429 423 1474 nec
436 1408 615 1472 sacerdotes.

115 1505 198 1565 4550.
213 1539 252 1550 -
266 1505 298 1567 5ο
312 1505 386 1565 ltem
401 1519 437 1563 ex
451 1498 647 1561 concessione
666 1499 822 1558 innocent.
838 1497 878 1557 lll
896 1495 1041 1560 inconst.

80 1589 214 1655 Romanus
227 1591 385 1672 Pontifex,
396 1595 427 1652 et
439 1586 550 1650 Bened.
567 1587 632 1648 XlV
641 1587 672 1646 in
685 1585 808 1647 Constit.
826 1583 931 1645 Pastor
945 1585 1043 1663 bonus,

81 1687 168 1760 potest
179 1685 307 1766 Magnus
318 1677 571 1750 Poenitentiarius,
582 1673 673 1737 etiam
687 1693 741 1754 per
754 1673 921 1754 delegares,
937 1692 1045 1736 conco

80 1767 143 1833 dere
157 1776 212 1837 t00
226 1773 292 1835 dies
307 1767 564 1849 indulgentiarum
580 1764 616 1824 iis
630 1763 682 1844 qui
698 1781 730 1824 se
744 1761 940 1842 poenitentiali
964 1763 1045 1844 virgi

83 1861 236 1942 tangendos
250 1863 301 1945 pie
315 1863 548 1936 reverenterque
563 1852 594 1914 in
608 1852 706 1912 tribus
722 1849 813 1914 Urbis
828 1849 961 1914 Basilicis
979 1852 1046 1916 555

81 1951 217 2014 miserint.
234 1949 312 2016 Vide
325 1945 477 2021 verrens,
492 1953 522 2006 v⁰
537 1940 746 2022 indulgentia,
764 1938 805 2002 η’·
819 1943 878 2020 93,
894 1944 945 2004 El.

113 2045 199 2105 4555.
215 2076 255 2089 -
267 2046 300 2104 7⁰
315 2038 454 2101 Diximus
474 2051 566 2115 supra
580 2033 659 2110 (834)
676 2028 945 2111 archiepiscopum
959 2049 1048 2112 posse

79 2127 105 2190 in
120 2134 177 2194 lota
191 2129 349 2195 Provincia
362 2129 428 2199 555,
444 2124 534 2186 etiam
549 2129 631 2184 extra
645 2137 749 2181 casum
757 2118 942 2197 visitationis,
953 2119 1049 2182 indul-

81 2221 187 2298 gentias
200 2217 381 2285 concedere.
406 2217 460 2294 (Ex
473 2230 540 2293 cap.
557 2209 687 2287 Nostro,
702 2207 737 2270 de
746 2206 852 2290 poenit.
874 2214 904 2268 et
924 2209 1050 2286 remiss.)

114 2313 201 2375 tata.
217 2348 246 2358 -
267 2313 300 2374 8⁰
319 2304 422 2380 Quoad
441 2299 575 2365 Vicarios
598 2298 757 2360 Generales
779 2303 830 2359 aut
848 2295 1049 2376 capitulares,

80 2399 150 2464 Sede
165 2409 312 2479 vacante,
335 2395 477 2459 Preietos
499 2388 676 2464 inferiores,
699 2384 859 2448 denecales
882 2382 1050 2460 Ordinum,

79 2488 293 2566 Provinciales,
310 2487 456 2559 Abbates,
473 2489 546 2560 etc,
558 2478 674 2541 nullam
687 2475 816 2549 habent,
832 2491 870 2534 ex
886 2472 955 2550 jure
968 2489 1052 2534 com-

79 2585 180 2661 muni,
196 2583 377 2665 potestatem
390 2569 592 2653 indulgentias
602 2559 788 2629 concedendi
809 2561 891 2640 (Gap.
914 2558 1055 2622 Acceden-

80 2671 153 2734 tt’bar
168 2677 222 2750 li,
238 2669 275 2733 de
289 2683 394 2730 555555.
413 2660 564 2736 Proicit).
581 2653 657 2717 Vide
670 2651 748 2713 dicta
763 2667 854 2730 supra
868 2649 978 2726 (4959).

115 2767 205 2826 latta.
230 2758 352 2823 Habent
364 2752 487 2836 quidem
501 2743 665 2810 Generales
678 2739 825 2802 Ordinum
839 2742 870 2800 et
889 2737 1056 2800 Provincia·

78 2849 119 2915 les
132 2851 307 2916 facultatem
329 2835 575 2908 communicandi
590 2829 733 2912 suffragia
746 2825 866 2890 Ordinis
879 2825 941 2903 sui,
965 2827 1055 2890 etiam

79 2940 276 3006 satisfactoria
291 2953 346 3019 per
359 2933 472 2996 litteras
494 2921 690 2996 Fitictioais,
705 2923 740 2981 ut
756 2934 847 2999 supra
865 2917 965 2998 (4519)
979 2937 987 2994 ;
1003 2915 1054 2980 sed

80 3028 142 3095 555
153 3023 412 3100 communicatio,
427 3013 565 3103 quumvis
587 3025 730 3092 maguam
752 3004 860 3068 habeat
883 3004 1055 3070 affinitatem

79 3139 148 3184 cum
161 3115 372 3200 indulgentiis,
384 3128 446 3174 non
456 3112 503 3170 est
514 3111 616 3166 tamen
630 3096 750 3183 proprie
764 3094 970 3178 indulgentia,
986 3099 1055 3160 cum

79 3210 110 3272 in
122 3209 182 3275 555
192 3227 280 3282 casu,
291 3200 507 3268 satislactiones
520 3187 762 3263 communicatae,
778 3183 945 3248 ethesanro
957 3187 1058 3251 Eccle-

78 3302 129 3366 siae
143 3320 208 3365 non
222 3295 414 3368 hauriantur,
429 3287 483 3352 sed
495 3280 671 3369 proveniant
683 3295 721 3340 ex
734 3275 928 3339 concessione
939 3275 1057 3357 religio-

79 3409 183 3454 sorum
203 3388 261 3472 qui
279 3380 521 3447 distributionem
541 3387 665 3436 suarum
687 3365 799 3448 singuli
820 3363 1058 3427 satisfactionum

77 3477 298 3566 Superioribus
306 3472 369 3537 suis
382 3467 616 3534 commiseruntz
638 3452 1060 3534 edicenduminquitsuarez

78 3593 93 3634 r
118 3571 214 3653 (disp.
230 3568 285 3640 55,
300 3569 373 3629 sect.
389 3564 420 3637 5,
437 3557 470 3622 ul
483 3557 524 3636 2),
537 3547 686 3634 quidquid
700 3549 732 3610 iu
745 3543 804 3607 troc
817 3557 928 3622 genere
942 3539 1059 3601 praelati
