2420 3968
184 228 242 292 58⁶
311 233 380 280 ''³'’
403 255 541 309 uenulas
560 251 662 302 ronus
681 250 763 296 ruera
785 247 932 296 canonici.

222 367 311 430 toea.
333 357 456 434 Ouaerit.
472 357 504 420 3ο
520 356 566 415 An
580 349 718 434 Episcopi
734 347 836 414 Galliae
854 347 1034 429 inquorum
1049 347 1157 411 diram·

183 455 265 520 sibus
276 452 357 534 viget
368 445 489 528 liturgia
509 442 681 524 illegitima,
696 437 813 521 possint
829 453 989 500 romanam
1004 437 1156 515 inducere.

184 539 359 607 inconsultis
372 533 552 612 Canonicis,
571 526 710 614 paroebis
727 533 758 590 et
781 526 848 589 aliis
868 525 1078 591 sacerdotibus
1098 526 1159 610 qui·

184 628 403 711 buscumquel

223 723 315 802 Resp.
337 711 523 799 Affirmctivt
536 711 608 795 quia
625 707 746 789 liturgia
758 709 897 769 Romana
910 707 943 768 iu
960 705 1072 770 talibus
1088 707 1160 772 rasi·

185 811 241 873 bus
255 809 368 890 obligat
381 801 616 888 independenter
630 801 646 860 a
662 795 800 879 capituto
814 801 843 857 et
857 795 965 858 Claro:
981 801 1013 858 et
1025 795 1161 878 Episcopi

186 899 299 963 nullius
316 902 406 980 egent
426 892 550 957 consilio
567 895 601 952 ut
612 887 731 950 valeant
744 901 909 968 procurare
922 885 1160 947 observationem

187 989 289 1071 legum
307 987 387 1051 certe
409 981 627 1066 obligantium:
645 975 808 1060 prudenter
821 980 925 1036 mmen
944 980 1037 1057 agent
1054 973 1160 1036 sicum

188 1079 251 1142 suis
259 1077 402 1159 Capitulis
415 1081 445 1136 et
454 1073 540 1134 Clero
554 1068 658 1131 seduld
667 1065 823 1147 inquirant
832 1063 933 1126 media
947 1064 1162 1146 opportuniora

189 1168 227 1231 ad
247 1165 426 1230 abolendam
439 1160 565 1244 pacifice
579 1157 767 1239 illegitimam
783 1153 936 1234 liturgiam
955 1160 987 1217 et
1000 1153 1161 1235 legitimam

190 1253 450 1319 introducendam.

228 1349 318 1408 5065.
341 1340 463 1415 Quaerit.
487 1341 520 1402 ll
533 1340 579 1400 An
599 1337 636 1403 sit
654 1333 796 1418 obligatio
818 1333 965 1398 recitandi
986 1340 1018 1396 et
1038 1332 1162 1396 canendi

189 1433 318 1515 hymnos
327 1437 417 1512 prout
426 1428 549 1491 fuerunt
562 1426 688 1489 correcti
704 1425 741 1488 ab
754 1423 879 1488 Urbano
889 1421 981 1484 Vllll

229 1524 319 1603 Hesp.
335 1521 365 1581 Si
376 1525 482 1600 agatur
492 1515 530 1578 de
540 1515 681 1577 Ecclesiis
690 1513 760 1576 ritui
770 1515 909 1575 Romano
923 1511 1089 1592 adstrictis,
1100 1533 1166 1595 quae

191 1630 253 1674 non
267 1609 417 1672 habebant
429 1604 581 1687 liturgiam
594 1604 749 1686 propriam
762 1602 902 1665 ducentis
911 1603 1002 1665 annis
1016 1604 1165 1686 antiquio-

192 1720 273 1780 rem,
301 1699 384 1762 adest
410 1695 552 1778 obligatio
580 1691 725 1756 recitandi
753 1699 783 1756 et
810 1691 940 1755 canendi
969 1689 1104 1773 hymnos
1130 1693 1168 1755 ab

192 1789 386 1856 Urbanonll
396 1793 557 1860 correctos,
566 1791 599 1846 ut
608 1787 725 1845 constat
734 1799 771 1844 ex
780 1779 867 1844 Bulla
879 1779 953 1842 Clam
965 1780 1090 1843 altasar
1106 1801 1168 1864 apr.

194 1884 282 1954 tet3,
299 1879 329 1941 in
344 1880 405 1959 qua
418 1876 527 1939 dicitur
543 1893 551 1935 :
577 1873 649 1934 alte
665 1871 843 1954 apostolicae
865 1869 1023 1952 potestatis
1044 1870 1171 1954 plenitu-

193 1970 354 2045 rdine...,
381 1968 413 2029 in
443 1963 584 2028 omnibus
604 1965 635 2024 et
661 1960 825 2042 singulis...
850 1959 1013 2037 aeclesiis,
1039 1961 1167 2042 praedicti

193 2079 208 2115 n
232 2057 388 2138 hymni...‚
401 2074 463 2117 non
475 2059 576 2116 autem
591 2050 720 2133 amplibs
736 2050 891 2131 antiqui...
907 2049 1166 2114 recitenturaede

193 2166 208 2204 r
232 2151 397 2207 cantentur.
407 2191 428 2220 .‚
444 2142 638 2225 praecipimus
652 2147 681 2203 et
693 2139 885 2202 mandamus.
901 2160 917 2198 a

233 2233 264 2295 Si
278 2240 379 2296 autem
393 2231 520 2314 quaestio
533 2231 571 2291 sit
583 2230 621 2292 de
633 2228 774 2292 Ecclesiis
787 2229 897 2311 quibus
911 2227 1101 2310 permissum
1122 2231 1174 2292 tuit

193 2322 323 2386 retinere
337 2321 495 2404 preprium
509 2319 696 2382 Breviorium
717 2323 747 2380 et
764 2317 898 2396 Missale,
920 2323 1004 2399 patet
1018 2317 1100 2400 ipsas
1115 2339 1174 2382 nun

194 2411 289 2478 teneri
302 2411 340 2475 ad
358 2409 527 2474 recitandos
546 2415 598 2471 aut
610 2407 814 2471 demutandus
828 2407 961 2488 hymnos
979 2408 1175 2488 reformatos,

195 2504 266 2568 cbm
288 2501 361 2586 ipsis
378 2501 465 2564 liceat
485 2515 573 2563 suem
595 2515 713 2560 servare
731 2496 894 2578 liturgiam.
909 2495 988 2559 Vide
1003 2497 1120 2577 Bonis,
1133 2499 1178 2561 De

195 2594 269 2658 Jure
282 2593 418 2674 Lt'turg„
429 2611 460 2673 p.
476 2591 547 2653 283.

235 2687 324 2748 5066.
349 2681 470 2756 Quaerit.
482 2676 602 2753 5⁰de
615 2678 749 2741 statuerit
758 2679 789 2740 S.
800 2677 910 2740 PiusV
924 2677 1029 2760 quoad
1042 2677 1178 2743 officium
1207 2757 1208 2762 ἵ

197 2775 232 2836 Β.
249 2774 348 2837 Mariae
362 2769 522 2854 Virginis?

237 2864 326 2945 Resp.
351 2861 515 2945 Sequentia
537 2858 652 2922 sancita
665 2856 758 2920 luisse
781 2858 799 2921 b
817 2857 850 2921 S.
871 2857 1023 2922 Pentiliee
1040 2858 1075 2922 in
1095 2857 1177 2922 Bulla

197 2949 329 3032 Superat
338 2972 349 3014 .·

239 3043 269 3100 l·
288 3037 437 3102 Omnibus
452 3041 518 3102 sine
541 3038 716 3119 exceptione
734 3035 874 3099 fidelibus
893 3055 961 3101 csse
980 3037 1177 3102 interdictum

196 3129 417 3209 cujuscumque
435 3127 524 3190 officii
545 3129 581 3189 B.
599 3127 731 3210 Virginis
751 3126 865 3208 vulgari
888 3125 995 3208 lingud
1012 3128 1175 3209 conscripti

197 3234 309 3296 usum,
330 3215 393 3278 imd
410 3223 441 3279 et
459 3217 628 3281 officiorum
649 3218 740 3280 etiam
758 3215 848 3278 latine
869 3216 1052 3298 scriptorum
1065 3217 1177 3299 quibus

198 3305 316 3368 insertae
330 3304 442 3368 luerint
455 3307 611 3370 Orationes
630 3308 662 3370 in
678 3305 781 3388 lingua
795 3304 910 3386 vulgari
926 3323 935 3366 ι
957 3325 1027 3388 quae
1041 3305 1176 3388 probibi-

199 3393 294 3457 tiones
308 3395 364 3458 sub
378 3396 459 3476 gravi
473 3396 607 3478 obligare
620 3395 770 3459 videntur.

237 3487 269 3545 2⁰
293 3483 455 3547 Adstrictus
473 3485 641 3547 recitationi
661 3485 751 3548 officii
773 3487 807 3548 B.
823 3481 926 3549 blariae
940 3484 1073 3566 Virginis
1086 3501 1174 3566 pesse

198 3570 323 3632 recitare
341 3571 438 3634 officia
458 3571 570 3654 lingua
592 3574 693 3636 lutinae
714 3593 783 3657 que
806 3580 906 3638 essent
925 3571 1064 3638 ducentis
1084 3571 1172 3634 annis

198 3657 368 3738 antiquiora
380 3656 412 3720 in
426 3657 489 3722 aab
495 3661 625 3742 propriis
637 3661 773 3728 ecclesiia
783 3681 792 3742 ς
804 3662 912 3728 llrdem
919 3665 992 3729 rard
1000 3661 1171 3748 practpitur
