2462 3972
413 250 498 294 atauo
518 249 676 295 sccunous.
973 233 1032 294 raa

103 349 193 409 atas.
216 347 270 407 llis
283 363 344 410 non
358 344 557 424 obstantibus,
568 347 602 408 S.
615 345 752 427 Liquor,
766 350 801 408 ut
811 344 874 426 jam
888 343 1032 424 diximus,

68 433 194 518 priorem
208 433 387 496 sententiam
401 433 491 496 habet
503 440 537 497 ut
550 435 621 496 satis
634 433 844 516 probabilem,
865 434 1033 516 praesertim

68 521 105 586 nb
121 523 326 585 auctoritatem
346 525 378 585 S.
399 521 523 586 Thomu
542 523 594 603 qui
617 522 722 585 asserit
745 540 801 604 pro
822 529 905 584 certo
924 521 1034 584 laetam

68 609 156 673 fuisse
169 611 321 674 bonorum
334 610 523 674 divisionem.
537 611 575 673 Et
587 612 691 674 reveri
704 610 813 690 legitur
826 611 858 672 in
871 629 939 693 cap.
955 608 1035 686 Ono·

68 707 135 760 taor
148 703 199 776 2³1,
213 697 427 769 claredunum,
437 717 529 762 causa
543 702 591 772 la,
607 717 639 780 q.
653 703 685 776 2,
700 697 782 779 quod
793 699 847 762 SS.
861 697 1033 777 Pontifices,

67 787 238 868 Simplicius
259 787 390 850 maxime
411 793 442 850 et
463 785 598 850 Gelasius
615 786 855 869 praescripserint
873 792 908 850 ut
919 789 983 849 tam
995 787 1033 852 de

64 873 230 938 redditibus
244 877 336 957 quam
350 875 388 937 da
400 875 601 938 oblationibus
614 873 749 937 fidelium
764 873 870 936 tierent
882 875 1034 956 portiones

70 980 228 1043 «quarum
242 981 304 1026 una
317 964 356 1024 sit
368 963 532 1039 Pontiticis,
548 963 639 1024 altera
653 961 845 1040 clericorum,
859 962 944 1024 tertia
959 981 1034 1044 pau·

68 1073 84 1110 ι
108 1069 226 1132 perum
241 1057 347 1132 quarta
358 1050 475 1113 labrrcrs
488 1049 710 1133 applicandas
725 1049 779 1112 sed
789 1049 936 1113 uonbenb
945 1069 1033 1114 cons

67 1145 107 1201 tat
122 1139 199 1202 hanc
212 1139 301 1220 partit
302 1139 403 1202 ionem
417 1139 507 1202 luisse
521 1139 619 1220 reipsta
632 1145 795 1222 peractam.

106 1231 196 1290 5135.
212 1228 271 1291 Sed
281 1225 918 1310 positspraefanoontroverstoquaeriruran
931 1222 1035 1310 peccat

68 1318 193 1399 graviter
205 1324 237 1379 et
248 1323 385 1380 teneatur
398 1317 436 1378 ad
447 1317 668 1379 restitutionem
678 1333 731 1398 qm
723 1316 830 1380 bona
834 1315 1035 1382 ecclesiastica
1093 1351 1120 1360 1-
1177 1355 1180 1358 „
1220 1323 1221 1326 ’

68 1407 148 1468 dono
161 1405 270 1486 accipit
282 1408 299 1466 h
309 1405 526 1478 beneficiario?

107 1497 197 1576 Resp.
222 1499 253 1556 l·
273 1495 377 1566 Quoad
397 1492 611 1574 obligationem
630 1471 834 1572 restituendi,
847 1493 1034 1577 distinguen—
1047 1497 1057 1512 ”
1096 1499 1100 1504 ’

67 1581 141 1646 dum
155 1588 222 1645 est:
238 1583 284 1646 vel
297 1601 351 1666 per
363 1582 453 1645 talem
463 1582 657 1644 donationem
667 1581 893 1646 beneficiarius
886 1589 1036 1664 impotens

69 1670 201 1734 redditur
213 1669 252 1733 ad
266 1671 484 1734 restituendum
498 1669 705 1751 superfluum,
718 1675 751 1733 et
766 1678 839 1734 tunc
851 1672 1036 1752 probabilius

69 1759 219 1842 accipiens
231 1778 303 1822 cum
316 1759 409 1821 dubia
423 1757 482 1820 tide
496 1763 615 1820 tenetur
631 1757 669 1820 ad
682 1757 920 1830 restituendum,
930 1761 1035 1822 saltem

89 1855 183 1910 artem
194 1849 280 1928 juata
292 1847 530 1930 probabilitatem
543 1845 701 1908 contrariae
714 1845 869 1910 sententia
883 1865 893 1924 3
909 1846 947 1910 ad
962 1847 1035 1911 nihil
1112 1849 1113 1852 ’

66 1945 168 2000 autem
178 1937 300 2000 econtra
309 1936 494 2018 probabilihs
507 1939 660 1996 moeretur
668 1934 693 1996 si
703 1933 865 2016 accepisset
874 1953 945 1998 cum
956 1935 1036 2000 bono

68 2023 138 2102 fide,
153 2031 187 2087 ut
199 2023 292 2086 videri
306 2031 403 2106 potest
415 2023 496 2104 apud
508 2022 675 2104 Theologos
688 2021 720 2084 in
733 2027 831 2086 Tract.
846 2023 884 2086 da
896 2024 1035 2102 lustitirt;

69 2113 112 2176 rel
127 2111 335 2174 beneficiarius
349 2129 411 2174 non
422 2111 555 2174 redditur
569 2111 730 2192 impotens,
745 2115 861 2175 altune
873 2113 1034 2194 accipiens,

71 2201 142 2264 nihil
155 2208 273 2264 tenetm
287 2201 460 2277 restituere,
476 2200 546 2281 quia
559 2199 677 2260 donans
690 2205 829 2281 potestat
848 2199 937 2264 debet
951 2203 1035 2264 satis·
1127 2235 1128 2238 ι

70 2289 176 2368 locere,
192 2296 222 2351 et
234 2290 259 2351 si
274 2307 335 2352 non
347 2287 436 2351 iaciat
453 2288 532 2350 illius
546 2287 666 2350 malitiae
680 2293 726 2350 ast
739 2287 961 2370 imputandum.

106 2381 197 2440 5136.
209 2409 247 2426 ·-
261 2379 292 2439 2⁰
302 2377 408 2450 Quoad
423 2383 580 2458 peccatum
594 2376 624 2437 in
641 2377 788 2438 sententia
800 2377 943 2457 probabili
954 2380 1036 2459 qudd

67 2467 201 2544 donatio,
216 2466 344 2542 incasu,
360 2483 421 2526 non
432 2471 477 2527 est
489 2463 746 2542 contrajustitiam
757 2465 985 2526 controvertitur
998 2488 1035 2528 an

67 2556 97 2618 in
120 2554 177 2618 bac
198 2553 355 2636 hypothesi
376 2559 532 2634 peccatum
556 2551 724 2613 committat
746 2551 896 2632 accipiens
911 2570 919 2613 ι
934 2552 1038 2616 dicunt

68 2647 209 2706 hlamotta
231 2651 261 2704 et
278 2642 411 2704 Sanchez
430 2659 501 2704 cum
519 2639 583 2702 aliis
609 2637 713 2701 adesse
730 2645 886 2720 peccatum
901 2641 932 2702 in
946 2660 1037 2721 cusu,

68 2733 139 2816 quia
151 2729 301 2812 accipiens
314 2735 491 2811 cooperatur
504 2733 626 2810 peccato
643 2727 784 2789 donantis
797 2734 902 2790 contra
914 2729 1036 2811 religio·

68 2839 141 2884 nem
154 2825 205 2882 aut
218 2818 391 2881 charitatem
404 2838 413 2895 ;
427 2817 479 2880 sed
494 2816 677 2900 probabilius
688 2815 760 2880 dicit
772 2817 805 2880 S.
821 2817 942 2898 Liguor.
957 2819 1036 2880 aeci·

68 2909 202 2991 piantem
223 2907 255 2969 in
277 2906 353 2969 lacta
374 2905 531 2989 hypothesi
554 2923 616 2968 non
638 2921 783 2987 peccare,
812 2921 911 2987 neque
934 2913 1039 2970 contra

68 2998 259 3078 religionem,
279 3013 378 3078 nequa
392 3007 496 3058 contra
509 2991 694 3057 charitatem.
708 2995 824 3056 -Non
843 3000 946 3058 contra
968 2996 1038 3060 reli·

68 3087 191 3168 gionem
205 3085 276 3166 quia
290 3102 343 3166 per
356 3083 536 3146 ablationem
549 3082 592 3144 rei
607 3082 724 3146 donata
733 3089 889 3166 peccatum
901 3102 1040 3150 consum·

69 3181 186 3252 matur,
205 3172 340 3255 nihilque
353 3172 474 3234 malitiae
487 3171 515 3234 ei
529 3170 702 3254 superaddit
714 3173 877 3254 acceptatio
891 3179 922 3237 at
943 3181 1040 3238 reten-

68 3266 122 3324 tio.
138 3263 296 3344 -Neque
316 3267 420 3323 contra
432 3259 629 3337 charitatem,
647 3259 764 3322 ratione
781 3261 884 3324 damni
899 3262 982 3344 quod
1002 3282 1040 3327 ax

68 3352 119 3413 illa
133 3351 295 3412 donatione
310 3349 492 3432 pauperibus
504 3347 644 3426 obvenit,
659 3347 731 3428 quia
747 3348 875 3413 charitas
893 3369 954 3414 non
968 3354 1041 3415 obli·

68 3445 120 3522 gat
132 3439 172 3502 ad
184 3438 337 3502 vitandum
351 3437 497 3501 damnum
506 3437 640 3502 alienum
652 3455 724 3500 oum
737 3455 793 3502 suo
808 3437 916 3524 oequali
928 3439 1041 3506 incom-

67 3527 174 3591 modo.
187 3561 225 3574 -
239 3529 282 3606 (S.
299 3527 433 3608 lignun,
448 3525 501 3600 ib..
518 3546 549 3608 q.
564 3529 608 3606 8.)

108 3619 201 3679 5131.
216 3615 365 3692 orantur
376 3619 409 3677 h·
424 3617 471 3677 ho
489 3615 677 3697 superfluum
695 3615 845 3680 bonorum
865 3615 1042 3679 ecclesiasti-

850 3718 901 3782 Sl'
