2474 3946
412 201 496 248 uara
518 199 674 249 srcuuuus.
969 186 1028 246 285

57 302 331 365 excommunicatio
353 301 401 366 oui
419 302 505 365 tacite
520 305 624 384 nequit
644 304 780 380 occrtrri3
796 302 919 366 amissio
938 303 1032 366 bono-

57 407 121 452 rum
135 390 242 471 magni
257 393 424 469 momenti,
440 409 502 452 nou
515 394 587 453 verd
600 391 723 454 omissio
744 393 844 472 magni
865 392 958 468 lucri,
975 392 1031 456 nisi

59 487 168 542 metum
190 498 297 562 passus
312 480 362 558 ius
381 479 418 542 ad
440 479 513 543 illud
535 479 660 556 habeat,
681 488 732 543 aut
753 482 809 542 nisi
829 480 867 543 ab
888 481 938 542 illo
952 480 1030 543 ohti-

60 567 152 628 nendo
168 569 281 646 injuste
295 569 486 648 impediatur.
501 571 544 646 (S.
561 569 697 650 Liguor„
713 569 764 630 lib.
780 573 810 646 6,
822 579 855 630 n·
870 571 971 644 4048.)

96 659 180 718 tata.
199 655 319 719 Sufficit
336 657 426 720 etiam
445 658 470 720 si
493 657 610 720 malum
630 657 773 719 timeatur
794 659 938 738 proximis
958 677 1031 720 con·

60 743 161 821 junctis
171 745 237 806 sive
250 745 501 826 consanguineis,
512 749 573 809 sive
583 746 723 808 atlinibus
735 765 831 828 usque
841 745 879 808 ad
889 753 1032 827 quartum

63 832 198 912 gradum3
215 833 249 895 id
259 833 349 896 etiam
363 835 533 898 extenditur
546 835 584 898 ad
599 834 743 912 famulos,
759 854 796 898 ex
809 853 876 916 cap.
894 835 1031 911 Quicum·

62 939 120 999 que,
140 921 174 984 de
186 929 313 985 sentent.
333 942 485 999 excomm„
507 925 538 986 in
559 928 602 1000 6⁰;
619 929 698 986 etex
714 924 806 985 Clem.
825 927 838 984 t
855 922 913 1002 ,dc
925 941 1031 984 occasa.

62 1009 185 1089 pietat:
214 1010 270 1073 sed
296 1012 459 1092 requiritur
487 1018 522 1076 ut
543 1013 658 1074 malum
681 1011 845 1094 prudenter
871 1012 1032 1090 timeatur,

62 1104 89 1158 et
99 1106 229 1180 nequeat
243 1100 330 1162 aliter
344 1101 459 1163 evitari.
475 1103 517 1179 (S.
533 1103 667 1182 Liguor.,
683 1101 735 1164 lib.
747 1104 778 1176 6,
789 1100 935 1172 n⁰·l0l't.l
1055 1117 1057 1124 ’

96 1189 183 1250 tata.
200 1190 377 1270 Requiritur
397 1195 430 1252 2·
444 1195 478 1252 ut
498 1195 596 1252 metus
610 1191 647 1252 sit
668 1191 705 1252 ab
719 1190 903 1266 extrinseco,
921 1207 974 1250 seu
995 1187 1033 1250 ab

64 1271 193 1356 homine,
215 1279 404 1358 quicumque
423 1277 462 1340 sit
475 1279 525 1340 illc
538 1277 648 1356 homo,
664 1278 755 1340 etiam
775 1283 950 1352 extraneum
971 1295 1032 1338 non

63 1363 165 1425 sufficit
177 1371 283 1428 autem
293 1373 326 1428 ut
335 1367 373 1428 sit
380 1365 418 1428 ab
433 1367 607 1444 intrinseco,
619 1385 687 1448 ug.
699 1365 843 1440 anarbo,
854 1364 1032 1446 naufragio,

64 1451 163 1514 timore
186 1454 298 1516 interni
316 1472 325 1516 a
341 1455 382 1517 ita
395 1455 617 1532 cummuniter;
641 1472 712 1516 nam
734 1453 777 1516 sio
795 1454 907 1517 timens
930 1454 1033 1516 matri·

64 1541 194 1603 monium
209 1543 305 1604 libere
321 1542 414 1624 eligit.

113 1635 201 1692 tart.
214 1632 390 1713 Requiritur
404 1637 435 1695 3⁰
450 1638 483 1694 ut
497 1639 595 1696 metus
605 1633 714 1712 injuste
723 1633 884 1696 incutiatur
893 1632 931 1694 ad
941 1631 1034 1693 finem

67 1720 292 1782 matrimonium
306 1720 500 1782 contrahendi
517 1739 525 1782 ε
541 1721 581 1782 ita
595 1721 686 1782 etiam
699 1721 902 1784 communiter
915 1739 952 1781 ex
966 1735 1032 1800 cap.

69 1804 279 1884 dialecti-met
291 1827 357 1890 cap.
382 1810 520 1887 Veniens,
536 1809 571 1870 de
588 1829 695 1890 spons„
716 1815 788 1886 eta,
809 1827 900 1890 supra
918 1807 1032 1870 citatis:

68 1895 134 1956 ratio
147 1904 194 1958 est
205 1899 280 1979 quia
292 1898 377 1960 aliter
391 1899 621 1960 matrimonium
636 1916 696 1958 non
709 1904 787 1958 esset
800 1896 923 1960 ellectus
936 1899 1035 1959 mettis

69 1981 223 2057 injusti-
238 1984 326 2048 Unde
340 1986 364 2047 si
384 1992 468 2067 pater
488 1987 618 2048 minaret
640 1993 769 2048 mortem
790 1985 947 2067 stupratori
972 2004 1034 2048 suae

69 2065 127 2132 liliau
156 2073 213 2135 nisi
235 2074 318 2136 illam
341 2075 483 2153 duceret,
499 2075 727 2138 matrimonium
750 2075 915 2138 invalidum
937 2073 1031 2152 ioret;

69 2175 146 2220 secus
163 2164 234 2224 uerd
258 2162 283 2224 si
297 2163 497 2226 comminaret
513 2171 643 2226 mortem
657 2165 756 2226 solirm
774 2163 812 2226 ad
830 2162 1034 2226 ulciscendam

70 2244 222 2330 iniuriam,
238 2259 271 2313 et
289 2258 456 2333 struprator
476 2251 560 2314 adse
583 2253 772 2316 libe-randum
793 2254 882 2315 iniret
903 2254 1031 2334 nuptias.

69 2333 135 2398 ltam
153 2340 287 2402 validum
306 2347 385 2420 esset
402 2341 629 2404 matrimonium
644 2343 668 2404 si
686 2343 777 2421 judex
796 2341 960 2405 includeret
975 2349 1035 2404 stu·

72 2434 210 2500 pretorem
226 2431 258 2490 in
272 2447 424 2492 carcerum
438 2437 472 2492 ut
490 2430 621 2511 puellam
639 2430 746 2508 ducat,
761 2431 806 2492 uel
827 2430 908 2491 dotet
921 2479 929 2508 ,
943 2437 973 2492 et
986 2431 1035 2492 ille

73 2517 441 2600 niatrimoniumeligerat3
457 2537 544 2581 secus
557 2520 581 2581 si
594 2519 685 2598 iudex
699 2519 835 2580 absolute
849 2520 936 2580 vellet
949 2519 1035 2580 illum

73 2615 168 2680 cogere
191 2607 227 2668 ad
253 2607 386 2687 puellam
408 2607 600 2686 ducendam,
625 2607 680 2670 nisi
704 2613 854 2686 stuprator
877 2607 968 2669 nollet
990 2607 1035 2668 rel

74 2703 127 2752 uon
139 2703 234 2770 posset
255 2696 314 2757 alia
327 2696 373 2757 vit
396 2696 544 2759 damnum
565 2696 718 2758 resarcire.
740 2693 812 2755 Vide
832 2696 931 2773 capt
955 2699 985 2754 ct
998 2697 1035 2770 2,

75 2773 113 2836 De
125 2780 224 2846 Adult.
242 2784 289 2866 (S.
307 2785 442 2865 liguum,
458 2786 510 2847 lib.
526 2789 557 2862 6,
573 2793 606 2847 n⁰
622 2786 724 2862 tuta.)

79 2949 84 2961 .
111 2867 243 2934 validum
264 2873 374 2954 pariter
388 2875 445 2935 erit
466 2872 695 2936 matrimonium
713 2871 738 2933 si
756 2868 832 2933 dum
853 2871 962 2952 aliquis
981 2869 1038 2933 luit

3 3039 4 3046 ἵ
77 2953 344 3048 iniusttdamnatus
357 2961 394 3024 ad
409 2969 539 3024 mortem
549 2967 580 3023 et
589 2978 753 3036 carcerem,
763 2961 868 3023 tertius
880 2962 953 3040 (non
966 2961 1037 3022 verd

79 3041 168 3122 ludex)
182 3048 288 3112 offerat
300 3050 327 3112 ei
342 3050 549 3114 liberationem
563 3050 587 3111 si
602 3049 696 3111 filiam
709 3049 803 3130 ipsius
817 3049 921 3112 ducat:
932 3049 1037 3112 tertius

3 3135 5 3142 '
81 3128 150 3224 euim
172 3135 220 3199 itte
245 3157 307 3200 non
331 3145 447 3201 metum
465 3139 575 3218 infert,
597 3137 650 3200 sed
670 3139 771 3220 potius
793 3137 880 3201 offert
902 3137 1035 3202 medium

81 3221 177 3283 ulandi
192 3233 317 3290 metum.
331 3229 373 3300 (S.
389 3229 526 3310 Lignum,
538 3227 590 3291 lib.
606 3230 637 3304 6,
647 3239 680 3288 n⁰
696 3229 797 3306 1050.)

94 3389 99 3400 Ι
114 3307 142 3367 Si
156 3316 221 3376 uero
235 3317 304 3396 quis
318 3317 423 3380 luisset
433 3319 513 3397 Juste
526 3315 564 3378 ad
578 3323 709 3378 mortem
726 3318 887 3380 damnatus
900 3318 1036 3399 probabi·

84 3386 133 3488 trias
161 3417 218 3463 non
242 3404 361 3468 irritum
388 3411 467 3469 esset
491 3405 739 3484 matrimonium,
767 3407 883 3468 etiamsi
911 3409 1037 3487 ipsemet

83 3480 161 3554 ludex
174 3490 288 3555 otlerret
298 3495 324 3556 ci
336 3495 543 3558 liberationem
555 3499 590 3556 eta
600 3493 773 3556 conditione
784 3502 816 3558 ut
827 3495 919 3556 tiliam
929 3496 1035 3557 ducat:

2 3608 6 3618 ·
87 3568 187 3654 ahoe,
200 3587 320 3660 propter
331 3584 470 3648 eamdem
479 3585 642 3670 rationem,
658 3601 769 3656 nempe
781 3584 853 3662 quia
866 3589 939 3645 tuac
946 3583 1037 3659 judex
