2474 3946
185 123 244 186 att)
406 136 544 184 nanurar
564 134 665 182 rorrus
685 135 766 182 auara
787 130 937 184 aaronica

185 253 268 298 merc
286 237 514 298 matrimonium
536 236 567 297 iu
590 236 670 297 linet
692 233 874 310 collaterali,
894 233 986 296 etiam
1006 233 1038 296 in
1060 233 1157 315 primo

185 323 295 404 gradu:
312 323 394 386 uude
410 323 578 387 Alexander
585 327 624 386 Vl
632 322 781 386 concessit
793 321 985 384 Emmanuali
998 323 1157 386 Lusitania

185 413 259 493 Regi
272 411 348 474 duas
362 413 576 494 Hispaniarum
591 413 680 494 Regis
695 411 771 474 filias
784 409 954 494 successiva
963 410 1075 474 babere
1090 431 1159 475 uxo·

180 519 243 572 res.
260 503 335 562 Item
348 500 448 564 tutius
461 503 486 564 ll
501 501 632 565 Henrico
647 501 711 562 Vlil
731 499 806 582 Regi
826 499 995 581 anglorum
1012 501 1159 564 concessit

96 613 100 622 ·
184 596 219 651 ut
233 589 422 652 catharinam
433 588 531 653 fratris
545 591 590 656 sui
607 587 728 652 ttrtburi
738 587 859 650 viduam
872 588 995 652 duceret
1006 589 1069 652 asic
1081 607 1160 672 saepe

184 677 273 740 hodie
288 677 460 758 huiusmodi
474 678 712 762 dispensationes
733 696 789 760 pro
807 677 902 740 Gallia
914 679 932 740 b
946 678 978 752 S.
994 676 1074 742 Sede
1086 693 1159 742 eon·

184 766 344 830 ceduntur.

224 859 314 920 l285.
339 857 445 930 Quoad
467 859 538 922 verb
552 857 664 920 lineam
678 859 807 929 recum,
824 860 858 919 ut
878 855 1032 918 moraliter
1044 861 1160 919 certum

158 987 161 992 -
185 942 287 1007 baberi
302 952 400 1028 potest
408 946 583 1009 affinitatem
596 966 657 1008 non
666 945 808 1008 dirimere
817 943 1043 1007 matrimonium
1051 963 1090 1007 cx
1094 947 1160 1026 jure

186 1034 330 1111 naturali,
345 1035 371 1097 si
394 1036 528 1116 primum
549 1035 677 1118 gradum
700 1033 846 1116 excipias3
862 1031 944 1108 imo,
960 1051 1018 1095 nec
1035 1037 1180 1116 excepto'

185 1123 284 1202 primo
298 1123 409 1204 gradu,
425 1124 450 1186 si
462 1131 568 1204 agatur
581 1123 620 1186 dc
633 1121 775 1185 affinitate
788 1140 824 1184 ex
840 1121 948 1203 copula
962 1119 1080 1196 illicita,
1089 1125 1162 1186 cirm

186 1211 216 1272 S.
234 1211 327 1274 Sedes
341 1212 371 1273 in
386 1231 422 1274 eo
436 1211 598 1293 aliquando
612 1211 784 1293 dispenset:
802 1209 826 1272 si
841 1209 911 1272 verb
925 1215 1031 1290 agatur
1044 1209 1084 1272 de
1097 1211 1162 1274 affi-

186 1298 276 1362 nitate
290 1319 326 1362 ex
341 1302 450 1382 copula
464 1300 542 1362 licittt
557 1299 587 1360 in
603 1299 702 1381 primo
715 1299 809 1382 gradu
822 1347 830 1376 ,
845 1297 1014 1380 disputatur
1028 1317 1037 1360 a
1057 1301 1162 1363 «Pro-

184 1408 199 1444 »
225 1387 425 1466 habilissime,
452 1389 550 1469 inquit
573 1389 685 1451 Bened.
701 1391 768 1451 XlV
795 1389 850 1465 (Dc
863 1387 953 1468 Syos,
971 1386 1023 1449 lib.
1038 1392 1077 1467 9,
1092 1408 1160 1472 cap.

185 1496 199 1532 a
225 1478 274 1552 13,
287 1484 320 1536 n·
335 1477 385 1555 tv)
398 1524 406 1552 ‚
419 1485 557 1539 auctores
570 1475 675 1538 dicunt
689 1475 803 1538 nullam
817 1474 1002 1552 affinitatem,
1014 1493 1079 1538 non
1095 1495 1162 1541 eam

183 1584 199 1621 a
225 1563 348 1646 quidem
364 1583 433 1647 quaa
447 1565 536 1627 estin
556 1565 654 1648 primo
677 1564 773 1647 gradu
792 1564 1001 1642 trasancos,
1017 1564 1163 1632 dirimere

185 1673 199 1711 a
224 1653 452 1717 matrimonium
465 1655 533 1735 jure
548 1653 810 1732 naturae,sedjure
819 1655 935 1715 tantiam
945 1653 1161 1734 ecclesiastico,

184 1763 199 1800 a
224 1749 254 1805 et
267 1749 488 1826 consequenter
502 1761 593 1825 super
607 1760 644 1806 eo
658 1742 890 1825 impedimento,
911 1742 1097 1824 gravissimis
1110 1765 1162 1808 ur·

57 1913 59 1917 ¹
184 1853 199 1890 a
225 1832 364 1912 gentibus
378 1832 496 1911 causis,
513 1851 601 1914 posse
624 1833 640 1894 b
664 1831 810 1894 Pontifice
823 1829 1001 1912 dispensari.
1019 1835 1057 1894 tlt
1072 1835 1162 1915 quid·

184 1942 200 1978 a
224 1921 297 2002 qnid
320 1922 359 1984 sit
378 1921 416 1984 de
439 1927 602 2002 potestate,
626 1921 645 1983 a
663 1920 753 1982 simili
771 1919 1015 2002 dispensatione,
1030 1923 1162 1986 Romani

184 2030 199 2068 a
225 2009 396 2087 Pontifices,
408 2010 462 2072 etsi
474 2009 585 2090 pluries
598 2010 709 2090 rogati,
723 2009 966 2071 abstinuerunt.»
977 2013 1162 2075 -Attamen

184 2097 267 2176 juxta
289 2097 469 2159 Collatorem
490 2097 738 2177 andegavensem
760 2097 858 2176 (ibid,
873 2117 904 2178 p.
928 2099 1001 2178 394)
1023 2101 1077 2180 qui
1092 2103 1165 2164 citat

185 2184 317 2248 sanchez
330 2193 359 2246 et
374 2186 528 2262 Pontium,
548 2187 617 2248 aLe
639 2189 769 2268 Papa...
795 2186 935 2269 dispenso
958 2187 1001 2251 les
1023 2187 1164 2254 infideles

186 2295 199 2333 v
224 2274 372 2336 convertis
386 2273 438 2356 qui
454 2293 486 2336 se
499 2281 639 2337 trouvent
653 2276 762 2338 marles
775 2275 852 2338 dans
874 2276 902 2340 le
922 2276 1054 2358 premier
1067 2277 1164 2362 degrc

184 2385 199 2422 a
224 2361 387 2440 deliniti,
404 2361 554 2445 lorsqu’ils
576 2364 650 2427 l'ont
671 2382 714 2446 pu
736 2364 809 2428 faire
831 2383 887 2448 par
902 2365 944 2428 les
958 2365 1014 2429 lois
1027 2365 1067 2428 de
1080 2368 1165 2431 leurs

185 2473 199 2511 a
225 2469 298 2534 pays
311 2471 347 2514 a:
364 2451 445 2534 quod
460 2454 542 2515 certe
562 2454 706 2536 supponit
723 2453 829 2516 saltem
844 2454 997 2536 probabile
1015 2473 1082 2519 esse
1095 2459 1164 2520 affi-

187 2541 310 2604 nitatem
324 2541 356 2603 iu
371 2543 470 2624 primo
484 2541 580 2623 gradu
594 2542 683 2604 linea
697 2551 786 2606 recta
801 2561 862 2605 non
883 2561 948 2606 essa
962 2544 1165 2626 impedimen-

184 2636 249 2694 tum
263 2632 338 2712 juris
353 2631 505 2694 naturalis.
517 2633 554 2692 V.
566 2631 655 2694 etiam
665 2630 797 2714 Carriere
807 2633 862 2710 (De
873 2633 1064 2720 Matrim.,u‘
1077 2641 1162 2716 846).

223 2726 313 2786 4286.
337 2722 368 2784 Si
383 2721 573 2802 conjurarem
587 2720 694 2782 habeat
707 2739 777 2784 cum
787 2723 1011 2803 consanguinea
1021 2725 1164 2808 conjugis

185 2831 247 2876 suae
261 2860 268 2890 ,
284 2812 363 2873 intra
376 2809 544 2873 secundum
561 2808 688 2891 gradum
711 2809 798 2872 lineae
820 2810 910 2873 etiam
930 2819 1037 2890 rectae,
1053 2822 1085 2877 et
1097 2817 1164 2880 vice

184 2902 290 2975 versa,
306 2899 490 2962 contrahitur
504 2897 629 2981 quidem
642 2897 770 2960 affinitas
783 2917 854 2962 cum
874 2899 940 2982 ipsa
953 2904 1100 2984 conjuge,
1120 2905 1163 2967 ita

186 2993 219 3051 ut
234 3007 295 3050 non
309 2987 404 3069 possit
416 2989 528 3068 conjux
543 3006 612 3051 reus
626 2987 705 3050 licite
721 2993 823 3069 petere
835 2987 973 3053 debitum
987 2992 1161 3074 conjugale,
1228 2995 1229 3000 ’

185 3075 236 3138 sed
245 3083 402 3157 propterea
411 3089 472 3137 non
486 3075 656 3139 dissolvitur
669 3077 910 3156 matrimonium,
926 3085 959 3142 ut
966 3079 1089 3144 evidens
1103 3090 1160 3160 est,

184 3171 256 3227 cum
271 3165 309 3226 sit
323 3163 547 3226 indissolubile:
563 3165 683 3246 capsi
696 3165 780 3247 qais,
795 3165 830 3228 de
844 3186 875 3228 eo
888 3169 942 3251 qui
954 3171 1089 3250 copnoor't
1101 3187 1116 3248 ‚·
1129 3171 1162 3233 in

185 3251 243 3316 hoc
257 3252 380 3336 quidam
394 3253 526 3334 capitulo
540 3254 639 3336 agitur
652 3257 769 3317 tantbm
792 3253 830 3317 de
850 3259 949 3338 primo
963 3259 1059 3339 gradu
1074 3259 1163 3323 linoae

129 3413 133 3424 q
184 3347 274 3405 rectae
285 3341 362 3419 ;sed
377 3341 459 3411 oubd
474 3343 724 3426 impedimentum
739 3344 930 3408 matrimonio
945 3350 1163 3428 superveniens

184 3431 306 3496 extermi
319 3429 428 3494 debeat
439 3431 476 3494 ad
491 3432 659 3495 seeundum
673 3432 820 3514 gradum,
836 3433 962 3498 babetur
976 3451 1014 3498 ex
1026 3435 1163 3501 declara-

185 3517 267 3583 tione
282 3521 406 3604 Gregor.
423 3521 500 3600 Xlll,
516 3519 567 3581 ubi
580 3519 707 3585 dicitur:
718 3543 735 3581 a
747 3523 799 3585 SS.
812 3523 849 3586 li.
862 3526 899 3585 tt.
911 3525 1075 3606 Gregorius
1083 3527 1160 3605 Xlll,
