2462 3972
229 185 286 246 on
447 201 582 248 canuam
602 201 702 248 rorrrs
723 202 805 247 tonis
827 202 975 248 casorrcr.

227 318 243 358 ι
268 295 431 378 penalibus,
447 298 545 381 inquit
558 301 619 360 Leo
638 302 664 360 X
681 300 712 360 in
725 299 850 362 constit.
869 300 1026 376 Superas,
1042 297 1074 361 in
1087 300 1178 364 Conci.

227 405 242 446 a
266 387 401 448 Lateran.
418 389 455 464 V,
476 387 516 449 ita
535 388 664 450 ministri
679 387 732 450 Dei
752 387 784 449 in
805 387 1031 470 spiritualibus,
1046 395 1076 449 ct
1094 391 1181 472 sicper

227 495 241 534 ι
266 474 324 537 hoc
334 475 416 556 qudd
432 478 493 538 Deo
508 477 539 538 in
554 476 759 558 spiritualibus
773 477 959 554 ministrant,
971 493 1182 560 recompensant

226 581 241 620 a
265 564 328 644 regi
343 563 425 644 quod
439 583 494 645 pro
508 567 615 626 'eorum
630 583 703 646 pace
717 564 842 626 laborat.
857 587 872 624 a
891 567 988 646 Ergo,
1006 572 1065 628 etc.

265 650 360 731 Objic.
376 656 409 713 2⁰
422 653 489 714 Duo
503 652 633 734 capitula
644 653 721 732 juris
733 671 740 713 :
751 652 890 715 videlicet
900 671 928 716 c.
940 651 979 714 Si
994 653 1135 714 trtdmma
1144 657 1181 732 n,

225 757 316 804 musa
329 742 379 817 xl,
395 759 426 821 q.
444 744 473 819 t,
489 740 570 822 quod
585 741 628 802 sic
641 739 750 802 habet:
770 741 832 802 «Si
845 740 995 804 tributum
1016 743 1090 822 petit
1101 744 1184 823 tmpe-

225 849 241 888 a
266 833 364 907 rator,
380 848 444 891 non
458 847 606 910 negamus
623 848 629 889 :
644 829 715 910 apri
728 827 871 891 Ecclesia
883 828 999 891 soleant
1014 831 1182 907 tributim„

226 922 257 978 et
269 935 337 999 cap.
356 917 522 994 Tribunum,
533 921 681 995 causaEE,
692 937 724 1000 q.
739 921 770 996 8,
783 917 886 999 inquo
899 917 1011 980 dicitur
1024 937 1033 980 τ
1048 919 1184 981 uDeertc

227 1027 242 1066 a
267 1005 398 1070 rioribus
425 1006 487 1068 suis
514 1024 582 1087 quae
608 1005 712 1087 palam·
736 1007 854 1069 cunctis
880 1013 1050 1088 apparent,
1073 1007 1186 1070 mosa

228 1115 243 1154 ι
267 1092 564 1158 tributumredditn
583 1097 683 1175 Ergo,
698 1099 756 1158 etc.

267 1186 358 1266 llesp.
382 1183 490 1244 Primis
511 1183 642 1258 saeculis,
665 1184 799 1246 Ecclesia
821 1183 953 1246 solvebat
974 1182 1139 1254 tributum,
1158 1185 1188 1246 eb

229 1273 312 1354 quod
330 1272 424 1354 ipsius
438 1271 591 1354 privilegia
615 1270 754 1335 nondum
774 1279 860 1334 erant
881 1273 1004 1352 agnita,
1023 1272 1103 1336 sicut
1118 1273 1188 1334 subit

229 1359 381 1436 Christus,
396 1365 428 1424 ct
439 1361 497 1423 hoc
519 1365 643 1442 propter
661 1359 890 1438 necessitatem,
912 1377 976 1421 non
994 1363 1069 1424 rerd
1086 1369 1190 1444 proper

226 1447 373 1512 debitum.
389 1451 502 1512 Revera
519 1449 611 1512 verba
625 1449 734 1531 prioris
750 1449 873 1530 capituli
891 1449 985 1511 modd
999 1449 1119 1530 allegati
1134 1457 1192 1512 sunt

227 1537 258 1600 S.
283 1536 448 1614 Ambrosii3
468 1555 506 1600 ex
525 1537 636 1619 quibus
653 1537 858 1618 colligendum
879 1537 1049 1600 Ecclesiam
1070 1537 1192 1601 nondum

227 1625 393 1690 obtinuisse
401 1633 475 1690 tuno
484 1625 733 1708 sprincipibusut
741 1626 1046 1708 agnoscerentipsius
1059 1627 1191 1691 immuni·

227 1720 319 1778 tatem
330 1714 431 1798 quoad
441 1715 567 1792 tributa;
579 1715 631 1778 sed
644 1733 681 1777 cx
691 1715 788 1777 verbis
801 1734 868 1798 cap.
879 1715 918 1777 Si
934 1713 1096 1777 Tridatum
1108 1717 1193 1797 colligi

228 1804 332 1886 nequit
356 1806 387 1866 S.
408 1803 601 1866 Ambrosium
615 1803 770 1866 admisisse
788 1803 1008 1886 legitimitatem
1021 1805 1194 1868 tributorum

227 1892 327 1975 quoad
341 1893 505 1955 Ecclesiam
522 1911 529 1952 ι
544 1891 673 1954 dicendo
686 1892 770 1954 enim
786 1911 793 1953 :
813 1893 907 1973 «agri
925 1892 1073 1956 Ecclesiae
1090 1895 1197 1956 solmut

228 1981 375 2044 tributum
386 1981 499 2045 lactum
512 1981 635 2054 asserit,
651 1999 713 2043 non
724 1981 776 2059 jus
789 1979 951 2044 confitetur
961 2027 969 2054 ‚
981 1981 1086 2062 inquit
1099 1985 1197 2045 suarez

227 2069 357 2150 (Defens.
373 2070 455 2152 fidei,
471 2069 523 2132 lib.
538 2073 569 2147 l,
579 2087 606 2132 c.
622 2070 682 2145 El).
700 2070 782 2131 Sicut
795 2067 834 2131 de
849 2070 1000 2131 bonomm
1008 2073 1196 2153 usurpatione

227 2155 307 2218 idem
317 2159 358 2219 ait
372 2177 380 2217 ε
401 2180 416 2216 u
430 2159 461 2220 Si
471 2175 559 2240 agros
573 2156 912 2238 desideratlmperator,
923 2164 1105 2238 potestatem
1119 2157 1195 2220 balet

227 2265 242 2304 a
267 2245 555 2310 vindicandorum...
571 2245 654 2308 tollat
667 2264 739 2324 eos,
754 2247 779 2308 si
795 2245 914 2307 libitum
926 2251 998 2308 esta
1013 2270 1023 2318 ;
1039 2245 1092 2310 sed
1103 2247 1190 2309 datin

227 2333 418 2415 superaddit:
433 2335 629 2416 «imperatori
639 2352 702 2395 nou
715 2332 796 2395 dono
807 2380 815 2410 ‚
827 2333 880 2395 sed
894 2351 958 2396 non
973 2352 1065 2417 nego.
1076 2355 1094 2394 ι
1106 2335 1141 2394 E.
1153 2331 1188 2392 dc

225 2419 280 2496 ll„
292 2431 364 2486 tom.
383 2427 412 2500 2,
424 2443 455 2504 p.
472 2427 540 2488 383.

261 2503 402 2568 Alterum
416 2511 521 2568 autem
542 2501 737 2586 capitulum.
753 2504 865 2566 incerti
885 2503 1039 2576 auctoris,
1057 2500 1200 2562 tribuitur

223 2595 314 2677 Papae
342 2593 468 2658 Urbano
491 2595 514 2671 1,
540 2593 594 2676 qui
629 2593 708 2656 vixit
735 2594 880 2657 nondum
920 2610 1000 2674 paco
1043 2587 1201 2653 Ecclesia⁴

227 2680 364 2743 reddita:
380 2679 471 2762 porro
484 2679 596 2740 mirum
611 2695 673 2739 non
686 2684 731 2739 est
744 2678 826 2758 quod
840 2683 913 2738 tunc
927 2678 1114 2738 soluendum
1132 2677 1206 2736 toret

226 2769 373 2832 tributum
387 2767 425 2830 ab
438 2767 572 2831 Ecclesia
590 2785 645 2848 pro
659 2765 855 2828 exterioribus
873 2764 935 2826 suis
950 2763 1033 2826 bonis
1045 2764 1087 2826 ad
1099 2781 1203 2846 pacem

226 2857 422 2922 obtinendam
449 2875 457 2918 t
486 2873 588 2919 nonne
613 2855 741 2930 frustra,
768 2859 842 2918 tunc
864 2853 1032 2933 temporis,
1058 2871 1120 2915 sua
1140 2853 1204 2931 jura

225 2945 360 3010 Ecclesia
372 2945 558 3028 principibus
569 2942 781 3026 opposuisset?
794 2943 875 3022 Ergo
884 2959 922 3002 ex
931 2941 978 3002 bis
988 2941 1065 3002 nihil
1078 2947 1129 3003 est
1137 2959 1206 3002 osn-

225 3033 410 3097 cludendum
424 3041 529 3098 contra
540 3033 678 3115 superius
691 3029 831 3093 stabilita.

252 3124 354 3200 5287.
375 3123 494 3186 Dictum
514 3121 568 3184 luit
588 3121 618 3182 in
639 3118 841 3203 propositione
858 3115 1061 3199 reputatum,
1078 3117 1210 3200 quises

222 3208 379 3291 privilegio
396 3210 477 3273 bona
494 3209 636 3273 Ecclesia
652 3208 769 3270 tributis
787 3207 901 3289 gravari
916 3213 1061 3288 possunt,
1077 3215 1117 3270 ut
1130 3205 1212 3268 lortb

223 3297 348 3376 contigit
358 3299 539 3378 quibusdam
554 3300 586 3360 in
598 3297 671 3360 locis
684 3315 721 3359 ex
735 3297 930 3360 concessione
943 3297 975 3358 S.
993 3293 1095 3358 Sedis.

262 3387 351 3446 5288.
366 3386 488 3455 Quaerit.
500 3390 532 3447 l’
543 3391 591 3448 An
603 3385 641 3449 sit
648 3385 806 3466 disciplina
816 3389 897 3447 certa
908 3381 991 3465 qudd
1000 3383 1115 3446 omnia
1124 3382 1215 3448 bona

222 3469 437 3547 ecclesiastica,
452 3480 536 3536 extra
557 3491 661 3538 casum
675 3473 820 3555 privilegii
831 3472 965 3554 legitime
978 3471 1122 3549 obtanti,
1145 3473 1214 3535 sint

223 3559 370 3618 immunia
390 3558 428 3618 ab
448 3560 590 3622 oneribus
613 3562 631 3622 a
654 3567 798 3642 potestate
818 3559 953 3624 saeculari
980 3559 1172 3636 impositis?
