2416 3954
428 237 515 290 crana
535 235 692 288 arcannm.
984 231 1043 290 335

69 343 109 401 27
125 345 203 420 sept.
221 341 299 401 4755
316 337 428 402 Bened.
444 341 509 401 xlv
523 339 628 404 asserit
641 341 722 423 quod
740 341 915 421 hujusmodi
929 341 1049 425 dispen-

69 430 205 490 sationes
220 428 336 490 soleant
350 427 474 490 coneedi
487 431 502 490 a
514 431 657 492 Romanis
669 431 878 510 Pontificibus,
890 441 919 496 et
933 437 1046 516 (quest.

69 521 142 592 527)
157 516 255 579 dicit:
275 516 388 580 «nefas
408 524 454 580 est
474 516 612 582 dubitare
631 518 671 582 de
688 519 745 584 hac
759 529 904 603 potestate
918 524 950 586 S.
967 525 1048 585 Pon-

69 628 87 665 ι
110 605 246 668 tiliois.»

109 699 204 760 4450.
226 698 361 769 Onatuor
380 703 480 760 autem
496 699 686 762 conditiones
705 699 900 780 requiruntur
914 709 949 765 ut
968 701 1049 765 licite

69 785 303 848 matrimonium
320 786 525 850 convalidetuc
545 807 603 870 ope
622 787 854 870 dispensationis
873 790 905 850 io
924 791 1047 854 radice:

71 877 105 936 4ο
118 881 153 936 ut
166 875 393 937 matrimonium
409 893 470 937 non
484 875 574 939 fuerit
587 877 705 939 nullum
719 895 756 938 ex
774 878 840 957 jure
856 879 981 940 naturali
998 887 1050 942 aut

69 963 187 1042 diuino,
203 964 316 1046 quippe
330 964 461 1026 Ecclesia
472 967 576 1047 nequit
590 965 714 1028 allectus
727 966 831 1029 tollere
846 966 1050 1047 impedimen·

69 1059 174 1114 torurn
187 1071 257 1134 quae
271 1059 342 1114 sunt
351 1053 428 1133 juris
443 1056 585 1117 naturalis
599 1063 650 1118 aut
663 1055 773 1132 divini;
790 1061 822 1116 2⁰
833 1062 866 1118 ut
875 1056 1050 1133 coniunctio

69 1160 256 1223 sponsorum
271 1144 472 1204 extrinsecam
492 1143 598 1206 haheat
612 1145 744 1226 speciem
759 1145 829 1224 iusti
844 1145 1048 1206 matrimonii:

70 1249 130 1292 neo
144 1238 243 1312 potest
255 1230 392 1294 sufficere
415 1234 523 1313 copula
543 1234 700 1296 manifeste
724 1233 902 1310 fornicaria,
919 1241 951 1296 ut
966 1234 1051 1295 aiunt

70 1321 188 1382 Bened.
206 1323 270 1382 XIV
286 1322 352 1384 loeo
376 1321 468 1383 modd
490 1323 594 1392 citato.
612 1331 641 1386 et
659 1323 779 1386 Cardin.
798 1325 926 1404 Caprara
940 1323 970 1384 in
986 1325 1049 1383 lns·

68 1411 222 1472 tructione
245 1429 336 1492 supra
358 1415 525 1473 memorata
548 1417 658 1493 (4434,
683 1415 773 1490 040.);
789 1415 820 1474 3⁰
840 1419 872 1473 ut
885 1429 1050 1473 consensus

69 1500 232 1581 utriusque
254 1501 509 1580 perseveraverit:
527 1503 753 1563 matrimonium
780 1501 862 1564 enim
889 1500 1050 1562 consistere

70 1587 197 1670 nequit,
212 1587 263 1654 uhi
284 1589 374 1650 etiarn
389 1591 480 1651 unius
502 1591 519 1652 e
540 1591 787 1654 contrahentibus
807 1589 908 1652 deficit
921 1607 1049 1651 conseo-

69 1697 123 1743 sus
140 1697 148 1739 :
164 1677 382 1760 quamobrem,
399 1697 461 1740 non
475 1681 543 1740 rard
558 1679 694 1740 Pontifex
709 1680 801 1760 exigit
814 1679 844 1740 in
859 1678 1003 1758 rescripto
1017 1685 1051 1738 ut

69 1774 192 1830 constet
204 1767 243 1829 de
258 1769 462 1848 permanentia
486 1771 652 1830 consensus
666 1769 824 1849 utriusque
847 1767 1004 1848 conjugis3
1022 1775 1051 1827 et

68 1855 258 1919 obeamdem
269 1875 390 1920 causam
401 1857 566 1918 Cardinalis
576 1858 714 1935 Legatos,
724 1856 919 1919 concedendo
927 1855 1050 1937 Episco-

70 1949 119 2029 pis
134 1945 237 2008 Galliae
251 1945 421 2010 facultatem
435 1946 627 2028 dispensandi
640 1947 671 2006 in
685 1945 796 2023 radice,
805 1945 885 2008 hanc
895 1945 1051 2007 restrictio·
1093 1949 1095 1952 ’

72 2054 144 2099 nero
160 2035 346 2119 apponebat:
358 2057 410 2098 4...
420 2039 470 2097 430
481 2037 643 2116 Postquam
651 2043 752 2096 tamen
763 2053 816 2116 per
827 2034 1050 2097 induhiasduo-

71 2147 87 2185 n
111 2144 182 2188 rum
205 2126 310 2187 saltem
342 2125 462 2187 testium
496 2123 717 2204 depositiones,
752 2130 805 2186 aut
829 2143 882 2206 per
896 2127 1050 2187 renuentis

70 2236 87 2274 a
111 2214 301 2296 (contrahere
315 2233 417 2277 coram
433 2213 574 2296 parocho)
589 2213 794 2276 testimonium
807 2215 837 2275 in
852 2215 971 2294 seriptis
984 2232 1051 2275 exa·

71 2326 88 2365 c
113 2311 224 2382 ratum,
240 2310 290 2366 aut
305 2321 358 2384 per
372 2303 507 2383 ejusdem
522 2303 718 2365 assertionem
732 2305 822 2366 etiam
836 2312 979 2365 oretenus
993 2302 1051 2364 fee-

72 2416 88 2454 4
112 2401 174 2456 tarn
197 2393 253 2474 ipsi
276 2393 433 2456 ordinario
456 2392 517 2454 sive
537 2393 621 2454 alteri
645 2393 787 2455 Ecclesiae
810 2411 948 2473 personae
962 2390 1000 2452 ab
1014 2410 1052 2453 eo

73 2507 89 2544 4
112 2482 283 2566 specialiter
305 2481 475 2563 deputatae,
497 2487 526 2542 et
541 2481 571 2542 in
586 2481 704 2562 seriptis
718 2481 817 2541 statim
837 2478 1050 2559 redigendam,

73 2595 89 2632 4
112 2571 299 2646 constiterit,
315 2589 378 2632 non
392 2570 492 2632 solhm
505 2575 685 2631 renuentem
701 2569 730 2630 in
751 2585 902 2628 consensu
921 2565 959 2625 de
975 2585 1051 2644 prae-

74 2685 89 2722 0
112 2661 388 2742 seotipermanere‚
400 2659 452 2720 sed
463 2659 632 2734 etiam,etc.
650 2681 665 2717 0
679 2677 687 2734 ;
703 2664 836 2718 attamen
846 2657 878 2713 P.
892 2654 972 2731 Gury
982 2652 1053 2712 dicit

73 2751 154 2836 quod
164 2751 267 2832 plures
281 2767 342 2811 non
356 2747 513 2810 admittant
524 2746 731 2809 necessitatem
741 2740 971 2826 perseverantiae
985 2757 1053 2800 ooo·

74 2845 198 2916 sensim
209 2836 806 2919 tlutadsiturgensetgravissimaeausa:
816 2831 855 2892 ita
869 2827 977 2890 Bened.
987 2831 1053 2890 XlV

75 2932 130 3010 (lle
141 2931 235 3013 Syn,
251 2927 301 2990 lib.
314 2931 364 3006 43,
378 2946 406 2990 0.
418 2929 470 3000 33,
486 2937 520 2986 44ο
536 2925 612 3005 llll);
629 2922 737 2984 suflicit
752 2928 854 2983 40444044
869 2919 950 3001 qood
962 2919 1054 3000 impe·

74 3021 245 3084 dimantum
260 3018 314 3080 uni
329 3019 404 3100 parti
421 3023 527 3078 notum
540 3061 549 3093 ,
564 3013 648 3075 alteri
663 3013 728 3074 sine
740 3011 879 3093 gravibus
890 3009 1056 3070 incommo-

75 3109 121 3173 dis
136 3107 323 3171 mamlestari
338 3113 484 3188 nequeat,
499 3104 545 3166 vel
560 3101 583 3164 si
598 3102 742 3184 sitgravis
753 3100 828 3162 ratio
837 3117 897 3164 non
911 3098 1055 3162 monendi

74 3200 223 3279 conjuges
236 3197 274 3259 de
289 3193 473 3258 matrimonii
489 3193 632 3256 nullitate.

115 3291 207 3350 4454.
230 3287 379 3349 Gaeterhm
402 3282 585 3364 dispensatio
604 3281 636 3341 in
651 3283 749 3341 codice
770 3277 898 3339 obtineri
913 3285 942 3340 et
957 3279 1054 3360 appli-

76 3377 138 3440 cari
153 3383 261 3458 potest,
273 3379 401 3456 utraque
416 3380 498 3455 parte
514 3373 687 3455 ignorante,
699 3376 788 3452 prout
801 3373 918 3430 constat
926 3385 963 3430 ex
974 3367 1057 3448 praxi

77 3467 231 3529 Ecclesia.
248 3463 322 3527 Vide
337 3465 373 3528 l'.
390 3465 471 3544 Gury
482 3463 525 3538 (44ο
539 3461 624 3540 685).

119 3559 168 3617 444
182 3556 253 3616 vero
268 3554 363 3637 possit
376 3551 518 3633 applicari
533 3549 615 3612 casui
631 3566 692 3630 quo
705 3551 796 3609 ambo
810 3546 955 3622 conjuges
969 3539 1057 3636 nulli·

80 3650 172 3712 talam
188 3641 374 3709 matrimonii
393 3638 600 3703 contrahendo
620 3641 845 3715 cognoverunt,
864 3631 1060 3691 controverti·
