2452 3946
236 141 273 205 96
454 160 590 206 nanuum
610 163 710 207 rorans
729 163 811 208 runis
832 160 980 209 canonici.
1013 180 1028 194 „-

235 255 265 316 in
284 255 407 338 praelato
429 273 496 337 cap.
521 255 633 328 Nemo:
649 256 716 320 vide
730 259 821 321 etiarn
834 307 843 337 ‚
858 278 886 322 c.
906 265 963 338 29,
989 259 1195 340 1166666666,

236 345 360 406 relatum
376 347 488 422 (3621).
861 409 868 420 ,
1194 421 1198 432 ,

273 436 362 496 3656.
378 467 418 478 -
431 435 480 496 tv.
499 431 668 516 Corporale,
687 435 785 509 Palla,
803 435 1056 519 Purifieatorr'am.
1077 441 1121 502 Ex
1135 444 1200 520 qul·

236 539 306 583 nam
321 521 445 584 materia
459 521 567 584 confici
581 522 711 588 debeant
729 523 861 588 diximus
880 545 971 607 supra
992 530 1199 605 (aare-361⁴„

237 609 391 672 celebrans
406 617 507 673 autom
522 613 588 673 sine
601 613 748 694 corporali
763 622 815 676 aut
825 633 896 677 cum
910 634 947 678 eo
962 633 1023 678 non
1038 615 1200 693 benedicto,

236 700 368 761 excusari
395 699 499 781 nequit
522 702 539 760 d
563 701 679 762 mortali
693 749 701 776 ‚
717 702 774 764 nisi
796 702 894 784 gravis
922 710 1026 784 urgeat
1049 706 1202 766 necessitas

236 786 417 850 celebrandi.
428 789 512 870 7768.
523 787 659 870 Lignea,
674 789 726 851 lib.
742 793 773 869 6,
789 801 822 852 6·
835 794 906 868 387,
919 793 1201 871 quiremutcertam

236 875 335 938 nabet.
798 919 809 928 -

275 967 365 1027 3651.
387 968 461 1028 ltem
479 966 605 1048 graviter
624 974 730 1049 peccat
746 967 800 1049 qui
823 969 916 1031 utitur
929 969 1076 1052 corporali
1092 971 1202 1033 notabi-

237 1051 303 1114 liter
317 1054 490 1130 immundo;
506 1055 558 1117 sed
574 1063 657 1118 notat
669 1056 845 1118 Tamburin.
861 1056 981 1119 difficile
995 1060 1115 1121 evenire
1129 1059 1204 1140 quod

236 1141 274 1202 sit
286 1142 371 1205 valde
385 1143 598 1206 immundum:
615 1145 658 1206 uti
672 1151 772 1206 autem
787 1147 933 1225 corporali
952 1153 1004 1208 aut
1027 1149 1205 1228 paramentis

237 1248 298 1291 non
313 1231 476 1294 enormiter
490 1231 670 1310 immundis,
689 1240 735 1295 est
748 1233 846 1295 solium
861 1234 993 1312 veniale,
1017 1234 1079 1298 imd
1093 1237 1204 1298 nullum

238 1327 392 1398 peccatum
414 1319 439 1382 si
452 1321 509 1382 alia
523 1319 625 1383 haberi
640 1339 701 1383 non
712 1327 856 1403 possunt:
872 1322 954 1384 unde
966 1325 1144 1405 peregrinus
1158 1345 1205 1387 ex·

237 1409 332 1482 cusari
349 1409 636 1490 potestoelelrmndo
657 1409 688 1470 in
711 1409 755 1472 eis
774 1427 828 1492 per
844 1411 1022 1489 transitum;
1044 1431 1101 1476 nec
1119 1415 1205 1476 etiam

237 1503 315 1556 esset
334 1497 459 1559 mortale
482 1499 524 1560 uti
549 1497 718 1560 notabiliter
742 1497 900 1561 immundo
921 1501 953 1560 in
973 1502 1169 1578 necessitate,
1184 1503 1205 1564 si

237 1583 437 1646 omittendum
457 1594 535 1648 esset
554 1603 674 1648 sacrum
694 1584 733 1648 do
753 1593 913 1668 praecepto.
935 1587 1011 1650 Vide
1025 1591 1057 1652 S.
1073 1590 1205 1672 Ligum,

239 1671 278 1732 n¹¹
292 1676 352 1734 376
364 1681 393 1735 et
406 1675 581 1737 aas-Nea
595 1674 704 1755 pariter
718 1674 786 1737 licet
796 1675 839 1737 uti
859 1676 1006 1757 corporali
1018 1677 1120 1760 inquo
1133 1685 1206 1742 esset

237 1758 385 1832 foramen,
400 1763 592 1837 quantumvis
605 1763 765 1842 exiguum,
781 1764 813 1825 in
831 1762 960 1826 loooulri
974 1768 1132 1844 reponitur
1147 1767 1206 1830 hoa

237 1850 295 1924 tia3
311 1849 374 1913 imo
387 1853 490 1912 volant
505 1851 605 1931 plures
620 1870 679 1914 non
695 1853 826 1932 amplius
839 1871 925 1933 posse
939 1851 1073 1913 adhiberi
1096 1853 1199 1928 hujus·

237 1939 317 1999 modi
330 1939 497 2020 corporalia
507 1960 515 2013 ;
524 1941 576 2003 sed
589 1941 627 2002 de
635 1945 690 2002 troc
702 1943 807 2003 ultimo
819 1941 935 2004 nullum
946 1943 1029 2020 potui
1039 1939 1202 2022 deprehen·

235 2025 307 2086 dere
330 2027 484 2090 decretum
508 2029 679 2110 prohibens.
704 2029 840 2110 Intellige
862 2047 871 2094 ι
896 2030 986 2092 modo
1010 2039 1199 2108 reparentur.

273 2117 362 2176 3652.
382 2117 535 2179 Pallaerat
548 2117 621 2178 olim
641 2119 802 2199 ipsummet
813 2119 970 2193 corporale
984 2127 1136 2200 quatenus
1154 2138 1200 2182 re·

235 2201 401 2283 plicabatur
414 2225 504 2286 super
518 2205 642 2268 calicem
665 2225 673 2269 ε
690 2208 772 2270 unde
793 2208 930 2270 eamdem
952 2207 1040 2269 habet
1059 2207 1204 2270 benedic·

234 2290 347 2354 tionem
358 2301 448 2374 etpro
458 2294 564 2357 eodem
572 2296 681 2358 servire
691 2299 820 2377 possetsi
836 2308 984 2376 sareanen
997 2305 1087 2359 esset.
1102 2295 1205 2358 ronst

233 2389 334 2442 autem
348 2399 413 2445 esse
427 2382 508 2446 intus
520 2391 652 2455 cartana,
668 2385 720 2447 sed
733 2390 749 2446 a
763 2393 846 2456 oarte
861 2387 1007 2452 sunerinri
1018 2395 1047 2446 et
1058 2385 1198 2446 in‘erinri

229 2467 290 2528 lino
305 2485 358 2530 seu
371 2469 507 2529 cannabe
527 2466 713 2529 circumduci
733 2465 840 2541 debet,
856 2481 918 2526 non
935 2463 1048 2546 droppo
1060 2465 1203 2525 deaurato

230 2556 274 2618 nel
286 2557 394 2626 rerico,
411 2555 454 2618 uti
470 2553 526 2618 luit
538 2553 721 2637 prohibitum
733 2553 789 2615 58.
807 2553 842 2615 il.
858 2553 968 2634 congr.
984 2555 1022 2614 2¹1
1037 2569 1109 2632 aug.
1123 2555 1201 2614 7767

230 2643 277 2725 (n⁰
291 2649 369 2708 2326
384 2647 432 2723 3);
450 2651 581 2706 attamen
601 2642 659 2705 hoc
672 2641 789 2704 tolerari
806 2647 902 2723 potest
922 2659 958 2703 ex
980 2641 1078 2702 Decis.
1103 2639 1202 2719 ejusd.

229 2735 339 2818 Gongr.
366 2737 404 2797 76
420 2734 485 2814 jan.
511 2735 606 2807 1852,
631 2731 663 2793 in
687 2729 857 2808 Oenomao,
877 2729 915 2792 ab
934 2728 1088 2792 Analertr'e
1110 2729 1204 2790 relata

230 2825 299 2903 (avr.
315 2826 403 2896 7855,
414 2821 473 2884 661.
490 2822 680 2894 true-tlte),
697 2819 728 2880 in
742 2821 802 2900 qua
815 2817 940 2881 dieitur:
960 2821 1045 2894 nnn,
1060 2834 1122 2878 non
1139 2818 1205 2878 olis

230 2935 245 2972 n
268 2911 401 2974 tentibus
415 2909 547 2971 Decretis
564 2910 596 2971 S.
618 2909 654 2971 R.
680 2909 791 2989 Congr.
810 2906 913 2982 editis,
932 2905 975 2968 uti
995 2904 1082 2966 liceat
1096 2905 1205 2985 pallad

230 3023 244 3060 ι
267 2997 514 3082 partemparterl
540 3015 642 3079 panno
656 2997 753 3060 serico
766 2995 931 3078 cooperte?
947 3027 982 3040 -
1000 2992 1044 3054 dd
1063 2995 1115 3054 l·ml
1136 3013 1204 3076 perq

231 3111 245 3147 n
271 3087 345 3149 mitti
360 3103 460 3168 posse,
477 3083 643 3149 dummodo
657 3085 735 3168 palla
750 3085 826 3147 linea
845 3084 980 3147 subnexa
993 3081 1122 3146 calicem
1138 3101 1206 3144 eoo·

232 3199 246 3236 6
271 3175 388 3257 periet,
407 3193 443 3237 ao
466 3192 584 3256 pannus
612 3177 748 3258 superior
771 3191 833 3238 non
856 3175 895 3236 sit
920 3174 996 3255 nigri
1010 3173 1140 3250 coloris,
1155 3173 1205 3234 aut

232 3285 246 3323 ι
271 3263 379 3326 referat
392 3263 491 3345 aliqua
500 3265 605 3327 mortis
614 3265 710 3346 signe.
724 3285 741 3325 n

270 3349 1206 3434 eoae.controvertituransumortaleoetebnresineputeant

233 3461 303 3507 oum
315 3441 598 3517 mnonbenedtcta3
608 3444 632 3506 ei
642 3445 712 3506 rerd
727 3445 904 3522 palladem,
919 3451 971 3506 aut
980 3459 1034 3524 per
1049 3437 1206 3523 quadran·

235 3541 290 3597 tem
301 3535 337 3593 sit
346 3531 538 3610 expectanda,
547 3531 1155 3628 66166161661666666166661166667666
1166 3529 1207 3595 le.
