2462 3972
417 232 502 279 cram
523 173 680 279 serranus.
715 189 741 198 '⁶
975 221 1035 281 655

71 323 1035 408 mobiliapossidendiinhaerereEoclesiaejurenaturalietdivino,

71 431 174 496 nempe
187 413 294 479 eodem
304 415 373 494 jure
386 433 448 496 quc
462 415 519 496 ipsi
537 413 643 478 datum
654 413 709 478 luit
722 415 850 480 existere
863 421 893 479 et
906 434 973 479 sese
990 415 1037 478 di·

70 503 154 564 latare
167 503 199 565 in
213 505 389 568 universum
404 502 553 566 mundum
570 523 577 564 :
593 503 706 566 etenim
723 505 901 568 «Dominus
919 505 1038 568 ordina·

70 613 83 648 c
105 591 142 652 vit
155 592 192 654 iis
202 594 254 674 qui
270 591 466 672 Evangelium
479 592 662 655 annuntiant
675 592 714 656 de
727 593 889 676 Evangelio
901 594 1000 658 vivere
1017 613 1034 654 a

70 683 93 757 (i
110 681 189 758 (lon,
204 683 279 758 aa,
290 699 319 743 v.
335 684 396 760 ti).

31 843 33 846 Ι
105 771 192 832 5238.
217 803 254 816 -
276 771 307 832 3⁰
327 767 402 832 Hocx
413 769 464 850 jus
492 769 581 833 babet
602 769 737 836 Ecclesia
759 771 998 856 independenter
1020 774 1038 836 a

69 863 206 940 potestate
229 857 385 934 saeculari,
409 857 490 940 quod
505 858 608 921 multis
627 859 747 942 probari
775 867 872 944 petest
894 881 902 924 ε
924 863 1037 925 etenim

69 947 196 1008 Christus
216 946 400 1009 instituendo
431 947 616 1026 Ecclesiam,
638 948 735 1030 ipsam
759 949 997 1032 independenter
1020 953 1038 1013 t

67 1039 209 1116 potestate
228 1035 365 1097 saeculari
377 1034 505 1098 instituit
528 1054 536 1097 r
558 1037 728 1111 «Eunias,
749 1037 857 1120 inquit,
878 1039 1038 1120 Apostolos

65 1145 80 1183 a
104 1141 174 1186 sues
187 1123 361 1204 alloquens,
376 1123 482 1186 docete
497 1142 604 1186 omnes
619 1131 735 1206 gentes,
751 1125 893 1189 docentes
907 1145 959 1188 eos
978 1145 1037 1188 ser·

65 1236 80 1274 n
104 1231 171 1274 vare
183 1215 286 1274 omnia
300 1231 501 1294 quaecumque
515 1213 654 1276 mandavi
668 1213 764 1277 vobis.
779 1237 794 1274 a
813 1215 898 1288 Quod
914 1215 1038 1296 quidem

64 1301 192 1364 dicendo
206 1301 377 1363 nullatenus
391 1301 434 1364 eis
448 1302 628 1383 praescripsit
640 1308 674 1365 ut
686 1303 838 1366 licentiam
853 1304 1037 1388 praedicandi

65 1389 1039 1474 aPrincipibusobtinerent3sedcbnrbcnatemporalla,utmodo

64 1481 210 1556 diximus,
231 1485 301 1540 sunt
319 1479 455 1542 absolute
470 1479 638 1542 necessaria
656 1481 703 1542 vel
717 1481 883 1545 admodum
896 1482 981 1544 utilia
1000 1481 1039 1544 ad

62 1568 251 1632 existentiam
263 1567 422 1644 Ecclesiae,
443 1569 611 1630 necessario
623 1569 756 1632 Christus
770 1572 823 1652 qui
836 1572 931 1634 veluit
940 1571 1040 1634 Eccle-

64 1660 140 1720 siam
154 1657 281 1719 existere
296 1655 535 1737 independenter
548 1657 566 1717 ὲ
580 1657 769 1738 Principibus
780 1659 863 1720 dedit
874 1659 972 1721 eidem
989 1659 1040 1738 jus

64 1743 254 1828 possidendi,
269 1745 359 1806 etiam
374 1743 612 1825 independenter
630 1747 648 1806 a
665 1746 874 1827 Principibus,
890 1747 941 1809 illa
960 1748 1040 1810 bona

62 1833 199 1896 absolute
215 1833 398 1911 necessaria,
412 1833 457 1894 vel
469 1832 632 1894 admodum
647 1833 742 1896 utilia.
758 1837 839 1916 Ergo
853 1843 910 1896 etc.

102 1927 193 1986 5259.
216 1924 254 1985 Et
267 1925 369 1985 revera
383 1923 474 1984 etiam
489 1921 546 1984 sub
559 1923 794 2003 imperatoribus
811 1925 951 2004 paganis,
976 1925 1039 1988 imd

61 2011 316 2094 persecutoribus,
328 2009 455 2094 proinde
465 2010 702 2092 independenter
716 2012 753 2072 ab
764 2011 832 2086 illis,
842 2013 975 2075 Ecclesia
989 2013 1040 2076 ba-

63 2103 128 2164 buit
148 2102 369 2183 possassienes‚
382 2106 416 2162 ut
426 2096 544 2162 constat
555 2118 592 2162 ex
605 2119 642 2162 eo
656 2099 739 2182 quod
748 2100 786 2163 de
798 2101 968 2164 Alexandro
985 2104 1039 2166 Se-

63 2210 133 2254 vero
143 2196 242 2253 narrat
250 2187 442 2271 Lampridius
450 2188 482 2250 in
492 2189 557 2268 ejus
563 2188 622 2251 vita
631 2191 676 2268 (n⁰
685 2192 750 2267 lib:
763 2191 860 2253 chm
868 2191 1038 2270 Christiani,

62 2302 79 2340 a
104 2279 223 2360 inquit,
239 2277 404 2360 quemdam
426 2278 527 2340 locum
542 2278 593 2360 qui
613 2277 751 2360 publicus
765 2279 877 2360 iuerat,
897 2299 1039 2362 occupas-

59 2392 75 2428 n
102 2375 188 2444 sent,
201 2370 305 2429 eontra
316 2365 465 2448 popinarii
475 2365 610 2428 dicarent
624 2366 679 2428 sibi
689 2386 760 2429 eum
772 2369 894 2447 deberi,
908 2371 1038 2450 rescrip-

58 2481 73 2516 ι)
103 2457 143 2518 sit
158 2456 269 2518 melibs
289 2473 354 2517 esse
372 2459 406 2516 ut
419 2454 705 2536 quomodocumque
726 2455 786 2518 illio
805 2459 886 2520 Deus
906 2457 1037 2535 celatur,

58 2569 73 2604 a
102 2546 200 2628 quiam
210 2543 376 2626 popinariis
388 2541 524 2604 dedatur.
541 2564 557 2602 a
571 2545 645 2604 item
659 2561 697 2603 ex
710 2560 747 2605 eo
761 2545 843 2625 qued
857 2543 895 2606 ab
908 2545 1039 2607 Eusebia

58 2633 194 2698 refertur
215 2631 254 2694 de
274 2631 458 2694 Aureliano:
480 2631 588 2693 «Ciam
607 2630 718 2693 Paulus
741 2633 969 2709 samosatenus,
991 2633 1038 2694 in-

56 2747 74 2782 a
102 2721 187 2803 quit,
202 2722 220 2784 b
233 2719 326 2783 domo
338 2720 472 2783 ecclesia
486 2719 660 2781 nullatenus
674 2720 818 2782 excedere
832 2721 934 2798 vellet,
950 2722 1039 2784 inter·

57 2835 74 2870 c
101 2810 233 2892 peilatus
247 2812 412 2891 imperator
427 2808 621 2884 Aurelianus,
633 2807 797 2870 rectissime
812 2809 869 2870 bec
882 2811 1039 2891 nepetium

56 2925 74 2960 n
101 2898 293 2979 dijudicavit,
316 2897 353 2959 iis
372 2895 499 2958 domum
522 2896 598 2958 tradi
622 2897 800 2978 praecipiens
820 2897 930 2980 quibus
951 2899 1038 2962 italici

56 3012 73 3048 c
101 2987 276 3050 christianas
297 2985 453 3066 religionis
474 2986 627 3047 antistites
648 2992 677 3047 et
698 2987 853 3050 Romanus
873 2987 1040 3070 Episcopus

56 3101 73 3136 υ
101 3076 282 3140 scriberent.
308 3096 324 3134 a
347 3073 405 3137 Sed
431 3073 597 3155 praesertim
620 3080 737 3137 constat
762 3094 799 3137 ex
825 3077 1040 3140 Constitutione

56 3163 217 3248 imperiali
230 3181 323 3245 quam
336 3162 430 3225 edidit
439 3179 521 3224 anno
535 3181 597 3225 suae
611 3165 814 3227 conversionis
827 3167 1040 3230 Constantinus

55 3257 196 3336 Magnus
210 3251 301 3314 simul
321 3269 392 3314 cum
407 3250 538 3328 Licinio,
553 3251 586 3312 in
607 3255 667 3334 qua
687 3251 795 3316 dicitur
814 3273 821 3315 :
841 3275 857 3314 a
874 3259 1037 3336 insuper...

55 3365 74 3402 c
102 3340 302 3404 statuendum
315 3358 380 3402 esse
394 3340 570 3402 censuimus
580 3341 662 3423 qudd
676 3341 700 3403 si
715 3341 820 3405 eadem
831 3343 913 3417 loca,
924 3345 1039 3427 adquae

55 3453 73 3490 a
102 3437 196 3493 antea
215 3429 376 3493 convenire
391 3436 609 3493 consueverant
627 3429 853 3511 (christianil...,
872 3433 1003 3514 aliqui...
1021 3439 1040 3496 a

56 3542 74 3578 c
101 3517 1038 3600 iisconostrovelabalioquocumquevidenturessemercati,

56 3627 75 3664 ι
102 3603 215 3668 eadem
228 3601 396 3667 christiania
410 3603 475 3668 rint
489 3605 654 3684 pecunia...
670 3605 900 3669 restituantur...
916 3609 953 3664 Et
967 3619 1038 3678 aaa
