2416 3954
347 221 434 276 mnan
454 217 615 264 srcuuous.
909 195 969 258 484

20 333 68 392 epm
88 323 163 395 patet
185 315 265 398 qnod
287 315 311 378 si
333 317 459 378 ccclesia
477 315 635 378 benedicta
657 313 748 378 luerit
764 313 899 397 polluta,
920 331 969 376 re-

20 405 153 468 conciliari
166 405 254 467 debet
267 410 336 467 anto
350 405 444 486 ipsius
459 405 732 467 Consecrationem.

49 495 129 556 4848.
151 495 180 556 Si
199 493 332 556 ecclesiae
354 493 528 574 polluantur
546 511 601 576 per
622 493 750 573 alicujus
763 494 969 577 sepulturam.

22 598 69 641 non
94 589 135 644 est
154 583 269 645 licitum
296 582 360 644 illas
381 599 579 658 consecrare,
602 588 653 644 aut
675 582 705 643 in
726 583 785 644 illis
807 584 969 657 celebrare¹

21 669 200 746 proindeillas
210 671 404 732 reconciliare
419 670 594 752 priusquam
611 669 792 732 exhumatur
804 671 971 734 cadaverst

21 757 75 818 alibi
95 759 308 822 transferatur:
329 759 369 822 ita
389 777 457 841 cop.
485 759 649 821 Ecclesiam
663 763 713 833 27,
732 757 771 821 de
784 760 969 838 consecrat,
1013 801 1020 812 -

21 843 74 908 dist.
101 848 259 930 t.-Apud
283 866 339 910 nos
364 847 493 910 obtineri
519 854 616 930 potest
638 848 676 910 ab
695 847 869 911 auctoritate
895 849 970 912 civili

21 937 157 1012 permissio
183 937 263 1000 banc
286 935 534 1000 exhumationem
564 935 718 1010 faciendi,
740 942 773 998 ut
796 943 912 998 constat
938 957 971 998 ex

21 1021 126 1086 Journal
137 1025 184 1089 des
195 1025 275 1107 soor.
294 1033 339 1102 ,t.
355 1029 385 1102 3,
401 1045 432 1107 p.
455 1028 525 1088 378.
542 1025 653 1088 Saltem
673 1023 843 1087 obtineatur
857 1025 972 1087 licentia

20 1111 252 1196 circumsepiendi
267 1113 420 1178 tumulum
439 1133 528 1177 muro
541 1114 587 1177 rel
602 1113 701 1190 iossd,
717 1119 769 1176 aut
782 1113 841 1176 alio
855 1113 947 1174 modo
963 1134 972 1189 ;

21 1200 142 1264 stantem
165 1222 229 1266 non
252 1210 353 1286 posset
370 1203 498 1266 obtineri
520 1202 587 1266 haec
600 1202 731 1281 licentia,
748 1201 787 1264 ad
800 1201 975 1284 Superiores

19 1292 321 1356 assctrecurrendum.

49 1383 128 1442 4844.
146 1381 177 1444 Si
188 1399 317 1464 corpora
330 1401 398 1462 quae
413 1381 605 1444 exhumanda
620 1391 702 1454 sunt,
718 1379 757 1442 ab
766 1374 831 1442 aliis
843 1379 974 1442 discerni

18 1477 170 1548 nequeant,
196 1470 368 1551 «expedire
387 1489 447 1531 noo
467 1470 619 1533 credimus
633 1477 665 1532 nt
679 1487 751 1531 cum
770 1469 976 1530 excommuni-

20 1565 174 1620 tcntorum
198 1559 317 1622 ossibus
340 1577 467 1639 corporo
489 1557 716 1621 extumulentur
737 1555 976 1619 fidelium.»1ta

17 1661 69 1724 cap.
91 1647 193 1709 Sacris
209 1651 267 1723 te,
282 1647 316 1708 de
329 1647 499 1729 sepulturis.
516 1649 551 1708 Et
575 1647 606 1707 in
628 1645 685 1707 hoc
698 1664 771 1708 casu
785 1644 974 1708 reconciliari

17 1741 96 1810 potest
107 1736 318 1799 coemeterium
333 1737 399 1797 sine
413 1735 489 1797 lacta
504 1734 728 1797 exhumatione.

46 1827 125 1888 4848.
150 1827 224 1898 Quae
238 1825 317 1886 dicta
340 1831 411 1886 sunt
433 1824 470 1886 de
495 1823 660 1905 pollutione
686 1829 715 1884 et
734 1821 977 1886 reconciliatione

15 1912 146 1992 ecclesiae,
161 1913 293 1976 dicenda
314 1919 384 1975 sunt
407 1913 518 1994 pariter
538 1911 576 1974 de
590 1910 752 1973 coemeterii
766 1911 934 1991 pollutione
947 1915 978 1974 et

16 2004 257 2066 reconciliatione.

45 2095 126 2154 4843.
150 2091 281 2154 Advorte
295 2089 378 2172 quod
396 2112 412 2150 n
432 2109 456 2152 st
474 2088 631 2152 ecclesiam
652 2088 785 2170 pollui...
800 2089 974 2171 contingat,

14 2198 24 2232 r
46 2179 131 2260 ipsius
154 2181 362 2245 cometarium
376 2228 384 2258 ‚
400 2181 424 2242 si
438 2180 617 2261 contiguum
631 2179 668 2240 sit
682 2177 780 2240 eidem
794 2226 802 2253 ‚
818 2187 977 2242 censeatur

14 2285 104 2332 resse
117 2271 291 2353 pollutum:
314 2269 413 2346 unde,
436 2275 597 2350 antequam
620 2267 847 2330 reconciliatum
866 2267 975 2346 luerit,

14 2375 102 2419 onon
128 2359 222 2421 debet
249 2359 281 2419 in
307 2375 344 2419 eo
366 2357 475 2438 aliquis
502 2357 644 2438 sepcli1·i;
669 2375 756 2419 secus
779 2356 802 2418 si
826 2365 976 2418 remotum

14 2467 24 2498 r
46 2446 129 2509 luerit
150 2447 190 2510 ab
214 2446 332 2509 eadem.
350 2447 417 2508 Non
441 2447 484 2508 sic
506 2463 629 2526 quoque
644 2446 675 2505 in
694 2463 766 2507 casu
786 2451 978 2506 controverso

14 2537 207 2615 recolimus,
238 2541 272 2598 ut
293 2535 448 2610 videlicet,
481 2535 595 2616 polluto
623 2533 818 2610 coemeterio,
841 2533 979 2612 quamvis

14 2645 25 2682 r
45 2625 175 2688 ccclesiae
190 2625 356 2706 contiguo,
371 2624 479 2686 debeat
493 2623 618 2686 ecelesia
641 2621 772 2701 reputari
792 2618 924 2700 polluta,
941 2637 979 2680 ne

15 2731 26 2768 r
47 2715 145 2777 minbs
161 2714 290 2794 dignum
304 2719 355 2774 aut
370 2713 571 2776 necesarium
589 2709 752 2790 principale
766 2707 803 2768 ad
818 2725 849 2767 se
863 2707 979 2768 trabere

16 2802 185 2866 trideatnr.
211 2823 228 2860 a
253 2802 330 2864 Sunt
351 2801 441 2864 rerba
455 2819 521 2882 cap.
542 2798 644 2875 unici,
668 2795 978 2874 decoemarum,

17 2887 39 2948 in
51 2895 92 2968 6⁰,
107 2892 161 2954 ubi
178 2892 304 2972 insuper
317 2890 447 2951 dicitur:

49 3001 63 3036 ι
75 2981 141 3042 Non
150 2996 248 3042 unum
259 2975 313 3040 sed
322 2979 409 3059 plura
422 2976 594 3039 coemeteria
603 2979 783 3052 noscuntur,
793 2993 863 3056 quae
877 2995 982 3056 quant·

20 3069 87 3130 ‚ns
108 3069 165 3131 sibi
185 3067 382 3144 coherentia,
403 3065 514 3148 pariete
535 3072 637 3126 tanreo
652 3063 752 3125 medio
766 3066 978 3146 sejrrnguntnr.

13 3173 25 3208 r
47 3155 187 3238 ideoque,
202 3155 312 3219 violato
330 3173 437 3218 eorum
452 3154 561 3230 altero,
578 3154 706 3215 alterum
722 3153 805 3234 (licet
818 3154 856 3215 de
868 3173 930 3216 uno
945 3155 983 3215 ad

15 3257 27 3288 ¹³
48 3245 127 3310 aliud
141 3263 195 3326 per
215 3251 334 3326 portam
355 3243 565 3306 intermediam
586 3241 731 3304 habeatur
751 3247 899 3320 accessus)
921 3262 982 3305 noo

18 3340 29 3372 ⁰
51 3342 170 3416 propter
184 3332 243 3396 hoc
257 3333 444 3416 reputabitur
457 3333 610 3394 violatum.
627 3354 643 3391 a

47 3427 132 3484 4844.
160 3423 274 3484 Polluta
288 3421 428 3494 ecclesia,
445 3423 590 3502 polluitur
613 3421 704 3483 simul
728 3421 819 3482 altare
842 3420 938 3482 lixum
953 3441 984 3481 m

15 3525 46 3570 co
56 3518 278 3573 constructum:
290 3529 357 3592 cop.
369 3511 555 3586 Proposuisti
564 3516 595 3586 4,
605 3510 639 3571 de
653 3508 804 3580 Conserr.‚·
813 3527 874 3568 non
886 3521 985 3568 tantan

17 3597 154 3664 cottuttur
163 3601 186 3660 si
198 3599 476 3682 sitportatitc‚quia
486 3597 874 3664 nonhabetconnexionem
885 3611 983 3656 ncces
