2416 3954
184 125 245 188 151
404 137 540 188 ussurus
558 139 660 188 nouus
679 139 761 188 sunus
780 135 931 188 moster.

188 246 226 320 tv·
238 239 411 322 Sepultura,
430 249 464 302 n·
480 244 563 319 ltu);
580 247 609 305 et
623 241 703 304 idem
716 245 836 303 tenetur
849 238 888 302 ah
901 243 1023 304 sudore
1038 239 1146 322 Appen·

184 327 259 392 dicis
278 330 414 392 Ferrario
432 330 539 409 adjecti
553 333 594 408 (ν’
611 330 792 412 Sepultura,
808 338 843 390 n·
857 331 945 409 280),
961 329 986 392 si
1005 336 1112 410 agetur
1122 327 1150 390 de
1202 346 1204 353 ’

184 417 411 480 catechumenis
424 419 495 482 satis
509 418 662 482 instructis
684 417 859 481 necessariis
873 415 942 480 tidei
963 417 1115 499 mysteriis
1128 423 1150 482 el

185 505 263 571 bene
276 507 429 589 dispositis
442 505 508 586 (tt,
524 512 559 570 u⁰
572 511 665 586 288):
681 506 748 569 vide
763 505 857 588 ipsius
870 515 1059 588 argumenta.

223 599 314 659 true.
323 631 363 643 -
372 600 404 660 8·
419 597 628 660 Praeteroasus
641 599 659 659 1
673 594 793 659 Ritucli
806 595 936 658 Romano
948 601 1149 674 enumeratos,

184 683 362 766 deneganda
374 693 420 748 est
439 685 638 749 ecelesiastica
659 683 813 767 sepultura
837 683 1028 766 regularibus
1049 685 1151 748 utrius

185 791 245 854 que
263 777 353 836 sexus
365 774 581 857 proprietariis,
594 773 625 837 id
635 779 679 836 est
698 772 826 836 mortuis
839 789 911 836 cum
926 772 1065 854 peculio,
1081 771 1151 854 quud

186 879 247 923 non
269 863 412 927 eustodiae
434 867 545 942 cause,
567 861 620 926 sed
643 862 767 926 nomine
790 861 913 944 proprio
934 868 965 924 et
986 862 1052 924 sine
1076 861 1153 924 venit

186 951 355 1032 Superioris
369 953 548 1015 retinebant.
567 950 644 1014 Vide
660 969 689 1015 e.
709 953 741 1026 2,
761 954 793 1030 1,
812 954 844 1030 6,
862 947 898 1013 de
919 957 1001 1013 stetu
1015 951 1155 1024 monaci.,·
1185 998 1186 1002 ,

186 1041 339 1119 Ferraria,
373 1046 404 1103 v⁰
429 1041 610 1125 Sepultura,
639 1051 675 1105 u·
695 1042 770 1118 187,
794 1046 879 1117 ete.;
903 1045 935 1102 et
963 1057 1056 1123 supra
1087 1039 1155 1103 dicte

186 1128 274 1208 (arsi
289 1133 430 1208 eteros).

225 1222 315 1279 trun.
334 1251 373 1266 -
387 1221 419 1281 9ο
431 1221 466 1282 ln
480 1217 542 1282 line
555 1218 661 1300 capitis
677 1217 799 1283 Placuit
809 1217 873 1298 jam
886 1217 991 1297 citati,
1007 1235 1102 1282 cause
1113 1221 1154 1294 st,

186 1325 217 1386 q.
234 1309 264 1380 5,
279 1305 389 1368 dieitur
402 1308 485 1390 qudd
499 1327 561 1370 non
576 1309 615 1370 sit
626 1305 821 1370 concedende
839 1307 994 1388 sepulture
1007 1308 1156 1370 ecelesias-

186 1394 244 1454 tica
257 1394 303 1456 tte
315 1396 369 1477 qui
379 1416 436 1479 pro
457 1397 518 1458 suis
540 1395 696 1458 sceleribus
706 1395 893 1478 puniuntur3
909 1394 963 1457 sed
982 1395 1158 1458 subaudies

186 1481 259 1544 dum
282 1504 289 1543 :
310 1485 371 1547 nisi
390 1487 475 1568 sipnu
495 1485 678 1568 penitentie
704 1483 884 1546 ostenderint
905 1502 917 1544 .·
935 1483 1019 1546 unde
1042 1485 1076 1546 in
1098 1503 1158 1565 cap.

188 1571 349 1647 Ouoesitum
369 1584 412 1637 cst
431 1579 481 1650 30,
497 1592 587 1637 causa
602 1578 660 1652 13,
680 1593 712 1656 q.
732 1577 763 1648 Ξ,
787 1591 824 1636 ex
846 1573 960 1636 Concil.
983 1575 1160 1654 Moguntinc

187 1661 295 1725 dieitur
318 1683 326 1725 :
352 1685 368 1723 n
392 1663 424 1726 Si
446 1663 589 1726 omnibus
611 1663 649 1726 de
672 1661 802 1744 peccatis
817 1661 923 1730 suis...
947 1663 1162 1743 poeniteutihus

187 1773 202 1811 o
227 1753 403 1816 communio
422 1752 453 1814 in
474 1751 572 1816 line...
595 1751 695 1814 danda
712 1760 782 1830 est,
803 1769 858 1814 cur
877 1767 940 1811 non
959 1751 1021 1828 eis,
1041 1755 1099 1833 qui
1115 1769 1163 1834 pro

188 1863 203 1900 n
228 1843 358 1922 peccatis
376 1843 439 1905 suis
460 1859 580 1924 poenam
604 1848 768 1903 extremam
789 1839 995 1921 persolvunt?
1017 1841 1165 1924 scriptum

188 1950 203 1989 n
227 1937 272 1992 est
285 1931 366 1992 enim
379 1950 391 1994 .·
405 1950 461 1992 non
476 1930 607 1992 uindicet
618 1929 695 1992 Deus
710 1927 753 1990 tte
766 1927 939 2008 inidipsum
952 1947 983 2006 u;
1000 1936 1030 1992 et
1044 1930 1079 1992 iu
1101 1949 1163 2012 cap.

188 2019 325 2097 sequenti
340 2019 446 2096 Fures,
461 2018 500 2082 de
514 2020 550 2081 iis
566 2019 696 2080 dicitur:
716 2017 777 2079 «st
792 2016 1002 2098 comprehensi
1006 2063 1071 2083 .....
1089 2039 1167 2102 pres

188 2125 204 2162 s
229 2105 332 2186 hytero
349 2107 396 2168 vel
415 2107 542 2169 diacono
564 2107 692 2170 confessi
707 2105 837 2185 luerint,
852 2107 1110 2170 communionem
1128 2111 1167 2170 eis

189 2211 290 2254 enon
318 2211 476 2275 negamus.
510 2217 526 2254 u
556 2195 777 2277 Excipiendum
803 2203 847 2257 est
877 2212 948 2258 uum
971 2195 1167 2260 Reiffenstucl

189 2280 251 2358 (tib,
268 2287 298 2357 3,
308 2283 351 2343 tit.
368 2285 418 2358 28,
436 2294 469 2344 n·
482 2285 549 2362 76).
563 2285 621 2346 nisi
636 2288 653 2345 h
668 2289 812 2365 potestate
826 2283 960 2345 mutari
971 2284 1170 2364 prohibeatur

189 2369 252 2432 dari
267 2372 451 2453 sepulturam
471 2373 705 2436 ecclesiasticam
719 2379 817 2434 morte
836 2371 997 2435 damnatis.
1014 2374 1097 2448 Dicit
1117 2393 1168 2436 au·

191 2471 253 2522 tem
266 2461 429 2542 Lequeux,
446 2475 480 2524 n⁰
493 2467 573 2541 uro,
589 2461 682 2544 quod,
694 2464 779 2541 juxta
803 2461 964 2523 Galliarum
975 2479 1104 2542 usum,
1121 2465 1170 2544 qui

192 2549 299 2612 ultimo
317 2551 465 2632 supplicio
488 2552 577 2614 vitam
599 2551 725 2626 finiere,
741 2555 866 2632 possunt
889 2549 1012 2631 quidem
1031 2551 1067 2612 in
1090 2558 1170 2614 terrt

193 2643 276 2704 mech
297 2637 425 2721 deponi,
445 2639 498 2704 sed
520 2639 564 2701 eis
587 2638 718 2701 honores
741 2637 868 2720 puhlioae
880 2637 1043 2718 sepultura
1057 2639 1171 2703 deterri

194 2736 359 2810 nequeunt,
371 2729 427 2792 nisi
437 2734 543 2810 agatur
551 2725 697 2810 deiisqui
712 2726 833 2789 militari
844 2725 960 2806 judicio
973 2726 1171 2808 plectuntur:

193 2819 311 2897 sepeliri
325 2820 442 2881 tsnthm
453 2822 578 2900 possunt
590 2833 662 2880 cum
675 2813 841 2889 sacerdote,
857 2813 1088 2894 moddocoulte‚
1104 2819 1175 2882 sins

189 2909 388 2971 solemnitate
400 2916 433 2972 st
446 2909 507 2973 suh
525 2929 700 2993 uesperam.
723 2911 803 2975 Vide
817 2911 850 2976 P.
866 2911 963 2996 dury,
979 2921 1019 2974 n·
1033 2909 1135 2985 {0123
1152 2919 1181 2972 et

188 2995 271 3057 dicta
285 3013 380 3076 supra
395 2997 435 3058 de
449 3000 676 3063 communione
691 2999 807 3082 (3387).

226 3081 526 3159 tras-toronos
539 3091 651 3156 mimos
659 3097 690 3152 et
698 3086 920 3171 comoedosqui
928 3105 963 3152 cn
972 3089 1062 3150 eecnn'
1069 3087 1183 3150 lusisse

188 3171 415 3251 dipnoscuntur,
428 3183 461 3234 ut
472 3176 513 3235 ait
528 3195 597 3256 cap.
609 3179 762 3244 Maritum
778 3179 807 3252 1,
818 3179 958 3240 distinet.
971 3177 1021 3252 33,
1034 3173 1185 3238 inGniiii

190 3260 393 3336 privabantur
410 3267 573 3342 sepulturi
592 3265 962 3328 ecciesiastirdutridere
974 3275 1082 3348 estap.
1106 3265 1184 3325 Bus-

188 3355 267 3415 suet,
281 3347 498 3413 Lettressurtu
510 3353 649 3428 comedin,
659 3353 734 3418 edit.
748 3354 881 3430 Versat„
893 3365 967 3416 tom.
981 3353 1032 3428 37,
1049 3371 1079 3435 p.
1099 3353 1186 3428 5223

188 3433 241 3492 sed
258 3433 331 3494 olum
349 3437 436 3498 nulla
450 3441 563 3502 citetur
584 3445 632 3503 ter
647 3443 945 3525 ecclesiasticaque
962 3441 1043 3505 hane
1065 3445 1188 3524 priva-

189 3520 308 3583 tionem
322 3523 516 3604 proesrrihst,
535 3527 753 3616 videturquhd
768 3534 874 3596 mimis
887 3541 918 3594 et
932 3531 1083 3596 eomoedis
1102 3549 1190 3596 con·
