2498 3966
193 191 252 256 ’168
413 210 549 258 uinctus
567 212 672 259 rorrus
691 211 772 258 ruats
793 213 941 260 canonici.

193 329 236 406 ita
250 346 288 390 ex
303 327 461 390 voluntate
476 325 588 392 Christi
603 327 670 391 sola
692 337 793 411 potest
807 338 838 393 et
851 327 942 394 debet
967 325 1114 399 Ecclesia,
1125 339 1154 392 ut

193 419 346 480 absonum
361 417 401 478 sit
414 417 507 498 plane
522 418 679 496 potestatis
690 419 757 498 eius
772 419 818 482 uel
851 419 1015 480 minimam
1041 428 1155 496 partem

193 509 229 569 ad
247 505 471 586 gubernatores
485 512 529 568 rei
540 507 640 568 civilis
655 507 813 570 relleasso
828 507 1022 570 translatam.
1090 504 1157 566 Pos-

193 593 292 676 tremo
308 611 456 674 niagnum
477 595 600 674 pondus
623 603 682 670 est,
709 614 821 676 magna
848 597 893 657 ria
923 594 1071 669 historiae,
1101 611 1157 674 qua

192 681 561 758 luculenterdocemur,
600 691 783 763 potestatem
821 683 982 764 legiferam
1025 693 1055 744 et
1078 684 1157 760 judi·

192 769 314 844 cialem,
344 770 384 832 de
411 788 472 848 qua
512 770 684 852 loquimur,
716 771 813 835 libere
848 780 1092 851 constanterque
1119 769 1155 831 ab

190 857 329 922 Ecclesia
356 859 500 938 usurpari
538 861 736 924 consuevisse
762 861 802 922 iis
828 861 922 928 etiam
954 857 1155 938 temporibus,

191 947 320 1028 quando
348 949 504 1030 principes
520 947 953 1028 reipublicae'consentientes
982 947 1082 1010 luisse
1108 951 1158 1008 aui

191 1036 391 1099 conniventes
408 1036 438 1096 in
455 1055 491 1098 ea
509 1055 552 1112 re,
582 1039 689 1119 inepte
711 1047 743 1101 et
761 1037 856 1101 stulte
877 1039 1060 1118 fingeretur.
1082 1034 1156 1097 lllud

190 1125 275 1185 enim
297 1143 391 1206 quam
428 1125 628 1201 incredibile,
659 1144 753 1208 quam
782 1127 972 1198 absurdum,
1003 1124 1156 1186 Christum

191 1213 359 1276 Dominum
375 1213 541 1275 damnasse
555 1215 740 1296 polygamiae
754 1215 941 1297 repudiique
958 1215 1155 1275 inveteratam

191 1303 450 1364 consuetudinem
463 1303 603 1384 delegata
614 1305 671 1366 sibi
685 1322 702 1366 a
718 1314 921 1385 procuratore
936 1301 1155 1383 prouinciaerel

189 1409 207 1452 a
223 1391 366 1471 principe
377 1389 559 1454 iudeorum
572 1399 742 1472 potestate;
759 1391 904 1454 similiter
918 1389 1050 1454 Paulum
1065 1389 1155 1471 Apos-

190 1478 288 1540 tolum
312 1479 444 1541 divortia
465 1480 666 1562 incestaeque
682 1482 807 1562 nuptias
834 1481 1041 1542 edixissenou
1073 1480 1156 1540 licere

190 1568 374 1629 cedentibus
396 1577 449 1630 aut
470 1571 562 1632 tacite
590 1571 813 1633 mandantibus
842 1569 978 1640 Tiberio,
1008 1567 1153 1647 Caligula,

190 1655 328 1718 Neronel
360 1655 467 1738 Neque
493 1657 571 1721 illud
601 1677 741 1740 unquam
775 1659 896 1721 homiui
923 1675 1008 1719 sanae
1048 1656 1154 1718 tuentis

191 1755 290 1824 potest
305 1745 496 1825 persuaderi,
511 1747 551 1809 de
565 1749 730 1810 sanctitate
743 1747 974 1810 etfirmitudine
988 1745 1123 1826 conjugii
1133 1747 1152 1820 ¹,

189 1838 227 1894 de
242 1834 360 1915 nuptiis
370 1852 474 1897 servos
489 1835 570 1899 inter
584 1845 615 1898 et
631 1836 813 1918 ingenuas¹,
829 1842 875 1898 tot
886 1854 952 1898 esse
967 1835 1008 1896 ab
1023 1834 1154 1896 Ecclesia

189 1922 331 1985 conditas
359 1923 451 2005 leges,
488 1923 652 2004 impetrata
682 1923 828 1988 facultate
856 1925 896 1986 ab
915 1923 1154 2003 Imperatoribus

189 2011 338 2088 romanis,
351 2011 574 2075 inimicissimis
593 2014 712 2076 nomini
726 2013 909 2085 christiano,
926 2012 1045 2094 quibus
1080 2013 1152 2073 nilril

189 2109 252 2160 tam
267 2097 325 2160 luit
340 2103 548 2182 propositum,
560 2119 654 2182 quam
666 2103 736 2164 viet
750 2101 966 2178 audacissimi
978 2101 1151 2182 opprimere

188 2187 438 2265 adolescentem
455 2189 628 2269 praesertim
643 2191 827 2272 religionem
848 2208 919 2252 cum
945 2189 1001 2267 jus
1026 2189 1104 2252 illud
1117 2189 1150 2251 ab
1229 2215 1230 2274 1

189 2273 528 2356 Eccclesiaprofectum
553 2278 669 2342 acirili
689 2278 931 2360 jureinterdum
961 2277 1044 2341 adeo
1068 2279 1148 2341 dissi-

188 2363 287 2436 deret,
299 2373 333 2425 ut
343 2361 482 2444 Ignatiue
499 2365 642 2448 Eartyr⁸,
663 2367 679 2428 t
684 2367 804 2430 ustinus
824 2365 848 2444 ⁴,
866 2365 1143 2446 Athenagorar⁵et

188 2449 793 2536 Tertullianus⁸‚tauquamiujustasrel
810 2453 1005 2516 adulterinas
1039 2455 1145 2537 publice

188 2540 387 2604 traducerent
401 2543 629 2607 nonnullorum
642 2545 779 2626 nuptias,
793 2543 909 2626 quibus
921 2551 1032 2605 tamen
1063 2547 1148 2628 impt-

190 2631 314 2693 ratoriaa
329 2631 412 2710 leges
427 2629 583 2694 lavabant.

230 2717 340 2782 Postea
355 2717 427 2782 verit
447 2738 543 2800 quam
564 2719 603 2782 ad
618 2718 807 2782 christianos
826 2718 1035 2800 imperatores
1048 2733 1153 2802 poten·

188 2813 272 2871 taius
285 2810 388 2870 omnis
402 2809 563 2884 reciderat,
578 2807 744 2871 Pontilices
770 2808 895 2870 matrimi
918 2816 948 2868 et
963 2807 1110 2890 Episcopi
1126 2812 1152 2872 iu

186 2893 324 2960 Concilia
337 2897 516 2978 congregati
536 2897 646 2960 eadem
665 2913 788 2978 semper
811 2915 884 2958 cum
900 2895 1044 2959 libertate
1067 2915 1152 2961 cons·

186 2987 450 3066 cientiaqueJ'uris
464 2987 524 3060 sui,
544 2985 583 3049 de
598 2985 808 3050 matrimoniis
816 2984 940 3066 jubere,
964 2997 1067 3050 vetare
1087 3006 1153 3068 per·

217 3168 306 3219 Ecca.
325 3171 406 3232 tpoat.
418 3170 454 3231 ld,
468 3171 505 3234 tt,
523 3171 560 3223 18.

218 3238 241 3287 Ι.
257 3234 410 3296 ctioeoeou
435 3239 488 3302 irc,
502 3245 578 3294 Oxou.
595 3245 663 3293 1851.

214 3305 238 3355 a.
250 3307 325 3368 Epiri.
337 3261 518 3374 ad'l’ossctrp„
533 3329 586 3378 cap,
602 3317 627 3364 5.
650 3351 653 3356 ·

216 3377 239 3424 l.
253 3378 320 3436 tpol.
331 3379 399 3428 liert.

214 3443 239 3491 5.
255 3445 339 3509 Legat.
351 3462 394 3512 pro
407 3451 547 3514 Christian,
557 3470 598 3506 nrt.
609 3457 647 3515 31,
661 3457 700 3506 33.

214 3512 237 3563 d.
252 3515 285 3564 [ie
298 3531 379 3567 coron.
394 3521 476 3580 milit,
490 3537 541 3584 cap.
557 3526 591 3573 13,
