2452 3946
171 171 229 228 ill
377 183 515 234 uiuunt!
534 183 635 232 'tortus
656 181 739 232 tutus
759 183 908 234 ctttomct.

169 306 184 344 a
209 282 339 349 maxime
353 305 459 349 curare
476 283 565 368 debet
587 293 620 348 ut
640 302 710 366 quae
729 281 809 346 clara
823 301 895 346 voca
909 281 1038 348 dicenda
1053 287 1143 362 sunt,

170 397 184 434 n
209 375 346 438 distincte
360 376 532 458 etappnsitb
545 373 694 457 prolcrat‚
710 391 771 436 non
782 372 946 436 admodum
958 373 1142 446 festinanter.

169 486 185 522 a
210 473 243 526 ut
256 464 679 546 aduerterepossitquaelegit3
693 461 1146 548 neonimismorosblidnotent
1217 496 1221 511 .,

170 577 185 614 a
209 558 262 636 qni
275 574 307 614 m
322 553 412 615 Mrem
428 553 614 615 indiscretmn
628 551 802 614 devotionem
810 551 1001 633 protrabunt)
1014 599 1022 627 ‚
1038 571 1078 614 nc
1091 571 1144 614 au·

171 665 184 701 n
209 643 325 704 dientes
339 643 427 705 taedio
441 642 548 705 alliciat
564 661 572 704 z
587 661 686 724 neque
701 643 790 704 etiam
804 659 876 704 voca
891 641 981 706 nimis
1003 641 1093 718 elati,
1109 661 1148 706 ne
1216 660 1221 706 1

170 731 1149 813 nperturbetaliosquilortasseinebdemecclesidtunotemporis
1218 729 1222 739 '

171 843 185 879 n
210 819 1148 902 belebronenequetamsubmissautbcircumstantibusaudiri

171 933 185 968 n
212 929 273 970 non
289 910 397 990 possit;
414 909 465 970 sed
480 909 624 970 mediocri
633 917 661 970 ct
671 908 1071 990 gravi,quaeetdev0tionem
1085 927 1151 972 mo·

170 1021 185 1058 a
210 1003 296 1076 reat,
312 1006 341 1060 ct
352 997 543 1060 audientibus
557 999 596 1059 ita
611 998 650 1060 sit
661 997 887 1060 accommodata
898 1046 907 1077 ‚
918 1003 1028 1080 utquae
1043 998 1150 1080 legun-

171 1110 186 1146 »
211 1094 269 1162 tur,
286 1087 470 1170 intelligant3
486 1089 637 1169 quaerero
650 1088 766 1151 secreto
786 1087 914 1150 dicenda
931 1094 1000 1151 sunt
1020 1088 1061 1148 ita
1075 1107 1148 1170 pro-

171 1200 185 1238 n
212 1179 328 1238 nuntiet
345 1183 378 1239 ut
402 1177 527 1258 ipsemet
540 1196 572 1239 se
586 1176 706 1253 audiat,
723 1180 781 1240 etl
797 1175 1061 1240 circumstantibus
1085 1197 1150 1240 non

172 1289 186 1325 a
212 1265 358 1328 audiatur.
375 1288 390 1326 n
409 1267 556 1342 Praeterea
570 1267 683 1329 Concil.
700 1267 833 1329 Trident.
852 1271 936 1344 (sess.
954 1271 1013 1340 22,
1028 1285 1099 1328 can.
1113 1268 1149 1348 9)

168 1357 214 1417 sic
233 1355 394 1416 decernit:
420 1377 435 1414 e
455 1357 485 1417 Si
504 1356 572 1437 quis
594 1355 699 1418 dixerit
724 1356 865 1420 Ecclesiae
887 1359 1030 1419 Romame
1054 1358 1150 1422 ritum

173 1467 187 1501 a
211 1463 266 1526 qao
279 1443 419 1504 sabiniani
437 1463 501 1507 noce
521 1464 589 1526 pars
606 1445 736 1507 Cononis
749 1451 780 1508 et
792 1446 883 1508 verba
906 1447 1152 1510 Consecrationis

173 1555 187 1590 n
212 1531 416 1613 proteruntur,
433 1533 641 1596 damnandum
664 1553 746 1613 esse,
766 1543 816 1597 aut
831 1535 935 1618 lingua
947 1537 1066 1597 tantum
1080 1537 1152 1599 vul·
1223 1551 1224 1554 ’

173 1643 186 1680 n
212 1621 274 1703 gari
290 1622 413 1684 missam
427 1623 571 1690 celebrari
587 1623 734 1703 debere..‚
750 1624 909 1688 anathema
922 1625 969 1686 sit.
986 1643 1002 1682 n

212 1713 300 1774 3715.
325 1713 557 1774 controvertitur
582 1721 683 1778 autem
707 1733 744 1776 an
766 1715 804 1776 sit
828 1721 985 1798 peccatum
1003 1715 1153 1796 mortale,

172 1801 213 1863 ita
230 1801 378 1865 submisse
399 1803 594 1884 pronuntiare
608 1803 696 1865 verba
711 1812 744 1865 ut
764 1803 828 1886 ipse
847 1804 1003 1867 celebrans
1016 1814 1156 1886 nequeat

173 1909 205 1954 se
218 1892 322 1954 audire
337 1913 345 1967 3
363 1892 423 1954 imo
443 1893 474 1953 in
493 1891 550 1954 boc
563 1891 686 1974 quidam
700 1893 804 1956 dicunt
818 1894 934 1958 nullum
951 1892 1055 1956 adesse
1076 1913 1154 1977 pec-

173 1989 273 2042 catum
289 1980 360 2042 :aad
375 1983 469 2056 recte,
481 1980 616 2063 inquitS.
627 1983 785 2064 liguorius
796 1984 857 2063 (lib.
870 1988 900 2060 6,
914 1993 946 2044 n⁰
957 1986 1044 2060 tlt),
1055 1987 1157 2048 Tour-

173 2069 242 2148 nely
256 2070 295 2132 ait
310 2069 368 2134 boc
383 2087 445 2132 non
469 2072 603 2132 excusari
619 2073 635 2131 a
651 2082 773 2152 peccato
791 2073 899 2135 veniali
912 2121 920 2151 ‚
934 2072 974 2134 ob
995 2073 1157 2139 rubricam

174 2158 264 2219 rnodb
278 2159 486 2222 relatam-r
500 2159 581 2222 Bene
595 2163 665 2222 verb
679 2161 751 2224 dicit
758 2161 898 2234 Quarti...
909 2181 970 2224 non
985 2166 1158 2228 excusarit

172 2267 188 2306 a
214 2247 330 2309 mortali
350 2247 401 2328 qui
416 2246 459 2310 sic
473 2248 620 2330 proterret
632 2251 722 2314 verba
735 2251 993 2328 Consecrationis,
1008 2253 1083 2332 quia
1103 2273 1158 2340 ex·‚

173 2357 188 2394 a
213 2343 377 2417 poneretur
388 2345 609 2400 sacramentum
625 2340 758 2422 periculo
773 2339 927 2404 nuilitatis.
943 2363 959 2400 a
975 2340 1092 2422 (ibid.)

213 2429 301 2488 arto.
320 2427 462 2489 Similiter
475 2430 704 2492 controvertitur
722 2448 761 2492 an
776 2439 931 2511 peccatum
946 2431 983 2494 sit
996 2432 1158 2500 submisalt

173 2517 297 2577 recitare
310 2536 378 2598 quae
392 2517 452 2578 alta
464 2535 537 2580 voca
550 2525 620 2580 sunt
634 2518 856 2600 pronuntianda
873 2521 958 2602 juxta
971 2519 1132 2587 rubricam
1147 2513 1156 2600 ς’

174 2605 274 2686 plures
291 2605 397 2668 dicunt
410 2609 442 2668 in
456 2604 515 2670 hoc
529 2606 633 2670 adesse
648 2617 804 2690 peccatum
819 2611 956 2688 mortale,
971 2611 1048 2676 dum
1062 2616 1160 2678 Tam·

173 2693 239 2758 bur.
257 2695 372 2758 nullum
382 2697 413 2758 in
422 2715 458 2758 eo
472 2698 585 2780 reperit
598 2705 753 2778 peccatum
767 2718 774 2759 :
790 2697 844 2762 sed
858 2699 968 2764 metius
981 2699 1159 2771 dicendum

13 2811 15 2814 ·
115 2838 117 2844 ,
174 2792 255 2864 putat
270 2786 300 2847 S.
317 2787 437 2866 Liguor.
454 2786 518 2866 (ib,
538 2795 570 2847 n⁰
585 2790 654 2864 415)
670 2787 699 2848 id
714 2805 775 2850 non
790 2789 988 2870 essequidern
1002 2795 1159 2874 mortale,

173 2875 242 2934 cinn
258 2893 319 2934 non
334 2874 468 2936 videatur
482 2875 605 2936 materia
620 2876 732 2958 gravis,
748 2876 800 2938 sed
815 2878 942 2941 minime
956 2897 1045 2960 posse
1060 2901 1161 2951 excu-

173 2963 231 3022 sari
246 2963 261 3022 a
276 2961 383 3024 veniali
394 3009 401 3036 ‚
414 2971 534 3044 propter
544 2964 695 3028 rubricam
705 2985 796 3050 supra
805 2967 929 3034 relatam
946 2987 954 3029 ε
971 2987 1028 3032 nco
1039 2973 1165 3041 sufficit

172 3049 317 3111 excedere
340 3051 465 3114 modum
487 3055 615 3118 secreta
638 3055 812 3132 Orationis,
838 3055 987 3143 quidquid
1008 3065 1165 3130 nonnulli

173 3137 273 3198 dicant
285 3158 292 3198 z
303 3139 453 3220 siquidem
463 3160 501 3204 ex
510 3142 782 3220 ruminabamur
791 3145 943 3208 recitanda
957 3165 1031 3210 voce
1041 3150 1167 3220 elidet

173 3225 229 3286 alia
243 3245 315 3288 voce
327 3229 487 3307 mediocri;
502 3239 531 3293 et
545 3233 646 3294 omnia
661 3234 700 3294 ita
715 3233 791 3296 elatb
805 3242 838 3298 ut
851 3237 868 3296 b
882 3236 1169 3308 circumstantibus

173 3314 333 3378 audiantur
349 3337 357 3394 ;
378 3321 515 3399 quamns
530 3323 656 3384 minime
673 3323 711 3384 sit
721 3325 922 3386 necessarium
937 3333 970 3388 ut
982 3329 1087 3392 curnis
1101 3351 1164 3414 po-

173 3403 262 3486 pulus
275 3425 381 3468 rocem
395 3407 516 3482 audiat,
532 3408 584 3470 sed
604 3411 730 3473 sufficiat
744 3413 843 3494 utqui
859 3417 952 3498 prope
970 3425 1044 3480 sunt
1054 3421 1170 3490 altam

172 3495 327 3576 percipere
341 3494 457 3556 valcant
471 3514 539 3576 quaa
554 3497 706 3577 leguntur.
724 3501 766 3578 (S.
779 3503 914 3584 Lignum,
930 3503 986 3584 ili.)

213 3583 302 3642 arrr.
315 3582 418 3654 Quoad
433 3601 467 3644 ce
477 3603 545 3656 quae
560 3585 786 3655 submissbsunt
796 3591 1173 3674 dicendamomnuniter
