2434 3940
212 167 268 232 tuli
431 179 569 227 vanusne
589 169 692 225 ronna
710 165 793 222 scats
815 164 961 218 canomcr.

210 305 225 342 ι
251 282 421 364 predictis,
447 297 608 363 personam
631 297 700 360 quae
716 273 957 340 sollicitationem
981 265 1181 345 commiserit,

210 393 225 430 a
249 371 366 433 etiamsi
376 371 516 433 sacerdos
530 371 569 432 sil
581 369 632 451 qui
642 365 849 447 iurisdictione
859 360 897 423 ad
907 358 1136 424 absolutionem
1144 374 1182 417 ra·

211 481 226 516 a
250 457 310 521 lide
325 459 554 541 impertiendam
568 465 668 521 careat
680 502 689 533 ,
703 463 755 518 ant
768 449 934 516 sollicitatio
950 449 1028 510 inter
1040 445 1183 508 contessa

212 569 226 604 o
251 549 331 610 rlmn
340 555 371 609 et
384 549 578 629 poenitentem
587 553 691 610 mutua
701 543 800 618 tuerit,
811 535 1083 604 sivesollicitationi
1096 533 1181 616 poeni·

212 656 227 694 a
252 643 319 698 tens
330 638 535 713 consenserit,
546 639 608 699 aive
617 649 799 698 consensum
812 628 937 691 minime
948 625 1136 706 prostiterit,
1150 620 1183 722 vd

213 747 228 782 a
254 723 379 806 longum
390 733 511 808 tempus
523 726 696 806 postipsam
706 715 1017 794 sollicitationemjtrm
1030 713 1183 780 ellluxerrt.

214 835 228 872 a
252 822 304 876 aut
321 815 489 876 sollicitatio
507 811 742 886 lcontessario,
762 826 824 870 non
850 824 905 887 pro
927 804 1044 884 seipso,
1065 801 1121 864 sed
1143 818 1185 882 pro

215 923 229 959 a
254 903 311 964 alit
327 907 453 983 persona
476 911 594 984 peracta
616 901 717 963 luerit.
741 899 870 960 Caveant
891 893 1014 972 insuper
1031 889 1185 970 diligenter

216 1012 230 1048 o
255 990 430 1053 contessarii
449 1009 487 1052 nc
503 988 824 1070 punitentlbus,quoa
844 979 1057 1060 noverintjam
1076 979 1118 1040 ab
1138 977 1186 1038 alio

216 1101 229 1136 ι
256 1079 449 1142 sollicitatos.
472 1081 721 1140 sacramentalem
743 1071 965 1138 absolutionem
991 1067 1185 1140 impertiant,

215 1181 230 1220 r
253 1157 311 1220 nisi
323 1157 673 1236 prilrsdenuntiationem
684 1165 855 1232 prmtretam
868 1155 904 1212 ml
920 1153 1061 1211 attactum
1077 1163 1180 1230 pr‘rrtu·

216 1271 231 1308 a
255 1253 368 1318 centes,
384 1247 611 1326 detrnquentem
635 1241 832 1303 indicaverint
861 1240 1045 1322 competenti
1068 1241 1179 1321 judici,

217 1358 231 1396 a
257 1337 302 1397 vel
317 1336 421 1396 saltem
439 1353 482 1408 se,
504 1335 574 1395 cirm
591 1333 724 1413 primitm
749 1339 903 1409 poterunt,
918 1329 1074 1393 delaturos
1090 1349 1180 1412 spon·

217 1445 232 1484 a
256 1425 359 1498 deant,
372 1441 407 1486 ac
420 1433 606 1501 promittant.
624 1445 639 1481 o
661 1423 695 1482 V.
713 1418 804 1500 supra
818 1419 921 1499 (tuat,
937 1419 988 1498 ll).

256 1517 345 1577 3869.
373 1513 465 1575 Panlo
485 1522 550 1592 post
574 1511 712 1588 adiicitur
735 1517 839 1572 contra
863 1511 986 1590 eosqui
1009 1510 1199 1580 innoeentes

218 1603 386 1666 sacerdotes
409 1601 631 1664 ealmnniarent
649 1619 657 1662 :
678 1622 731 1662 c...
746 1600 953 1678 Qaraecumque
974 1618 1105 1679 persona
1121 1618 1182 1682 qrra

219 1714 234 1752 r
259 1693 415 1754 execrabili
440 1691 613 1770 huJusmod'r
633 1689 745 1772 flagitio
770 1687 1037 1769 coinquinaverit,
1063 1691 1109 1752 vel
1134 1707 1182 1771 per

220 1803 235 1842 a
259 1783 388 1862 seipsam
411 1782 586 1842 innocentes
612 1780 813 1841 confessarios
836 1779 929 1858 impie
944 1778 1183 1852 calumniando,

221 1893 236 1930 o
260 1872 304 1932 vet
320 1871 443 1932 sceleste
456 1867 645 1949 procurando
659 1877 693 1931 ut
708 1869 736 1928 id
751 1867 789 1928 ab
805 1868 871 1928 aliis
883 1869 944 1943 frat,
961 1869 978 1929 a
994 1886 1184 1949 quocumque

222 1960 414 2021 osacerdotc
441 1957 547 2039 quovis
574 1957 750 2037 privilegio,
779 1958 953 2019 auctoritate
981 1963 1012 2020 et
1046 1959 1185 2038 dignitate

222 2072 237 2108 a
263 2049 389 2124 munito,
402 2061 601 2128 preterquam
615 2047 746 2120 ttNobis,
758 2048 933 2126 Nostrisque
945 2047 1184 2118 Successoritma,

223 2161 237 2198 a
263 2137 318 2199 nisi
335 2139 365 2198 in
381 2139 440 2199 line
455 2141 532 2209 vitae,
547 2146 577 2196 et
590 2145 714 2214 excepto
723 2137 827 2198 mortis
842 2135 978 2204 articulo,
996 2154 1052 2215 spe
1067 2136 1185 2197 absolu-

224 2249 239 2286 o
262 2229 352 2289 tionis
365 2226 548 2297 obtinenda,
562 2243 654 2306 quam
665 2225 756 2288 Nobis
766 2235 796 2288 et
808 2224 1078 2290 suecessoribus...
1094 2241 1186 2288 reser-

224 2339 238 2374 a
262 2334 376 2385 vanius,
395 2316 695 2394 perpotationem.»
714 2315 750 2376 V.
767 2314 858 2394 supra
875 2316 989 2395 (tutu).

263 2409 350 2465 3870.
373 2403 405 2464 ln
422 2401 524 2464 Edicto
538 2413 638 2466 antem
659 2403 811 2464 Generalis
825 2404 1030 2484 lnquisitionis
1058 2408 1096 2469 tu
1114 2419 1186 2465 mar·

225 2493 256 2554 tii
275 2498 359 2566 tttl'l,
372 2493 539 2572 imponitur
550 2493 821 2554 excommunicatio
837 2494 902 2555 latre
911 2493 1070 2556 sententiaa
1084 2495 1114 2556 in
1128 2510 1198 2568 non¹

225 2582 451 2652 denuntiantes,
467 2583 543 2636 mlra
558 2592 711 2652 mensem,
726 2591 835 2638 omnes
848 2590 886 2639 ne
898 2589 1006 2642 naresr
1028 2594 1198 2662 suspectos.

225 2670 302 2733 inter
315 2684 392 2750 quos
410 2669 628 2727 enumerantur
640 2663 814 2726 contessoril
829 2665 1021 2729 sollicitantes
1034 2669 1072 2730 ad
1087 2669 1198 2748 turpio}

264 2756 421 2830 Quamvis,
441 2771 477 2816 ex
491 2752 589 2814 edicto
610 2752 732 2832 praelato
746 2755 777 2815 S.
797 2755 908 2836 Congr.
924 2756 1061 2838 Inquisit.
1076 2753 1198 2828 excom-l

226 2845 389 2910 munientio
408 2841 521 2902 nonsit
539 2841 673 2902 absolute
693 2852 840 2904 reservata
852 2889 861 2920 ,
875 2844 915 2906 ab
932 2849 968 2906 et
986 2853 1087 2910 tanren
1102 2845 1188 2928 peni

225 2941 322 2994 tentes
338 2949 397 2991 non
415 2937 537 3003 pssum
553 2929 676 2998 atraolvi,
691 2931 745 2991 nisi
763 2933 846 3010 prilrs
861 2931 936 2994 taeta
949 2933 1171 2996 denuntiatione
1184 2929 1198 3000 ,²

233 3017 337 3079 saltem
351 3015 473 3097 quando
482 3017 591 3095 justam
602 3037 661 3079 non
674 3018 784 3080 habent
796 3035 918 3080 caueam
927 3021 1008 3080 illam
1033 3019 1190 3083 differendi.

234 3105 309 3166 Vide
321 3107 351 3166 S.
366 3105 502 3186 Lignea,
514 3105 554 3167 lib
581 3111 611 3181 6,
625 3111 658 3167 n⁰
669 3110 743 3170 693:
753 3107 814 3168 imd
823 3107 933 3168 absolvi
946 3119 1110 3189 nequeunt,
1120 3109 1191 3186 juata

231 3193 378 3255 Strrmler
400 3193 443 3274 (p.
461 3197 517 3256 tou
532 3194 563 3254 in
577 3196 645 3276 stne,
661 3196 679 3275 §
693 3197 753 3276 tl),
770 3195 859 3258 etiam
875 3197 905 3258 in
920 3195 978 3260 hnc
995 3199 1104 3274 ultimo
1119 3213 1190 3260 casn.

270 3285 360 3344 38'll.
376 3285 409 3344 ln
427 3281 512 3345 vultu
529 3284 564 3343 ln
584 3285 717 3363 peneroli
733 3284 982 3368 Conpreputr'one,
1000 3285 1066 3351 lraec
1080 3289 1195 3366 insuper

230 3371 355 3433 sancivit
372 3373 484 3435 Bened.
500 3374 585 3434 XIV:
601 3375 657 3432 ‹rln
674 3381 839 3453 posterum,
856 3375 1026 3439 sacerdotes
1039 3384 1101 3440 tam
1113 3391 1188 3438 sarr

229 3481 244 3518 a
270 3459 346 3522 lares
361 3465 453 3542 quim
466 3461 617 3541 reputares
631 3463 851 3546 cujnscumqne
861 3465 1020 3540 Ordinis„
1035 3467 1081 3530 vol
1093 3467 1188 3530 iuncto

230 3571 245 3610 a
270 3551 497 3612 sacramentalis
508 3549 721 3626 Confessionis,
734 3551 793 3614 sive
806 3553 885 3616 itlius
905 3555 1063 3620 occasione
1071 3563 1120 3620 aut
1130 3569 1197 3636 pre-
