2482 3944
182 120 221 182 11
402 137 540 182 annuam
560 135 661 180 rcrrus
681 136 763 180 auara
784 135 931 180 canumet.

182 253 197 292 ι
221 231 371 312 amplecti,
383 230 516 311 quaesibi
532 233 628 311 magis
639 229 805 290 arriserit.»
820 231 850 291 S.
866 231 931 308 Lip.
943 229 1095 304 lib.,dub.
1112 235 1155 312 3,)

181 319 337 400 distinguit
345 321 421 381 inter
432 319 570 382 moritum
579 317 745 380 naturalem
754 325 782 378 et
790 317 955 380 violentum
966 338 973 378 ε
984 320 1013 380 in
1023 319 1080 383 hcc
1092 341 1157 402 pos·

182 408 281 470 teriori
297 427 379 482 casu,
396 407 524 469 admittit
541 407 623 487 qudd
637 405 812 468 communio
827 424 887 468 non
909 409 1026 468 tantum
1042 412 1154 489 possit,

183 496 233 558 scd
256 497 345 558 etiam
369 496 451 578 qudd
472 495 578 558 debeat
594 493 692 570 sumi3
717 513 803 556 secus
824 495 854 556 in
871 497 961 576 priori
976 514 1047 559 casu
1061 545 1069 568 ,
1085 499 1157 578 quia

183 595 312 664 aegrotus
324 586 387 664 jam
401 592 464 647 erat
478 585 508 646 in
524 583 803 666 periculo,quando
813 601 902 646 mane
911 586 1155 664 communicavit,

183 673 264 734 unde
279 681 463 754 praeceptum
478 672 658 754 adimplevit.

224 764 314 823 3113.
338 762 368 824 Si
389 759 466 822 adsit
483 759 611 822 dubium
628 759 666 822 de
684 759 819 841 periculo
832 760 978 831 vomitus,
994 761 1079 842 priias
1092 761 1156 826 dari

183 856 282 930 potest
304 849 450 930 particula
471 867 532 910 non
554 855 750 910 consecrata:
773 848 903 928 quamsi
927 867 1007 928 aeger
1024 850 1155 930 rejiciat,

185 938 268 998 nullo
283 937 374 1000 modo
389 944 432 999 est
446 935 545 998 danda
554 943 743 1010 consecrata,
755 954 842 998 secus
855 936 880 998 si
897 937 1040 1014 retineat;
1051 939 1075 999 si
1087 941 1157 1000 vero

185 1025 422 1105 independenter
435 1027 454 1086 a
469 1025 548 1100 cibo,
563 1025 709 1106 perpetud
723 1030 852 1100 evomat,
865 1025 949 1086 nullo
961 1025 1052 1088 modo
1066 1029 1156 1088 etiam

185 1121 229 1174 est
243 1113 358 1190 danda,
374 1115 431 1176 nisi
452 1111 526 1176 forte
544 1131 599 1195 per
616 1131 667 1176 sex
683 1113 771 1174 lrnras
785 1111 860 1174 liber
874 1115 890 1173 a
905 1115 1017 1176 vomitu
1032 1113 1155 1178 luisset:

186 1203 255 1282 quia
271 1204 437 1265 reverentia
452 1202 628 1264 sacramenti
641 1201 772 1284 praeierri
786 1201 876 1262 debet
887 1199 1003 1262 utilitati
1024 1201 1156 1266 infirmi:

186 1289 227 1351 ita
241 1291 425 1370 probabilius
438 1299 468 1354 et
481 1291 691 1366 conrnuntns;
708 1289 788 1351 idem
802 1297 846 1351 est
859 1289 1038 1352 servandum
1047 1291 1077 1352 in
1086 1311 1157 1356 casu

186 1377 293 1440 delirii.
308 1380 402 1460 AEger
415 1380 573 1460 autemqui
585 1380 658 1442 tussi
671 1385 802 1452 vexatur,
815 1381 1156 1460 potestcommunicarc‚

186 1468 256 1548 quia
274 1469 319 1529 via
334 1486 388 1548 per
405 1485 496 1549 quant
518 1474 606 1549 sputa
626 1471 830 1542 excutiuntur,
845 1485 906 1528 non
922 1474 966 1528 est
978 1467 1157 1550 oesophagus

188 1574 242 1617 seu
255 1557 302 1618 via
315 1555 455 1618 ciborum
468 1555 506 1618 ad
520 1556 720 1634 stomachum,
733 1555 785 1618 sed
801 1555 901 1636 potiirs
914 1574 1019 1636 aspera
1032 1559 1155 1632 arteria,

92 1707 97 1714 ,
188 1663 241 1706 εειι
255 1646 302 1706 via
315 1646 520 1727 respirationis
538 1644 575 1706 ad
589 1645 769 1724 pulmones,
784 1643 876 1707 modo
897 1651 998 1706 tamen
1014 1645 1158 1726 particula

188 1734 282 1813 possit
295 1733 333 1795 ad
346 1733 533 1796 stomachum
552 1731 735 1795 descendere
750 1751 759 1793 ε
776 1751 846 1794 nam
860 1732 884 1794 si
907 1732 996 1794 tussis
1011 1729 1058 1794 ¹ita
1080 1740 1160 1796 esset

187 1821 331 1884 continue
344 1829 377 1884 ut
393 1821 421 1884 id
437 1839 498 1884 non
512 1820 714 1904 permitteret,
729 1819 941 1882 abstinendum
955 1829 1033 1883 esset
1046 1823 1064 1884 a
1077 1840 1159 1884 conr-

189 1911 355 1987 munione,
370 1911 412 1972 uti
428 1909 553 1971 habetur
573 1909 604 1970 in
626 1909 734 1970 Rituali
750 1910 897 1986 Romano,
914 1907 1025 1972 Comm.
1041 1909 1157 1992 infirm.

188 1996 230 2073 (S.
247 1999 382 2076 Lignor„
401 1998 452 2058 lib.
469 2001 505 2068 6,
522 1996 563 2058 ρ’·
578 2001 633 2058 291
650 2004 679 2058 et
692 1999 775 2076 292.)

228 2087 317 2145 3111.
329 2085 385 2155 Qui
401 2091 466 2165 post
481 2085 627 2146 Viaticum
643 2085 774 2164 peccavit
782 2087 956 2164 mortaliter,
968 2106 1029 2150 non
1040 2093 1160 2152 tenetur

189 2171 298 2233 iterum
335 2173 583 2236 communicare:
599 2181 672 2235 tunc
698 2175 781 2236 enim
807 2177 836 2236 ei
862 2177 970 2240 suflicit
997 2177 1157 2241 confessio.

189 2261 231 2336 (S.
246 2260 380 2340 Lignea,
396 2261 449 2334 il„
464 2265 498 2323 ιιο
511 2265 593 2340 6113.)

230 2351 318 2412 atta.
342 2350 481 2412 Dandum
509 2357 554 2412 est
575 2351 723 2414 viaticum
747 2353 836 2416 etiam
853 2355 956 2436 pueris
969 2353 1028 2416 doli
1044 2354 1161 2436 capaci-

190 2436 270 2500 bus:
297 2438 336 2499 ita
360 2438 472 2500 Bened.
489 2441 571 2516 XIV,
590 2436 631 2501 Ile
650 2441 726 2521 Syn.
743 2441 805 2522 (lib.
822 2447 859 2518 ’1,
874 2461 902 2505 o.
920 2447 977 2518 12,
996 2461 1030 2502 ιιο
1043 2445 1073 2520 3)
1088 2461 1159 2504 cum

190 2525 255 2588 aliis
269 2526 393 2602 multis;
415 2534 516 2589 errant
536 2546 609 2609 ergo
629 2531 682 2609 qui
705 2529 749 2590 eis
773 2531 920 2592 viaticum
942 2530 1014 2593 dare
1028 2531 1158 2593 nolunt:

189 2609 224 2675 P.
241 2615 322 2696 Gury
336 2613 421 2694 (tom.
437 2619 477 2693 2,
493 2625 526 2677 n⁰
541 2619 629 2694 211);
650 2617 745 2678 lle-true
767 2616 815 2679 des
834 2619 955 2680 sea'enees
974 2619 1096 2695 eccles,
1120 2621 1161 2682 2⁰
1227 2651 1228 2698 ι

190 2720 270 2766 mars
285 2707 360 2767 1661
375 2751 384 2782 ,
399 2723 430 2787 ρ.
453 2709 532 2784 tto,
555 2703 735 2767 ubidicitur
755 2705 838 2787 qudd
862 2705 920 2768 hoc
941 2725 1000 2768 nnn
1015 2707 1109 2787 possit
1121 2707 1161 2768 ab

189 2792 344 2874 Episcopis
357 2793 520 2874 prohiberi.
537 2793 566 2855 Si
581 2795 651 2856 vero
664 2793 703 2856 de
716 2794 878 2874 capacitate
892 2795 976 2875 pueri
990 2795 1158 2872 dubitetur,

190 2881 243 2943 etsi
258 2883 371 2942 nonsit
393 2881 534 2960 obligatio
555 2881 641 2942 illum
659 2881 925 2957 communicandi,
948 2889 1045 2964 potest
1058 2889 1159 2944 tamen

188 2969 365 3031 communic
378 2967 421 3028 illi
434 2967 645 3030 administrari.
670 2971 717 3050 (S.
733 2969 872 3051 Lignea,
887 2968 974 3046 illd„
986 2977 1016 3032 ct
1031 2979 1064 3032 n·
1078 2972 1134 3034 391
1150 3017 1158 3049 ,
1227 3019 1228 3104 p

188 3057 256 3117 dut.
273 3059 317 3134 2.)
1227 3107 1228 3148 ,

228 3147 318 3206 3116.
333 3175 374 3190 -
390 3143 424 3204 2·
444 3144 506 3206 Etsi
528 3143 661 3210 Christus
683 3165 745 3210 non
772 3146 1015 3211 determinaverit
1039 3154 1160 3229 tempus

189 3231 411 3294 communionis
425 3241 506 3296 extra
528 3236 695 3317 periculum
710 3237 825 3312 mortis,
842 3238 975 3300 Ecclesia
989 3245 1089 3298 tamen
1105 3255 1159 3318 pro

29 3379 60 3404 „
188 3338 225 3382 eo
238 3321 403 3402 designavit
418 3329 536 3406 ternpus
550 3325 698 3407 paschale,
711 3325 792 3407 quod
805 3328 1008 3389 communiter
1018 3343 1158 3386 numera-

21 3461 34 3490 „
53 3471 54 3474 ,
70 3473 71 3476 ,
188 3415 237 3472 tur
250 3412 268 3472 a
282 3411 438 3474 Dominica
452 3413 621 3476 Palmarum
641 3433 737 3496 usque
759 3415 796 3477 ad
818 3415 1006 3478 Dominicam
1019 3415 1052 3475 in
1064 3413 1158 3476 allis:

34 3551 35 3554 ,
56 3535 60 3538 ι
188 3504 218 3562 et
232 3498 288 3562 hoc
302 3517 337 3560 cx
352 3501 555 3564 Declaraticne
565 3503 736 3585 EugeniilV
748 3503 806 3576 (De
817 3502 909 3581 Syn,
919 3502 970 3564 lib.
984 3507 1037 3583 ta,
1047 3519 1113 3583 cap.
1125 3505 1155 3582 6,
