2416 3954
250 207 311 270 otte
470 218 608 264 annuam
628 217 730 265 remus
748 216 832 266 scats
850 217 1001 268 aaronica.

252 319 409 399 Pontifex,
433 325 596 401 antequam
619 335 707 386 suam
726 316 803 383 ierat
821 322 1004 384 sententiam
1022 317 1174 388 dedriinm

251 427 374 474 oausam
387 407 487 472 adhuc
500 408 593 488 agitat
606 407 636 470 in
650 407 746 474 tribus
758 407 959 472 Consistoriis.

292 498 430 562 Primum
458 501 504 558 est
526 503 699 576 secretum,
728 496 847 578 ipsiquo
871 495 955 560 adeat
975 503 1075 564 totum
1096 498 1177 562 Statum

251 587 419 669 Collegium
434 583 650 661 cardinalium,
666 584 847 667 praesidente
861 587 893 648 S.
909 587 1073 665 Pontilice;
1091 587 1115 650 in
1126 579 1177 646 aolt

252 675 351 738 brevis
372 693 472 738 causae
493 673 599 736 relatio
618 673 805 737 tcardinale
823 673 969 739 Praeleoto
991 677 1023 740 S.
1040 679 1076 740 tt.
1098 676 1176 752 congri

252 763 362 828 deinde
375 761 511 839 Praelati,
527 761 638 844 quihus
649 762 741 844 paulo
759 769 829 825 ante
842 763 1058 842 consistorium
1069 762 1178 828 dmoni

252 853 371 916 tuerent
384 854 401 914 a
416 851 583 916 secretario
596 849 667 912 lolia
676 851 829 932 epitomen
840 851 920 914 Beati
934 843 1178 930 maurentani

253 941 364 1024 singuli
378 941 508 1003 sentiant
520 957 576 1020 per
587 938 713 1002 verbum
719 939 818 1022 placet
832 941 878 1002 vel
891 959 947 1001 raon
961 942 1063 1024 placet
1074 939 1177 1026 aperiunt.

293 1029 470 1096 Secundum
483 1035 528 1090 est
542 1027 717 1109 publicum,
731 1027 770 1090 ad
784 1028 881 1110 quod,
896 1037 1006 1110 preter
1018 1022 1178 1094 Sacrunctl·

166 1183 169 1189 ,
254 1119 367 1201 legium
378 1123 408 1180 et
420 1135 528 1179 omnes
541 1116 705 1200 Episcopos
727 1119 831 1178 Bomae
854 1117 997 1199 degentes
1010 1125 1041 1181 et
1054 1119 1125 1180 intra
1137 1129 1177 1175 cet·

255 1209 395 1272 tesimum
416 1204 546 1288 lapidem
559 1213 799 1279 commorantes,
814 1215 1020 1268 convocantur
1033 1205 1178 1270 consultore

255 1294 438 1358 etOliiciarii
461 1295 492 1356 S.
513 1295 549 1354 lt.
575 1293 769 1375 congregat,
795 1295 992 1356 Protonotarii
1014 1302 1045 1358 et
1067 1294 1179 1358 tutius

256 1385 388 1446 Gamerae
402 1383 597 1463 apostolicae,
614 1381 756 1445 Advocati
777 1381 1022 1459 consistorialcs,
1038 1384 1180 1448 Gubernrtt

258 1473 407 1544 civitatis,
431 1471 531 1553 Legati
550 1471 726 1552 Principum
748 1471 986 1544 catholicorum,
1006 1480 1038 1536 ct
1055 1466 1181 1553 Deteptil

256 1562 423 1624 civitatibus
446 1559 578 1621 Dominii
599 1561 630 1622 8.
647 1560 733 1622 Sedis
755 1567 786 1622 et
805 1560 866 1622 alii.
890 1563 925 1622 ln
944 1559 1003 1623 hoo
1024 1558 1181 1624 Consistit,

257 1651 295 1712 ab
308 1669 369 1712 uno
384 1667 419 1712 ex
435 1648 591 1710 Advocatis
604 1648 865 1711 Consistorialibus
875 1649 908 1710 lit
920 1650 1016 1711 oratio
1029 1650 1061 1712 in
1075 1656 1131 1732 apra
1140 1641 1183 1724 agl

258 1740 340 1802 latim
354 1745 570 1801 enumerantur
584 1737 689 1799 merita
710 1739 790 1799 Beati
810 1737 1024 1816 canonicandi,
1039 1743 1184 1821 quaquett

258 1836 319 1890 tam
333 1827 506 1889 consistorii
520 1826 709 1889 durationem
724 1825 851 1906 implere
865 1826 966 1888 debet.

297 1917 431 1978 Tertium
452 1923 497 1977 est
519 1914 765 1996 semi-publicum
783 1933 790 1974 :
807 1914 836 1975 in
855 1933 952 1995 eoque
965 1913 1077 1978 adsunt
1088 1916 1138 1978 soli
1146 1911 1187 1972 cit·

258 2005 372 2065 dinales
386 2010 414 2064 et
429 2004 569 2084 Episcopi
585 2005 687 2064 Romae
698 2002 841 2083 degentes
854 2009 905 2065 aut
917 2001 956 2064 ad
970 2021 1038 2065 eam
1052 2001 1185 2067 meruti.

259 2095 275 2152 ia
290 2092 399 2171 quibus
414 2090 549 2152 Pontifex
565 2091 690 2170 requirit
703 2091 897 2168 sententiam,
912 2093 1027 2174 quique
1044 2091 1123 2156 illam
1135 2101 1186 2174 pret

259 2185 336 2252 taut,
352 2177 583 2240 rememorando
596 2178 725 2241 breviter
737 2181 859 2242 virtutes
869 2188 899 2241 et
911 2181 1056 2244 miracula
1069 2173 1186 2246 Ser-silc·

297 2269 387 2328 t868.
410 2267 464 2327 llis
477 2267 598 2328 cadem
618 2269 764 2349 expletis,
778 2269 803 2330 si
817 2271 848 2331 S.
863 2269 1001 2332 Pontifex
1014 2277 1121 2334 statuat
1130 2279 1187 2332 cart

261 2357 440 2417 nizationem
453 2373 519 2418 esse
532 2356 735 2437 peragendam
748 2403 757 2435 ,
772 2355 852 2419 diem
866 2359 931 2437 ejus
945 2359 1136 2422 solemnitatis
1146 2353 1188 2419 au'·

260 2454 346 2528 gnat,
364 2461 496 2506 -necnon
520 2444 676 2507 Basilicam
700 2445 732 2506 in
753 2449 814 2526 quc
830 2453 876 2507 est
894 2446 1090 2526 celebranda,
1105 2455 1132 2510 ct
1151 2453 1189 2525 qut

260 2536 335 2597 solet
357 2551 422 2596 essa
447 2535 607 2610 Vaticana3
634 2533 708 2595 solet
721 2539 823 2596 autem
838 2534 973 2597 Pontifex
993 2535 1050 2598 lite
1070 2535 1190 2599 occasion

260 2624 483 2705 indulgentiam
507 2621 670 2704 plenariam
693 2621 811 2702 elargiri
825 2620 964 2686 fidelibus
985 2625 1038 2705 qui
1050 2623 1185 2687 confessi

261 2718 343 2776 saort
362 2711 577 2775 communione
591 2709 691 2772 relecti
703 2757 712 2786 ,
726 2711 771 2772 rel
794 2710 981 2792 propositum
995 2712 1131 2774 habentes
1143 2711 1172 2770 int

262 2801 482 2864 hebdomadam
490 2797 653 2862 confitendi
667 2803 697 2860 et
705 2817 819 2861 sacram
827 2799 1043 2863 cucharistiam
1051 2793 1190 2881 recipient

261 2892 387 2953 solemni
400 2891 565 2952 intererunt
578 2888 765 2950 eaeremoniae
778 2887 1028 2952 canonizationis.

300 2983 390 3041 4869.
413 2978 593 3040 solemnitas
613 2976 732 3039 initium
752 2975 866 3039 ducite
883 2979 1094 3059 processione,
1111 2977 1137 3040 in
1157 3002 1163 3031 ι

262 3065 394 3127 delentur
405 3065 548 3128 vexillum
563 3083 634 3128 oum
648 3063 778 3146 imagine
794 3064 877 3127 Beati
898 3067 1111 3144 canonimndi,
1128 3057 1190 3126 etcui

262 3153 325 3234 ipse
340 3153 371 3214 S.
387 3151 523 3215 Pontifex
536 3154 675 3229 interest;
691 3158 850 3235 postquam
864 3153 974 3216 solium
994 3173 1081 3219 suum
1095 3155 1121 3216 in
1135 3149 1189 3212 Basi-

262 3241 319 3302 lict
339 3240 552 3303 sanctissimus
572 3241 762 3316 conscendit,
777 3241 913 3304 ahsoluto
926 3251 1071 3306 consueto
1082 3241 1189 3306 ohedien-

261 3331 310 3388 tiae
325 3328 403 3405 ritu,
423 3346 503 3390 unus
516 3347 551 3390 ex
566 3330 715 3410 Magistris
727 3331 982 3395 caeremoniarum
1001 3333 1039 3394 ad
1053 3333 1140 3394 imum
1150 3323 1190 3388 soli

263 3415 389 3494 gradum
403 3415 486 3476 ducit
508 3417 734 3479 Procuratorem
754 3417 946 3499 delegatum,
967 3419 1004 3482 ed
1019 3417 1191 3503 postulanda*

263 3500 523 3564 canonizationem
537 3507 597 3565 und
610 3499 681 3566 oum
696 3504 846 3568 Advocato
858 3507 1071 3586 consistoriali,
1085 3509 1131 3589 qui
1141 3507 1190 3582 rjus

263 3587 332 3654 dem
354 3589 558 3652 Procuratoris
579 3593 702 3654 nomino
716 3593 891 3674 petitionem
904 3596 979 3658 solet
995 3596 1034 3660 ad
1049 3595 1190 3659 Pontifices
