2434 3940
391 269 473 334 llum
495 269 652 328 sandonus.
719 247 724 260 ’
953 255 1011 334 ll5

66 383 77 427 t
96 373 167 474 elul
184 367 308 456 medici,
323 385 485 462 antequam
508 382 681 444 doctoratus
701 379 811 464 gradus
833 389 1008 465 annotant,

64 481 76 516 ι
92 475 218 540 Jurentse
232 467 287 532 hirc
303 479 485 552 praeceptum
499 471 708 534 observaturos
719 491 727 532 ι
738 481 766 534 et
780 474 927 536 Ordinarii
944 477 1009 540 illoa

65 570 75 606 ι
94 570 144 614 non
154 555 304 619 admittant
318 559 350 621 in
362 559 424 622 suis
437 559 634 636 dioecesibus,
651 561 708 622 nisi
722 563 887 626 constiterit
899 564 938 628 de
952 563 1009 628 hod

63 661 74 696 ι
90 642 244 720 juramento
259 651 281 709 ¹.
298 669 314 706 a

93 733 356 815 38ll.Porrdjuxta
363 739 604 802 communiorem
614 739 1009 824 sententiamhocpraeoep·

62 823 232 906 tuminlelligi
248 826 372 908 quidem
386 847 445 890 non
460 829 548 892 delret
559 829 597 890 de
606 829 678 890 solis
693 828 807 890 morbis
818 831 1008 911 periculosis,

61 913 86 966 ut
101 910 188 989 plures
204 933 272 976 oum
290 917 421 997 Laymm
444 918 662 989 existimarunt,
676 937 714 980 ne
736 917 863 980 monitio
877 917 1010 982 differre·

60 1003 97 1058 tur
111 1019 196 1081 usque
214 1003 251 1066 ad
267 1012 388 1086 tempus
407 1025 470 1088 quo
485 1005 600 1068 laciliirs
623 1007 791 1089 periculosa
810 1006 961 1082 eraderet,
976 1016 1009 1072 ut

60 1087 89 1146 tit
105 1090 203 1154 Bened.
223 1095 288 1154 XIV
303 1094 413 1176 (lintis.
429 1099 488 1168 Ἠ,
506 1104 538 1156 ιιο
554 1095 617 1171 19);
634 1095 686 1157 sed
702 1115 759 1159 nec
777 1097 867 1158 eliam
883 1095 1007 1180 intelligi

59 1171 127 1239 debet
138 1179 172 1242 de
185 1199 381 1264 quocumque
400 1183 508 1246 morbo
522 1183 611 1245 etiam
627 1183 702 1263 levi,
718 1192 750 1248 nt
764 1185 856 1248 voluit
869 1188 900 1248 S.
919 1189 1009 1248 Anto·

59 1265 129 1328 uinus
140 1287 206 1332 eum
221 1272 339 1353 Sylvio,
351 1271 403 1334 sed
413 1272 452 1334 de
466 1272 547 1355 gravi
557 1273 664 1336 morbo
674 1274 727 1336 elsi
745 1293 805 1336 non
821 1275 1005 1358 periculosot

59 1353 114 1416 ratio
125 1365 166 1420 est
185 1360 256 1441 quia
271 1363 304 1422 S.
323 1361 457 1424 Pontifex
482 1362 613 1444 loquitur
626 1362 663 1426 de
680 1363 809 1445 infirmis
823 1363 896 1426 lecto
903 1366 1007 1448 jacen-

59 1443 126 1522 liloa,
140 1449 217 1530 quod
232 1457 278 1512 est
292 1450 523 1532 intelligendum
536 1451 575 1513 de
590 1451 667 1514 lecto
680 1453 865 1532 jacentibus,
881 1473 942 1517 non
956 1456 996 1517 ob

57 1534 176 1612 majorem
191 1539 455 1616 commoditatem,
467 1539 519 1603 sed
533 1540 573 1602 ob
588 1545 813 1617 necessilatem,
829 1543 956 1624 proinde
968 1544 1007 1607 dc

56 1625 117 1700 grati
131 1629 233 1690 morbo
247 1629 301 1711 qui
318 1628 428 1692 deinde
443 1629 630 1712 periculosus
643 1629 719 1692 effici
735 1643 845 1712 posset.

83 1715 161 1778 lata.
177 1720 290 1780 Nolunt
309 1721 380 1781 rard
395 1721 458 1782 DD.
475 1719 613 1782 sufficere
633 1719 724 1800 qudd·
736 1719 872 1781 medicus
886 1729 1008 1783 moneat

56 1817 94 1880 per
105 1805 188 1884 alios;
200 1807 340 1872 sufficere
351 1808 463 1890 pariter
472 1809 600 1871 aliorum
609 1807 815 1869 testimonium
830 1809 931 1884 (eliam
946 1827 1007 1871 non

55 1898 185 1976 scriptun)
206 1897 291 1980 quod
315 1897 455 1961 infirmus
474 1899 513 1960 sit
534 1896 710 1972 consessus,
726 1895 818 1959 modd
841 1903 930 1959 testes
949 1897 1009 1960 sint

55 1976 201 2066 idedigni3
217 1985 329 2050 dicunt
344 1987 468 2069 insuper
488 1986 642 2049 medicum
656 1985 693 2048 ad
715 1985 886 2067 hujusmodl
908 1987 1007 2050 moni·

54 2068 143 2135 tionem
158 2095 219 2138 non
234 2076 344 2154 teneri,
360 2077 383 2140 si
399 2076 551 2138 moraliter
567 2077 605 2138 sit
618 2075 881 2138 certusinlirmum
896 2075 1006 2139 esseio
1031 2139 1035 2144 .

55 2156 115 2254 luno
127 2173 219 2243 stutu;
236 2167 362 2229 tandem
383 2165 537 2228 medicum
557 2183 619 2227 non
638 2165 732 2228 teneri
752 2164 790 2226 ad
805 2164 1006 2229 deserendum

57 2249 196 2332 talamum,
208 2256 234 2318 si
250 2257 317 2338 ipse
330 2255 478 2318 obstinate
487 2254 579 2317 nollet
591 2253 740 2326 confiteri,
755 2261 785 2317 el
798 2262 874 2318 esset
888 2255 918 2318 in
932 2258 1008 2338 peri·

56 2337 102 2402 culo
112 2345 223 2419 mortis,
235 2343 442 2426 quiapraeiata
452 2343 573 2407 decreta
589 2343 724 2407 charitati
733 2344 1004 2410 nonadversanlur.

81 2431 158 2498 3813.
176 2437 251 2498 flac
266 2436 297 2494 S.
314 2435 437 2515 Lignor.
453 2433 516 2511 (lib.
530 2437 561 2509 6,
577 2442 610 2495 ιι·’
623 2437 704 2512 661),
715 2434 768 2516 qui
782 2433 865 2496 addit
880 2453 888 2494 ι
901 2457 917 2493 a
930 2437 1007 2498 Cium

53 2533 63 2574 l
81 2521 193 2587 Decreta
208 2523 395 2587 Pontilioum
410 2541 472 2586 non
492 2522 643 2604 obligent,
660 2523 715 2585 nisi
737 2522 906 2586 secundnm
925 2525 1007 2606 quod

51 2627 61 2660 r
80 2620 207 2677 suutusu
220 2620 382 2694 recepta„
394 2611 680 2676 hincdicunlSulm.
691 2613 877 2690 comedet,
895 2613 1005 2674 Sanolr.

52 2720 61 2748 ι
81 2706 104 2760 et
116 2701 216 2764 aliis...
233 2701 358 2784 praelata
372 2702 497 2763 Decreta
510 2707 541 2766 et
555 2702 728 2782 juramenta
742 2699 774 2759 in
789 2697 932 2778 Hispania
947 2717 1008 2762 non

51 2809 60 2840 a
81 2789 222 2873 obligare,
239 2791 312 2872 quia
326 2790 367 2852 ibi
382 2809 444 2854 non
458 2797 528 2853 sunt
546 2809 604 2854 usu
618 2793 757 2870 recepta,
771 2787 816 2848 vel
836 2792 907 2847 sunt
920 2785 1008 2848 abro-

51 2901 60 2928 ι
81 2885 157 2960 gala;
174 2881 320 2963 idemque
332 2887 456 2942 testatur
469 2881 629 2942 ltlazzotl...
644 2878 683 2940 de
698 2884 799 2938 nostro
810 2893 919 2957 regno,
934 2874 1010 2938 dum

51 2991 60 3019 l
79 2971 334 3050 adjuramentum
344 2969 375 3031 S.
389 2969 452 3046 Pii,
469 2969 591 3050 Neapoli
607 2986 644 3030 ex
658 2985 714 3030 usu
730 2974 850 3048 recepto
861 2970 906 3043 (ut
919 2966 1009 3028 etiam

51 3076 60 3106 r
80 3059 294 3137 mihiconstat),
306 3060 423 3122 tantirm
433 3057 587 3120 inmorbis
595 3057 770 3142 periculosis
779 3055 1007 3118 observari.»-

51 3146 109 3216 Quae
121 3153 202 3212 certe
217 3148 396 3232 applicanda
406 3166 471 3210 esse
486 3147 588 3210 Galliae
600 3147 755 3222 videntur,
767 3147 817 3209 ubi
833 3165 894 3209 nou
909 3147 1009 3210 obser·

50 3243 121 3298 ialur
142 3238 228 3302 Bulla
249 3241 280 3302 S.
304 3238 349 3300 Pii
368 3239 404 3314 V,
428 3255 486 3300 nec
505 3236 619 3300 dictum
640 3237 845 3316 juramentum
869 3243 1010 3318 praestant

51 3325 161 3406 medici3
184 3328 240 3392 sed
265 3328 346 3412 apud
369 3345 444 3407 nos,
465 3325 542 3390 sicut
565 3327 697 3410 ubique,
719 3327 776 3390 sub
798 3327 879 3410 gravi
901 3329 1009 3394 medici

74 3493 197 3562 *lampae
215 3495 318 3548 ll’aulo
329 3495 358 3546 tv
370 3497 395 3546 el
412 3493 425 3545 d
444 3492 470 3546 S.
485 3491 562 3545 etot
583 3491 731 3560 prohibitum
752 3492 798 3543 luit
818 3493 957 3545 christianis
974 3495 1010 3548 uti

49 3567 139 3618 medicis
151 3569 238 3636 judaia
254 3576 297 3618 aut
313 3567 368 3618 aliis
388 3565 544 3625 infidelibus,
563 3564 586 3616 in
604 3566 719 3616 curandis
737 3581 787 3616 ιιιιι
806 3567 1010 3616 inlirnritatibuot

50 3651 96 3702 qua
112 3640 240 3703 prohibitio
252 3641 398 3693 conlirmata
417 3639 464 3690 luit
475 3641 489 3689 l
502 3637 620 3705 Gregorio
633 3636 701 3698 lllll,
714 3636 739 3686 in
758 3637 861 3688 Constit.
881 3639 952 3688 Alide
965 3635 1012 3696 plu

49 3711 172 3764 ecardo,
186 3711 244 3765 tide
255 3713 390 3774 alaudae,
400 3710 484 3775 juillet
495 3715 520 3762 ot
530 3711 591 3764 aotlt
601 3705 672 3769 1859.
686 3705 734 3757 col.
748 3705 818 3756 tres.

160 3815 251 3864 mm.
873 3803 893 3862 ὃ
