<?xml version="1.0" encoding="UTF-8"?>
<!DOCTYPE html PUBLIC "-//W3C//DTD XHTML 1.0 Transitional//EN"
    "http://www.w3.org/TR/xhtml1/DTD/xhtml1-transitional.dtd">
<html xmlns="http://www.w3.org/1999/xhtml" xml:lang="en" lang="en">
 <head>
  <title>
</title>
<meta http-equiv="Content-Type" content="text/html;charset=utf-8" />
  <meta name='ocr-system' content='tesseract 3.04.00' />
  <meta name='ocr-capabilities' content='ocr_page ocr_carea ocr_par ocr_line ocrx_word'/>
</head>
<body>
  <div class='ocr_page' id='page_1' title='image "./manualetotiusju00craigoog_0689.png"; bbox 0 0 2462 3972; ppageno 0'>
   <div class='ocr_carea' id='block_1_1' title="bbox 207 183 976 270">
    <p class='ocr_par' dir='ltr' id='par_1_1' title="bbox 207 183 976 270">
     <span class='ocr_line' id='line_1_1' title="bbox 207 183 976 270; baseline -0.003 -2"><span class='ocrx_word' id='word_1_1' title='bbox 207 183 266 268; x_wconf 71' lang='lat' dir='ltr'>tlt</span> <span class='ocrx_word' id='word_1_2' title='bbox 448 217 586 269; x_wconf 76' lang='lat' dir='ltr'>uranus</span> <span class='ocrx_word' id='word_1_3' title='bbox 605 220 706 270; x_wconf 81' lang='lat' dir='ltr'>rarius</span> <span class='ocrx_word' id='word_1_4' title='bbox 725 223 808 270; x_wconf 78' lang='lat' dir='ltr'>roais</span> <span class='ocrx_word' id='word_1_5' title='bbox 829 221 976 270; x_wconf 74' lang='lat' dir='ltr'>ornemur.</span> 
     </span>
    </p>
   </div>
   <div class='ocr_carea' id='block_1_2' title="bbox 209 322 1220 1117">
    <p class='ocr_par' dir='ltr' id='par_1_2' title="bbox 209 322 1220 830">
     <span class='ocr_line' id='line_1_2' title="bbox 209 322 1179 408; baseline 0.002 -22"><span class='ocrx_word' id='word_1_6' title='bbox 209 324 248 386; x_wconf 87' lang='lat' dir='ltr'>ad</span> <span class='ocrx_word' id='word_1_7' title='bbox 263 328 388 407; x_wconf 77' lang='lat' dir='ltr'><strong>August.</strong></span> <span class='ocrx_word' id='word_1_8' title='bbox 404 322 621 406; x_wconf 84' lang='lat' dir='ltr'>desumptum:</span> <span class='ocrx_word' id='word_1_9' title='bbox 641 326 735 388; x_wconf 82' lang='lat' dir='ltr'>allos</span> <span class='ocrx_word' id='word_1_10' title='bbox 748 330 795 388; x_wconf 90' lang='lat' dir='ltr'>est</span> <span class='ocrx_word' id='word_1_11' title='bbox 808 325 989 408; x_wconf 72' lang='lat' dir='ltr'>apostoliam</span> <span class='ocrx_word' id='word_1_12' title='bbox 1005 324 1092 390; x_wconf 81' lang='lat' dir='ltr'>Sedis</span> <span class='ocrx_word' id='word_1_13' title='bbox 1102 325 1179 408; x_wconf 72' lang='lat' dir='ltr'>Epis·</span> 
     </span>
     <span class='ocr_line' id='line_1_3' title="bbox 211 411 1180 496; baseline 0.002 -22"><span class='ocrx_word' id='word_1_14' title='bbox 211 435 225 474; x_wconf 83' lang='lat' dir='ltr'>u</span> <span class='ocrx_word' id='word_1_15' title='bbox 248 415 332 496; x_wconf 90' lang='lat' dir='ltr'>copis</span> <span class='ocrx_word' id='word_1_16' title='bbox 359 419 543 495; x_wconf 75' lang='lat' dir='ltr'>preceptum</span> <span class='ocrx_word' id='word_1_17' title='bbox 564 412 701 492; x_wconf 80' lang='lat' dir='ltr'>tradere,</span> <span class='ocrx_word' id='word_1_18' title='bbox 725 419 758 477; x_wconf 92' lang='lat' dir='ltr'>ut</span> <span class='ocrx_word' id='word_1_19' title='bbox 777 411 815 476; x_wconf 90' lang='lat' dir='ltr'>de</span> <span class='ocrx_word' id='word_1_20' title='bbox 833 415 917 476; x_wconf 91' lang='lat' dir='ltr'>omni</span> <span class='ocrx_word' id='word_1_21' title='bbox 941 413 1094 496; x_wconf 87' lang='lat' dir='ltr'>stipendio</span> <span class='ocrx_word' id='word_1_22' title='bbox 1106 413 1180 496; x_wconf 91' lang='lat' dir='ltr'>quod</span> 
     </span>
     <span class='ocr_line' id='line_1_4' title="bbox 211 501 1220 585; baseline 0.001 -23"><span class='ocrx_word' id='word_1_23' title='bbox 211 525 226 562; x_wconf 80' lang='lat' dir='ltr'>a</span> <span class='ocrx_word' id='word_1_24' title='bbox 251 503 382 580; x_wconf 89' lang='lat' dir='ltr'>accedit,</span> <span class='ocrx_word' id='word_1_25' title='bbox 397 507 527 584; x_wconf 87' lang='lat' dir='ltr'>quatuor</span> <span class='ocrx_word' id='word_1_26' title='bbox 542 501 605 564; x_wconf 86' lang='lat' dir='ltr'>lieri</span> <span class='ocrx_word' id='word_1_27' title='bbox 618 502 750 565; x_wconf 90' lang='lat' dir='ltr'>debeant</span> <span class='ocrx_word' id='word_1_28' title='bbox 762 501 959 585; x_wconf 76' lang='lat' dir='ltr'>partitiones,</span> <span class='ocrx_word' id='word_1_29' title='bbox 976 521 1042 566; x_wconf 87' lang='lat' dir='ltr'>una</span> <span class='ocrx_word' id='word_1_30' title='bbox 1053 503 1181 566; x_wconf 78' lang='lat' dir='ltr'>uidelicet</span> <span class='ocrx_word' id='word_1_31' title='bbox 1219 547 1220 582; x_wconf 47' lang='lat'>3</span> 
     </span>
     <span class='ocr_line' id='line_1_5' title="bbox 211 589 1220 673; baseline 0 -22"><span class='ocrx_word' id='word_1_32' title='bbox 211 590 398 673; x_wconf 74' lang='lat' dir='ltr'>»Episcopo</span> <span class='ocrx_word' id='word_1_33' title='bbox 424 596 455 652; x_wconf 93' lang='lat' dir='ltr'>et</span> <span class='ocrx_word' id='word_1_34' title='bbox 475 589 597 652; x_wconf 85' lang='lat' dir='ltr'>lamiliae</span> <span class='ocrx_word' id='word_1_35' title='bbox 624 591 690 671; x_wconf 85' lang='lat' dir='ltr'>ejus</span> <span class='ocrx_word' id='word_1_36' title='bbox 716 596 839 672; x_wconf 88' lang='lat' dir='ltr'>propter</span> <span class='ocrx_word' id='word_1_37' title='bbox 860 589 1114 672; x_wconf 74' lang='lat' dir='ltr'>hospitalitatem,</span> <span class='ocrx_word' id='word_1_38' title='bbox 1132 590 1181 653; x_wconf 82' lang='lat' dir='ltr'>alia</span> <span class='ocrx_word' id='word_1_39' title='bbox 1219 603 1220 672; x_wconf 38' lang='grc' dir='ltr'>ζ</span> 
     </span>
     <span class='ocr_line' id='line_1_6' title="bbox 213 677 1183 762; baseline 0.005 -25"><span class='ocrx_word' id='word_1_40' title='bbox 213 679 355 756; x_wconf 72' lang='lat' dir='ltr'>sillero,</span> <span class='ocrx_word' id='word_1_41' title='bbox 382 678 470 741; x_wconf 89' lang='lat' dir='ltr'>tertia</span> <span class='ocrx_word' id='word_1_42' title='bbox 489 679 561 742; x_wconf 90' lang='lat' dir='ltr'>verd</span> <span class='ocrx_word' id='word_1_43' title='bbox 584 679 785 761; x_wconf 86' lang='lat' dir='ltr'>pauperibus,</span> <span class='ocrx_word' id='word_1_44' title='bbox 812 677 919 760; x_wconf 84' lang='lat' dir='ltr'>quarta</span> <span class='ocrx_word' id='word_1_45' title='bbox 946 679 1086 742; x_wconf 88' lang='lat' dir='ltr'>ecclesiis</span> <span class='ocrx_word' id='word_1_46' title='bbox 1110 697 1183 762; x_wconf 86' lang='lat' dir='ltr'>repa·</span> 
     </span>
     <span class='ocr_line' id='line_1_7' title="bbox 212 767 400 830; baseline 0 -2"><span class='ocrx_word' id='word_1_47' title='bbox 212 767 400 830; x_wconf 73' lang='lat' dir='ltr'>arandis.»</span> 
     </span>
    </p>

    <p class='ocr_par' dir='ltr' id='par_1_3' title="bbox 214 789 1220 1117">
     <span class='ocr_line' id='line_1_8' title="bbox 252 856 1183 940; baseline -0.001 -21"><span class='ocrx_word' id='word_1_48' title='bbox 252 859 343 920; x_wconf 72' lang='lat'><strong>5307.</strong></span> <span class='ocrx_word' id='word_1_49' title='bbox 365 857 415 921; x_wconf 85' lang='lat' dir='ltr'>Sic</span> <span class='ocrx_word' id='word_1_50' title='bbox 427 857 529 940; x_wconf 85' lang='lat' dir='ltr'>itaque</span> <span class='ocrx_word' id='word_1_51' title='bbox 540 856 735 922; x_wconf 87' lang='lat' dir='ltr'>divisisbonis</span> <span class='ocrx_word' id='word_1_52' title='bbox 747 857 901 935; x_wconf 84' lang='lat' dir='ltr'>Ecclesiae,</span> <span class='ocrx_word' id='word_1_53' title='bbox 912 857 1018 939; x_wconf 88' lang='lat' dir='ltr'>plures</span> <span class='ocrx_word' id='word_1_54' title='bbox 1031 856 1183 922; x_wconf 68' lang='lat' dir='ltr'>necmrii</span> 
     </span>
     <span class='ocr_line' id='line_1_9' title="bbox 214 945 1220 1029; baseline 0 -21"><span class='ocrx_word' id='word_1_55' title='bbox 214 945 298 1009; x_wconf 81' lang='lat' dir='ltr'>luere</span> <span class='ocrx_word' id='word_1_56' title='bbox 328 946 361 1009; x_wconf 89' lang='lat' dir='ltr'>in</span> <span class='ocrx_word' id='word_1_57' title='bbox 382 947 509 1029; x_wconf 82' lang='lat' dir='ltr'>singulis</span> <span class='ocrx_word' id='word_1_58' title='bbox 535 946 716 1009; x_wconf 88' lang='lat' dir='ltr'>dioecesibus</span> <span class='ocrx_word' id='word_1_59' title='bbox 746 945 1035 1009; x_wconf 80' lang='lat' dir='ltr'>administratores:</span> <span class='ocrx_word' id='word_1_60' title='bbox 1067 948 1183 1029; x_wconf 80' lang='lat' dir='ltr'>proprie</span> <span class='ocrx_word' id='word_1_61' title='bbox 1219 973 1220 1008; x_wconf 72' lang='lat' dir='ltr'>t</span> 
     </span>
     <span class='ocr_line' id='line_1_10' title="bbox 216 1033 1183 1117; baseline -0.005 -19"><span class='ocrx_word' id='word_1_62' title='bbox 216 1053 330 1100; x_wconf 76' lang='lat' dir='ltr'>mensa</span> <span class='ocrx_word' id='word_1_63' title='bbox 359 1036 510 1100; x_wconf 89' lang='lat' dir='ltr'>bonorum</span> <span class='ocrx_word' id='word_1_64' title='bbox 536 1035 826 1098; x_wconf 84' lang='lat' dir='ltr'>administrationem</span> <span class='ocrx_word' id='word_1_65' title='bbox 849 1033 974 1098; x_wconf 87' lang='lat' dir='ltr'>retinuit</span> <span class='ocrx_word' id='word_1_66' title='bbox 995 1035 1183 1117; x_wconf 78' lang='lat' dir='ltr'>Episcopus:</span> 
     </span>
    </p>
   </div>
   <div class='ocr_carea' id='block_1_3' title="bbox 215 1123 1187 1284">
    <p class='ocr_par' dir='ltr' id='par_1_4' title="bbox 215 1123 1187 1284">
     <span class='ocr_line' id='line_1_11' title="bbox 216 1123 1185 1204; baseline -0.001 -17"><span class='ocrx_word' id='word_1_67' title='bbox 216 1126 365 1188; x_wconf 89' lang='lat' dir='ltr'>bonorum</span> <span class='ocrx_word' id='word_1_68' title='bbox 379 1125 617 1204; x_wconf 73' lang='lat' dir='ltr'>uniuscnjusque</span> <span class='ocrx_word' id='word_1_69' title='bbox 634 1123 773 1186; x_wconf 83' lang='lat' dir='ltr'>beneficii</span> <span class='ocrx_word' id='word_1_70' title='bbox 795 1141 869 1186; x_wconf 85' lang='lat' dir='ltr'>curo</span> <span class='ocrx_word' id='word_1_71' title='bbox 885 1123 1000 1186; x_wconf 84' lang='lat' dir='ltr'>titulari</span> <span class='ocrx_word' id='word_1_72' title='bbox 1014 1123 1185 1187; x_wconf 84' lang='lat' dir='ltr'>eorumdem</span> 
     </span>
     <span class='ocr_line' id='line_1_12' title="bbox 215 1202 1187 1284; baseline -0.003 -12"><span class='ocrx_word' id='word_1_73' title='bbox 215 1210 332 1274; x_wconf 86' lang='lat' dir='ltr'>tributa</span> <span class='ocrx_word' id='word_1_74' title='bbox 347 1205 421 1284; x_wconf 88' lang='lat' dir='ltr'>luit;</span> <span class='ocrx_word' id='word_1_75' title='bbox 432 1204 516 1267; x_wconf 82' lang='lat' dir='ltr'>bona</span> <span class='ocrx_word' id='word_1_76' title='bbox 527 1211 634 1266; x_wconf 84' lang='lat' dir='ltr'>autern</span> <span class='ocrx_word' id='word_1_77' title='bbox 647 1202 854 1268; x_wconf 87' lang='lat' dir='ltr'>ecelesiarum</span> <span class='ocrx_word' id='word_1_78' title='bbox 869 1213 924 1268; x_wconf 82' lang='lat' dir='ltr'>eut</span> <span class='ocrx_word' id='word_1_79' title='bbox 936 1204 1187 1270; x_wconf 82' lang='lat' dir='ltr'>fabricarumaut</span> 
     </span>
    </p>
   </div>
   <div class='ocr_carea' id='block_1_4' title="bbox 215 1291 1202 3690">
    <p class='ocr_par' dir='ltr' id='par_1_5' title="bbox 215 1291 1195 2539">
     <span class='ocr_line' id='line_1_13' title="bbox 215 1291 1187 1374; baseline -0.003 -13"><span class='ocrx_word' id='word_1_80' title='bbox 215 1291 1187 1374; x_wconf 80' lang='lat' dir='ltr'>aliorumlocoruroabipsorumrectoribusadministrabantur,</span> 
     </span>
     <span class='ocr_line' id='line_1_14' title="bbox 216 1380 1189 1464; baseline 0.001 -13"><span class='ocrx_word' id='word_1_81' title='bbox 216 1387 477 1451; x_wconf 81' lang='lat' dir='ltr'>monasteriorum</span> <span class='ocrx_word' id='word_1_82' title='bbox 493 1380 566 1445; x_wconf 81' lang='lat' dir='ltr'>rard</span> <span class='ocrx_word' id='word_1_83' title='bbox 580 1381 763 1446; x_wconf 80' lang='lat' dir='ltr'>bonadsuis</span> <span class='ocrx_word' id='word_1_84' title='bbox 776 1381 953 1464; x_wconf 82' lang='lat' dir='ltr'>Praepositis</span> <span class='ocrx_word' id='word_1_85' title='bbox 968 1393 1027 1446; x_wconf 88' lang='lat' dir='ltr'>aut</span> <span class='ocrx_word' id='word_1_86' title='bbox 1043 1385 1189 1452; x_wconf 70' lang='lat' dir='ltr'>Praelata:</span> 
     </span>
     <span class='ocr_line' id='line_1_15' title="bbox 215 1472 1192 1558; baseline -0.004 -18"><span class='ocrx_word' id='word_1_87' title='bbox 215 1475 297 1558; x_wconf 92' lang='lat' dir='ltr'>apud</span> <span class='ocrx_word' id='word_1_88' title='bbox 307 1474 611 1557; x_wconf 87' lang='lat' dir='ltr'>Episcopumtamen</span> <span class='ocrx_word' id='word_1_89' title='bbox 621 1472 784 1550; x_wconf 86' lang='lat' dir='ltr'>remansit,</span> <span class='ocrx_word' id='word_1_90' title='bbox 793 1473 886 1534; x_wconf 81' lang='lat' dir='ltr'>etiam</span> <span class='ocrx_word' id='word_1_91' title='bbox 896 1473 1096 1553; x_wconf 81' lang='lat' dir='ltr'>postdicum</span> <span class='ocrx_word' id='word_1_92' title='bbox 1107 1476 1192 1537; x_wconf 80' lang='lat' dir='ltr'>borio</span> 
     </span>
     <span class='ocr_line' id='line_1_16' title="bbox 215 1560 1192 1646; baseline -0.002 -18"><span class='ocrx_word' id='word_1_93' title='bbox 215 1563 506 1646; x_wconf 71' lang='lat' dir='ltr'>impartitionem,</span> <span class='ocrx_word' id='word_1_94' title='bbox 518 1560 1009 1641; x_wconf 85' lang='lat' dir='ltr'>supereminensadministratio,</span> <span class='ocrx_word' id='word_1_95' title='bbox 1021 1564 1050 1624; x_wconf 86' lang='lat' dir='ltr'>si</span> <span class='ocrx_word' id='word_1_96' title='bbox 1065 1565 1192 1645; x_wconf 79' lang='lat' dir='ltr'>excipias</span> 
     </span>
     <span class='ocr_line' id='line_1_17' title="bbox 216 1648 1189 1735; baseline -0.005 -17"><span class='ocrx_word' id='word_1_97' title='bbox 216 1648 624 1733; x_wconf 79' lang='lat' dir='ltr'>monasteriaquaelutreab</span> <span class='ocrx_word' id='word_1_98' title='bbox 636 1649 735 1730; x_wconf 84' lang='lat' dir='ltr'>ipsius</span> <span class='ocrx_word' id='word_1_99' title='bbox 747 1650 1189 1735; x_wconf 82' lang='lat' dir='ltr'>administrationeexempu:</span> 
     </span>
     <span class='ocr_line' id='line_1_18' title="bbox 216 1737 1193 1823; baseline -0.004 -17"><span class='ocrx_word' id='word_1_100' title='bbox 216 1753 247 1806; x_wconf 90' lang='lat' dir='ltr'>et</span> <span class='ocrx_word' id='word_1_101' title='bbox 263 1740 343 1816; x_wconf 85' lang='lat' dir='ltr'>idad,</span> <span class='ocrx_word' id='word_1_102' title='bbox 359 1741 480 1823; x_wconf 83' lang='lat' dir='ltr'>quoties</span> <span class='ocrx_word' id='word_1_103' title='bbox 493 1737 669 1801; x_wconf 88' lang='lat' dir='ltr'>instituitur</span> <span class='ocrx_word' id='word_1_104' title='bbox 690 1738 875 1820; x_wconf 78' lang='lat' dir='ltr'>Episcopus,</span> <span class='ocrx_word' id='word_1_105' title='bbox 889 1737 1035 1803; x_wconf 81' lang='lat' dir='ltr'>declarat</span> <span class='ocrx_word' id='word_1_106' title='bbox 1057 1744 1193 1806; x_wconf 80' lang='lat' dir='ltr'>Pontifex</span> 
     </span>
     <span class='ocr_line' id='line_1_19' title="bbox 217 1826 1195 1916; baseline -0.002 -21"><span class='ocrx_word' id='word_1_107' title='bbox 217 1834 315 1896; x_wconf 89' lang='lat' dir='ltr'>electo</span> <span class='ocrx_word' id='word_1_108' title='bbox 329 1849 434 1892; x_wconf 89' lang='lat' dir='ltr'>curam</span> <span class='ocrx_word' id='word_1_109' title='bbox 449 1837 477 1892; x_wconf 87' lang='lat' dir='ltr'>et</span> <span class='ocrx_word' id='word_1_110' title='bbox 492 1827 795 1890; x_wconf 81' lang='lat' dir='ltr'>administrationem</span> <span class='ocrx_word' id='word_1_111' title='bbox 811 1826 884 1890; x_wconf 78' lang='lat' dir='ltr'>talia</span> <span class='ocrx_word' id='word_1_112' title='bbox 896 1827 1051 1892; x_wconf 79' lang='lat' dir='ltr'>Ecclesiae</span> <span class='ocrx_word' id='word_1_113' title='bbox 1067 1831 1195 1916; x_wconf 78' lang='lat' dir='ltr'>inspiri-</span> 
     </span>
     <span class='ocr_line' id='line_1_20' title="bbox 219 1917 1194 2002; baseline 0 -18"><span class='ocrx_word' id='word_1_114' title='bbox 219 1921 354 1985; x_wconf 83' lang='lat' dir='ltr'>tualitus</span> <span class='ocrx_word' id='word_1_115' title='bbox 368 1929 396 1982; x_wconf 87' lang='lat' dir='ltr'>et</span> <span class='ocrx_word' id='word_1_116' title='bbox 413 1917 635 2002; x_wconf 82' lang='lat' dir='ltr'>temporalibus</span> <span class='ocrx_word' id='word_1_117' title='bbox 650 1919 823 1981; x_wconf 88' lang='lat' dir='ltr'>committi:</span> <span class='ocrx_word' id='word_1_118' title='bbox 840 1917 925 1999; x_wconf 89' lang='lat' dir='ltr'>quod</span> <span class='ocrx_word' id='word_1_119' title='bbox 946 1935 1132 1984; x_wconf 86' lang='lat' dir='ltr'>consonum</span> <span class='ocrx_word' id='word_1_120' title='bbox 1157 1931 1194 1984; x_wconf 83' lang='lat' dir='ltr'>est</span> 
     </span>
     <span class='ocr_line' id='line_1_21' title="bbox 218 2005 1192 2093; baseline -0.007 -19"><span class='ocrx_word' id='word_1_121' title='bbox 218 2031 288 2093; x_wconf 86' lang='lat' dir='ltr'>cap.</span> <span class='ocrx_word' id='word_1_122' title='bbox 303 2010 335 2070; x_wconf 84' lang='lat' dir='ltr'>Is</span> <span class='ocrx_word' id='word_1_123' title='bbox 350 2008 459 2087; x_wconf 72' lang='lat' dir='ltr'>caiti,</span> <span class='ocrx_word' id='word_1_124' title='bbox 475 2007 511 2070; x_wconf 87' lang='lat' dir='ltr'>de</span> <span class='ocrx_word' id='word_1_125' title='bbox 524 2005 630 2086; x_wconf 69' lang='lat' dir='ltr'>elect,</span> <span class='ocrx_word' id='word_1_126' title='bbox 647 2005 700 2069; x_wconf 87' lang='lat' dir='ltr'>ubi</span> <span class='ocrx_word' id='word_1_127' title='bbox 712 2005 976 2070; x_wconf 80' lang='lat' dir='ltr'>Bonilaoiuslllll</span> <span class='ocrx_word' id='word_1_128' title='bbox 989 2007 1061 2070; x_wconf 88' lang='lat' dir='ltr'>ait:</span> <span class='ocrx_word' id='word_1_129' title='bbox 1080 2034 1095 2066; x_wconf 76' lang='grc' dir='ltr'>ι</span> <span class='ocrx_word' id='word_1_130' title='bbox 1113 2007 1192 2073; x_wconf 77' lang='lat' dir='ltr'>laeui</span> 
     </span>
     <span class='ocr_line' id='line_1_22' title="bbox 218 2093 1192 2182; baseline -0.005 -21"><span class='ocrx_word' id='word_1_131' title='bbox 218 2100 395 2182; x_wconf 86' lang='lat' dir='ltr'>procuratio</span> <span class='ocrx_word' id='word_1_132' title='bbox 403 2117 457 2160; x_wconf 89' lang='lat' dir='ltr'>seu</span> <span class='ocrx_word' id='word_1_133' title='bbox 469 2097 698 2159; x_wconf 86' lang='lat' dir='ltr'>administratio</span> <span class='ocrx_word' id='word_1_134' title='bbox 706 2093 902 2158; x_wconf 78' lang='lat' dir='ltr'>Catlredralls</span> <span class='ocrx_word' id='word_1_135' title='bbox 912 2094 1161 2180; x_wconf 83' lang='lat' dir='ltr'>Ecclesiaepleaa</span> <span class='ocrx_word' id='word_1_136' title='bbox 1170 2107 1192 2158; x_wconf 82' lang='lat' dir='ltr'>rt</span> 
     </span>
     <span class='ocr_line' id='line_1_23' title="bbox 219 2183 1189 2270; baseline -0.002 -20"><span class='ocrx_word' id='word_1_137' title='bbox 219 2189 316 2250; x_wconf 83' lang='lat' dir='ltr'>litera</span> <span class='ocrx_word' id='word_1_138' title='bbox 329 2188 363 2248; x_wconf 81' lang='lat' dir='ltr'>in</span> <span class='ocrx_word' id='word_1_139' title='bbox 381 2185 600 2270; x_wconf 74' lang='lat' dir='ltr'>spiritualitas</span> <span class='ocrx_word' id='word_1_140' title='bbox 619 2193 649 2246; x_wconf 90' lang='lat' dir='ltr'>et</span> <span class='ocrx_word' id='word_1_141' title='bbox 665 2183 886 2268; x_wconf 77' lang='lat' dir='ltr'>temporalibus</span> <span class='ocrx_word' id='word_1_142' title='bbox 899 2193 944 2246; x_wconf 78' lang='lat' dir='ltr'>ert</span> <span class='ocrx_word' id='word_1_143' title='bbox 956 2189 1129 2263; x_wconf 78' lang='lat' dir='ltr'>commissa,</span> <span class='ocrx_word' id='word_1_144' title='bbox 1139 2207 1189 2270; x_wconf 72' lang='lat' dir='ltr'>pc</span> 
     </span>
     <span class='ocr_line' id='line_1_24' title="bbox 221 2273 1181 2356; baseline -0.003 -17"><span class='ocrx_word' id='word_1_145' title='bbox 221 2277 487 2353; x_wconf 83' lang='lat' dir='ltr'>test,alienatioue</span> <span class='ocrx_word' id='word_1_146' title='bbox 499 2276 652 2338; x_wconf 86' lang='lat' dir='ltr'>bonorum</span> <span class='ocrx_word' id='word_1_147' title='bbox 670 2273 883 2336; x_wconf 89' lang='lat' dir='ltr'>immobilium</span> <span class='ocrx_word' id='word_1_148' title='bbox 895 2273 1181 2356; x_wconf 80' lang='lat' dir='ltr'>duntaxatcroepta,</span> 
     </span>
     <span class='ocr_line' id='line_1_25' title="bbox 220 2361 1185 2447; baseline -0.001 -23"><span class='ocrx_word' id='word_1_149' title='bbox 220 2393 235 2424; x_wconf 80' lang='lat' dir='ltr'>a</span> <span class='ocrx_word' id='word_1_150' title='bbox 252 2367 357 2430; x_wconf 88' lang='lat' dir='ltr'>omnia</span> <span class='ocrx_word' id='word_1_151' title='bbox 373 2383 444 2447; x_wconf 85' lang='lat' dir='ltr'>quae</span> <span class='ocrx_word' id='word_1_152' title='bbox 463 2364 694 2446; x_wconf 87' lang='lat' dir='ltr'>jurisdictionis</span> <span class='ocrx_word' id='word_1_153' title='bbox 707 2361 893 2446; x_wconf 87' lang='lat' dir='ltr'>episcopalis</span> <span class='ocrx_word' id='word_1_154' title='bbox 914 2363 1107 2438; x_wconf 76' lang='lat' dir='ltr'>existuntet</span> <span class='ocrx_word' id='word_1_155' title='bbox 1120 2381 1185 2446; x_wconf 83' lang='lat' dir='ltr'>qna</span> 
     </span>
     <span class='ocr_line' id='line_1_26' title="bbox 220 2449 1191 2539; baseline 0.003 -25"><span class='ocrx_word' id='word_1_156' title='bbox 220 2481 234 2514; x_wconf 73' lang='lat' dir='ltr'>a</span> <span class='ocrx_word' id='word_1_157' title='bbox 260 2466 359 2539; x_wconf 87' lang='lat' dir='ltr'>potest</span> <span class='ocrx_word' id='word_1_158' title='bbox 373 2455 491 2517; x_wconf 87' lang='lat' dir='ltr'>electus</span> <span class='ocrx_word' id='word_1_159' title='bbox 513 2453 718 2516; x_wconf 86' lang='lat' dir='ltr'>confirmatus</span> <span class='ocrx_word' id='word_1_160' title='bbox 741 2451 865 2534; x_wconf 82' lang='lat' dir='ltr'>exequi,</span> <span class='ocrx_word' id='word_1_161' title='bbox 882 2449 984 2514; x_wconf 79' lang='lat' dir='ltr'>libere</span> <span class='ocrx_word' id='word_1_162' title='bbox 1001 2471 1154 2517; x_wconf 80' lang='lat' dir='ltr'>exercere.</span> <span class='ocrx_word' id='word_1_163' title='bbox 1177 2477 1191 2508; x_wconf 79' lang='grc' dir='ltr'><strong>ι</strong></span> 
     </span>
    </p>

    <p class='ocr_par' dir='ltr' id='par_1_6' title="bbox 221 2544 1198 3158">
     <span class='ocr_line' id='line_1_27' title="bbox 259 2544 1194 2627; baseline 0.001 -18"><span class='ocrx_word' id='word_1_164' title='bbox 259 2549 349 2610; x_wconf 80' lang='grc'><strong>5308.</strong></span> <span class='ocrx_word' id='word_1_165' title='bbox 366 2545 412 2606; x_wconf 81' lang='lat' dir='ltr'>ld</span> <span class='ocrx_word' id='word_1_166' title='bbox 427 2544 647 2627; x_wconf 87' lang='lat' dir='ltr'>providendum</span> <span class='ocrx_word' id='word_1_167' title='bbox 660 2546 750 2609; x_wconf 83' lang='lat' dir='ltr'>variis</span> <span class='ocrx_word' id='word_1_168' title='bbox 758 2545 957 2610; x_wconf 84' lang='lat' dir='ltr'>ecelesiarum</span> <span class='ocrx_word' id='word_1_169' title='bbox 966 2546 1194 2612; x_wconf 82' lang='lat' dir='ltr'>necessitatibus</span> 
     </span>
     <span class='ocr_line' id='line_1_28' title="bbox 224 2633 1197 2719; baseline 0.002 -21"><span class='ocrx_word' id='word_1_170' title='bbox 224 2636 366 2699; x_wconf 82' lang='lat' dir='ltr'>institute</span> <span class='ocrx_word' id='word_1_171' title='bbox 380 2634 464 2698; x_wconf 77' lang='lat' dir='ltr'>luere</span> <span class='ocrx_word' id='word_1_172' title='bbox 477 2634 622 2712; x_wconf 86' lang='lat' dir='ltr'>Fabricae,</span> <span class='ocrx_word' id='word_1_173' title='bbox 637 2653 693 2698; x_wconf 89' lang='lat' dir='ltr'>seu</span> <span class='ocrx_word' id='word_1_174' title='bbox 706 2653 832 2718; x_wconf 90' lang='lat' dir='ltr'>corpora</span> <span class='ocrx_word' id='word_1_175' title='bbox 845 2633 1197 2719; x_wconf 86' lang='lat' dir='ltr'>administratorumqui·</span> 
     </span>
     <span class='ocr_line' id='line_1_29' title="bbox 221 2721 1197 2806; baseline -0.001 -15"><span class='ocrx_word' id='word_1_176' title='bbox 221 2725 278 2791; x_wconf 89' lang='lat' dir='ltr'>bus</span> <span class='ocrx_word' id='word_1_177' title='bbox 289 2743 362 2789; x_wconf 90' lang='lat' dir='ltr'>cura</span> <span class='ocrx_word' id='word_1_178' title='bbox 375 2722 612 2786; x_wconf 87' lang='lat' dir='ltr'>demandabatur</span> <span class='ocrx_word' id='word_1_179' title='bbox 626 2721 855 2786; x_wconf 87' lang='lat' dir='ltr'>administrandi</span> <span class='ocrx_word' id='word_1_180' title='bbox 871 2741 920 2786; x_wconf 88' lang='lat' dir='ltr'>res</span> <span class='ocrx_word' id='word_1_181' title='bbox 937 2723 1088 2800; x_wconf 72' lang='lat' dir='ltr'>ecclesia,</span> <span class='ocrx_word' id='word_1_182' title='bbox 1103 2741 1197 2806; x_wconf 86' lang='lat' dir='ltr'>sump-</span> 
     </span>
     <span class='ocr_line' id='line_1_30' title="bbox 221 2811 1196 2897; baseline 0.001 -22"><span class='ocrx_word' id='word_1_183' title='bbox 221 2821 269 2878; x_wconf 86' lang='lat' dir='ltr'>tus</span> <span class='ocrx_word' id='word_1_184' title='bbox 283 2812 471 2897; x_wconf 83' lang='lat' dir='ltr'>suggerendo</span> <span class='ocrx_word' id='word_1_185' title='bbox 486 2813 670 2876; x_wconf 88' lang='lat' dir='ltr'>necessarios</span> <span class='ocrx_word' id='word_1_186' title='bbox 683 2811 873 2875; x_wconf 81' lang='lat' dir='ltr'>aedificationi</span> <span class='ocrx_word' id='word_1_187' title='bbox 894 2829 930 2875; x_wconf 90' lang='lat' dir='ltr'>ac</span> <span class='ocrx_word' id='word_1_188' title='bbox 949 2815 1137 2894; x_wconf 83' lang='lat' dir='ltr'>reparationi</span> <span class='ocrx_word' id='word_1_189' title='bbox 1154 2832 1196 2876; x_wconf 79' lang='lat' dir='ltr'>sr-</span> 
     </span>
     <span class='ocr_line' id='line_1_31' title="bbox 221 2900 1196 2982; baseline -0.003 -16"><span class='ocrx_word' id='word_1_190' title='bbox 221 2921 341 2966; x_wconf 88' lang='lat' dir='ltr'>erarum</span> <span class='ocrx_word' id='word_1_191' title='bbox 353 2901 464 2965; x_wconf 85' lang='lat' dir='ltr'>aedium</span> <span class='ocrx_word' id='word_1_192' title='bbox 477 2908 507 2964; x_wconf 89' lang='lat' dir='ltr'>et</span> <span class='ocrx_word' id='word_1_193' title='bbox 520 2901 585 2964; x_wconf 86' lang='lat' dir='ltr'>aliis</span> <span class='ocrx_word' id='word_1_194' title='bbox 604 2900 642 2964; x_wconf 88' lang='lat' dir='ltr'>ad</span> <span class='ocrx_word' id='word_1_195' title='bbox 655 2902 772 2964; x_wconf 88' lang='lat' dir='ltr'>cultum</span> <span class='ocrx_word' id='word_1_196' title='bbox 788 2901 925 2964; x_wconf 83' lang='lat' dir='ltr'>divinum</span> <span class='ocrx_word' id='word_1_197' title='bbox 938 2902 1118 2982; x_wconf 83' lang='lat' dir='ltr'>requisitis3</span> <span class='ocrx_word' id='word_1_198' title='bbox 1136 2901 1196 2964; x_wconf 81' lang='lat' dir='ltr'>idel</span> 
     </span>
     <span class='ocr_line' id='line_1_32' title="bbox 222 2987 1198 3072; baseline -0.003 -19"><span class='ocrx_word' id='word_1_199' title='bbox 222 2992 265 3053; x_wconf 86' lang='lat' dir='ltr'>sic</span> <span class='ocrx_word' id='word_1_200' title='bbox 284 2998 428 3053; x_wconf 87' lang='lat' dir='ltr'>vocentur</span> <span class='ocrx_word' id='word_1_201' title='bbox 450 2989 520 3072; x_wconf 87' lang='lat' dir='ltr'>quie</span> <span class='ocrx_word' id='word_1_202' title='bbox 544 2989 685 3052; x_wconf 85' lang='lat' dir='ltr'>iustitutae</span> <span class='ocrx_word' id='word_1_203' title='bbox 700 2989 785 3052; x_wconf 78' lang='lat' dir='ltr'>luere</span> <span class='ocrx_word' id='word_1_204' title='bbox 798 2990 952 3071; x_wconf 76' lang='lat' dir='ltr'>praecipue</span> <span class='ocrx_word' id='word_1_205' title='bbox 965 2987 1006 3051; x_wconf 90' lang='lat' dir='ltr'>ad</span> <span class='ocrx_word' id='word_1_206' title='bbox 1019 2988 1198 3054; x_wconf 81' lang='lat' dir='ltr'>reficiendas</span> 
     </span>
     <span class='ocr_line' id='line_1_33' title="bbox 222 3077 666 3158; baseline 0.002 -19"><span class='ocrx_word' id='word_1_207' title='bbox 222 3085 251 3139; x_wconf 91' lang='lat' dir='ltr'>ct</span> <span class='ocrx_word' id='word_1_208' title='bbox 263 3077 450 3158; x_wconf 77' lang='lat' dir='ltr'>fabricandas</span> <span class='ocrx_word' id='word_1_209' title='bbox 463 3097 562 3142; x_wconf 88' lang='lat' dir='ltr'>sacras</span> <span class='ocrx_word' id='word_1_210' title='bbox 575 3077 666 3141; x_wconf 81' lang='lat' dir='ltr'>aedes.</span> 
     </span>
    </p>

    <p class='ocr_par' dir='ltr' id='par_1_7' title="bbox 223 3165 1202 3690">
     <span class='ocr_line' id='line_1_34' title="bbox 263 3165 1201 3249; baseline 0.003 -22"><span class='ocrx_word' id='word_1_211' title='bbox 263 3169 354 3228; x_wconf 79' lang='lat'><strong>5309.</strong></span> <span class='ocrx_word' id='word_1_212' title='bbox 374 3169 465 3230; x_wconf 85' lang='lat' dir='ltr'>Juxta</span> <span class='ocrx_word' id='word_1_213' title='bbox 478 3169 621 3249; x_wconf 82' lang='lat' dir='ltr'>Loqueux</span> <span class='ocrx_word' id='word_1_214' title='bbox 639 3170 684 3245; x_wconf 79' lang='lat' dir='ltr'>(n0</span> <span class='ocrx_word' id='word_1_215' title='bbox 699 3171 776 3232; x_wconf 73' lang='lat' dir='ltr'>ll28</span> <span class='ocrx_word' id='word_1_216' title='bbox 786 3170 839 3246; x_wconf 77' lang='lat'><strong>3⁰),</strong></span> <span class='ocrx_word' id='word_1_217' title='bbox 854 3169 960 3230; x_wconf 78' lang='lat' dir='ltr'>versus</span> <span class='ocrx_word' id='word_1_218' title='bbox 973 3165 1126 3231; x_wconf 81' lang='lat' dir='ltr'>saeculnm</span> <span class='ocrx_word' id='word_1_219' title='bbox 1138 3167 1201 3230; x_wconf 82' lang='lat' dir='ltr'>xm</span> 
     </span>
     <span class='ocr_line' id='line_1_35' title="bbox 223 3253 1201 3338; baseline 0.005 -25"><span class='ocrx_word' id='word_1_220' title='bbox 223 3256 367 3314; x_wconf 83' lang='lat' dir='ltr'>uunaxat</span> <span class='ocrx_word' id='word_1_221' title='bbox 379 3264 536 3336; x_wconf 74' lang='lat' dir='ltr'>caeperunt</span> <span class='ocrx_word' id='word_1_222' title='bbox 550 3255 631 3318; x_wconf 88' lang='lat' dir='ltr'>laicis</span> <span class='ocrx_word' id='word_1_223' title='bbox 650 3257 796 3318; x_wconf 89' lang='lat' dir='ltr'>committi</span> <span class='ocrx_word' id='word_1_224' title='bbox 809 3255 949 3338; x_wconf 63' lang='lat' dir='ltr'>medam</span> <span class='ocrx_word' id='word_1_225' title='bbox 969 3253 1078 3318; x_wconf 85' lang='lat' dir='ltr'>munia</span> <span class='ocrx_word' id='word_1_226' title='bbox 1100 3255 1133 3318; x_wconf 88' lang='lat' dir='ltr'>in</span> <span class='ocrx_word' id='word_1_227' title='bbox 1151 3255 1201 3317; x_wconf 79' lang='lat' dir='ltr'>ad-</span> 
     </span>
     <span class='ocr_line' id='line_1_36' title="bbox 224 3339 1200 3420; baseline 0.01 -23"><span class='ocrx_word' id='word_1_228' title='bbox 224 3339 429 3402; x_wconf 80' lang='lat' dir='ltr'>urinistrandis</span> <span class='ocrx_word' id='word_1_229' title='bbox 439 3343 580 3405; x_wconf 82' lang='lat' dir='ltr'>Ecclesiae</span> <span class='ocrx_word' id='word_1_230' title='bbox 590 3343 688 3405; x_wconf 90' lang='lat' dir='ltr'>bouis.</span> <span class='ocrx_word' id='word_1_231' title='bbox 700 3345 792 3406; x_wconf 82' lang='lat' dir='ltr'>Gonu.</span> <span class='ocrx_word' id='word_1_232' title='bbox 804 3345 875 3406; x_wconf 86' lang='lat' dir='ltr'>verd</span> <span class='ocrx_word' id='word_1_233' title='bbox 883 3345 1102 3420; x_wconf 82' lang='lat' dir='ltr'>Vienn.‚anno</span> <span class='ocrx_word' id='word_1_234' title='bbox 1114 3347 1200 3419; x_wconf 75' lang='lat' dir='ltr'>{eru</span> 
     </span>
     <span class='ocr_line' id='line_1_37' title="bbox 224 3430 1202 3504; baseline 0.009 -20"><span class='ocrx_word' id='word_1_235' title='bbox 224 3443 354 3504; x_wconf 84' lang='lat' dir='ltr'>sequens</span> <span class='ocrx_word' id='word_1_236' title='bbox 368 3430 526 3490; x_wconf 87' lang='lat' dir='ltr'>Decretum</span> <span class='ocrx_word' id='word_1_237' title='bbox 536 3431 604 3493; x_wconf 88' lang='lat' dir='ltr'>tulit</span> <span class='ocrx_word' id='word_1_238' title='bbox 614 3433 693 3493; x_wconf 86' lang='lat' dir='ltr'>circa</span> <span class='ocrx_word' id='word_1_239' title='bbox 703 3431 992 3495; x_wconf 85' lang='lat' dir='ltr'>administrationem</span> <span class='ocrx_word' id='word_1_240' title='bbox 999 3432 1202 3496; x_wconf 74' lang='lat' dir='ltr'>xenodochio</span> 
     </span>
     <span class='ocr_line' id='line_1_38' title="bbox 224 3516 1201 3600; baseline 0.012 -28"><span class='ocrx_word' id='word_1_241' title='bbox 224 3529 293 3574; x_wconf 84' lang='lat' dir='ltr'>rura</span> <span class='ocrx_word' id='word_1_242' title='bbox 311 3532 318 3572; x_wconf 91' lang='lat'>:</span> <span class='ocrx_word' id='word_1_243' title='bbox 338 3533 353 3572; x_wconf 82' lang='lat' dir='ltr'>a</span> <span class='ocrx_word' id='word_1_244' title='bbox 372 3516 555 3579; x_wconf 88' lang='lat' dir='ltr'>Gubernatio</span> <span class='ocrx_word' id='word_1_245' title='bbox 576 3519 647 3581; x_wconf 82' lang='lat' dir='ltr'>viris</span> <span class='ocrx_word' id='word_1_246' title='bbox 670 3519 823 3600; x_wconf 85' lang='lat' dir='ltr'>providis,</span> <span class='ocrx_word' id='word_1_247' title='bbox 842 3519 958 3584; x_wconf 86' lang='lat' dir='ltr'>idoneis</span> <span class='ocrx_word' id='word_1_248' title='bbox 976 3525 1007 3582; x_wconf 85' lang='lat' dir='ltr'>et</span> <span class='ocrx_word' id='word_1_249' title='bbox 1024 3520 1100 3584; x_wconf 87' lang='lat' dir='ltr'>boni</span> <span class='ocrx_word' id='word_1_250' title='bbox 1123 3525 1201 3584; x_wconf 72' lang='lat' dir='ltr'>tasa-</span> 
     </span>
     <span class='ocr_line' id='line_1_39' title="bbox 225 3600 1201 3690; baseline 0.019 -35"><span class='ocrx_word' id='word_1_251' title='bbox 225 3618 238 3654; x_wconf 69' lang='grc' dir='ltr'>ι</span> <span class='ocrx_word' id='word_1_252' title='bbox 264 3600 359 3662; x_wconf 85' lang='lat' dir='ltr'>monii</span> <span class='ocrx_word' id='word_1_253' title='bbox 374 3601 590 3682; x_wconf 84' lang='lat' dir='ltr'>committatur,</span> <span class='ocrx_word' id='word_1_254' title='bbox 601 3605 871 3690; x_wconf 67' lang='lat' dir='ltr'>quiritantium</span> <span class='ocrx_word' id='word_1_255' title='bbox 882 3605 1201 3690; x_wconf 65' lang='lat' dir='ltr'>atramntlmimu</span> 
     </span>
    </p>
   </div>
   <div class='ocr_carea' id='block_1_5' title="bbox 0 0 1254 3972">
    <p class='ocr_par' dir='ltr' id='par_1_8' title="bbox 0 0 1254 3972">
     <span class='ocr_line' id='line_1_40' title="bbox 0 0 1254 3972; baseline 0 0"><span class='ocrx_word' id='word_1_256' title='bbox 0 0 1254 3972; x_wconf 95' lang='lat' dir='ltr'> </span> 
     </span>
    </p>
   </div>
  </div>
 </body>
</html>
