2416 3954
346 232 432 278 arnan
452 231 609 280 snouuous.
905 219 963 280 305

23 321 181 468 ἷξηξιΙΙίαηο
200 329 230 386 et
251 325 283 388 S.
300 324 505 408 Cypriano.-
517 325 591 388 Vide
612 325 715 390 Theoi.
729 326 829 390 Tolos.
845 332 876 389 et
891 327 965 390 alios

50 427 165 491 eoogos.

55 523 130 586 Unde
150 531 228 607 patet
248 525 341 608 quam
362 525 512 590 immerito
531 527 702 588 Proresrons
718 527 888 592 liemnilius
901 529 965 612 pri·
984 543 991 554 ·

25 628 93 672 mum
106 631 187 676 usum
195 617 398 678 concessionis
412 614 667 695 indulgentiarum
682 614 712 676 in
726 616 873 697 Ecclesia,
883 637 966 682 anno

26 703 97 776 aaut,
112 703 275 785 ascripserit
296 721 304 765 r
328 703 430 766 minus
451 710 553 765 brnen
568 702 710 785 frequens
730 703 786 767 suit
807 706 838 767 in
860 707 965 788 primis

14 788 121 852 ¹seculis
132 791 310 874 dispensatio
321 791 582 874 indulgentiarum
595 839 603 870 ‚
618 792 689 872 quia
702 791 733 853 in
748 792 804 855 bac
815 791 966 858 feruentis-

25 875 84 938 sind
101 887 196 958 atate,
212 881 315 943 utilius
332 888 397 944 erat
416 879 557 943 Ecclesiae
574 881 656 963 qudd
675 879 778 943 fideles
798 881 967 946 sinerentur

25 967 178 1044 perlustrare
204 971 301 1032 varios
326 969 509 1052 poenitentiae
532 969 686 1032 canonicas
709 970 829 1051 gradus.
864 973 899 1033 in
920 971 967 1034 his

25 1061 106 1117 autent
118 1058 275 1140 tepiditatis
287 1059 484 1140 temporibus,
501 1058 604 1120 utilius
618 1065 664 1122 est
676 1059 797 1122 econtra
806 1065 839 1122 ut
853 1059 890 1120 ad
904 1079 967 1140 ρω-

26 1143 157 1208 nitentiam
178 1147 411 1210 misericorditer
434 1146 622 1210 adducantur
635 1154 821 1229 peccatores,
838 1167 876 1211 ne
890 1148 969 1210 diffi-

26 1231 113 1296 cultate
134 1235 258 1300 salutem
272 1234 417 1318 operandi
439 1236 557 1314 irretiti,
580 1235 712 1297 habenas
725 1237 866 1299 omnibus
891 1237 967 1299 vitiis

25 1324 205 1492 naggs)lanent
219 1333 249 1388 et
262 1325 294 1388 iu
304 1325 447 1408 abyssum
456 1342 488 1386 sc
497 1324 669 1404 conjiciant.
685 1323 834 1402 (Cdre'tieo
843 1323 965 1405 deiciat,

23 1425 46 1488 p.
94 1458 101 1472 .

51 1525 131 1586 4537.
152 1527 275 1598 Ouaerit.
290 1531 322 1589 2·
336 1523 468 1598 Qualiter
480 1522 650 1586 dividantur
663 1525 884 1606 indulgentis?

52 1623 130 1706 llcsp.
154 1631 184 1690 1⁰
206 1628 302 1690 Dividi
318 1627 349 1690 in
359 1625 513 1709 plenarios
532 1633 562 1688 et
577 1628 735 1708 partiales.
752 1629 909 1708 Plaetorio,
931 1631 968 1694 iis

22 1714 60 1790 qui
74 1713 249 1780 sufficientes
258 1716 370 1779 habent
382 1715 602 1798 dispositiones,
617 1721 709 1778 totam
723 1736 842 1799 poenum
852 1726 967 1802 tempo-

22 1801 96 1864 ralem
110 1824 162 1887 pro
170 1806 300 1889 peccatis
307 1804 476 1868 commissis
490 1803 622 1866 debitam
630 1806 796 1882 remittunt;
807 1807 969 1889 aliquando

21 1887 44 1950 in
62 1893 149 1957 Bullis
170 1893 306 1978 plenaria
324 1893 510 1974 indulgentia
527 1891 635 1954 dicitur
652 1893 771 1974 plenior
793 1896 839 1957 ool
861 1896 969 1979 plenia-

21 1979 79 2042 o'roo
95 2004 104 2045 :
123 1985 273 2066 nunquia
294 1985 441 2062 majorem
460 1987 576 2063 partem
592 2000 689 2062 poenaa
705 1984 876 2065 temporalis
895 1991 968 2050 tunc

22 2071 144 2151 rernittit‚
159 2071 213 2136 sed
230 2071 302 2153 quia
316 2069 477 2152 aliqnando
495 2070 609 2150 majora
631 2071 785 2153 privilegia
803 2073 829 2136 ei
851 2092 968 2140 annexa

22 2163 92 2236 sunt,
110 2179 139 2223 v.
161 2181 206 2244 g.‚
232 2165 361 2243 potestas
380 2157 551 2222 absolvendi
575 2161 592 2220 a
615 2161 789 2238 reservatis,
813 2167 870 2225 etc.
893 2163 968 2226 Vide

20 2245 105 2310 iboni.
115 2250 214 2314 Totos.
223 2283 265 2295 -
278 2247 431 2331 Praecipua
440 2246 626 2329 induigentia
637 2247 811 2329 hujusmodi
825 2258 870 2314 est
882 2251 967 2315 tubi-

23 2331 109 2412 laum,
123 2337 237 2421 dequo
252 2337 339 2399 inira.

50 2451 131 2514 i538.
153 2447 304 2514 Partiuies
316 2448 386 2511 nord
399 2461 514 2530 partem
527 2448 672 2512 duntaxat
685 2469 781 2532 poenae
795 2453 969 2532 tomporalis

21 2535 185 2602 condonant.
210 2542 355 2612 Quaenam
369 2545 468 2598 autem
489 2537 527 2598 sit
540 2537 589 2600 illa
604 2538 693 2620 parsi
711 2573 750 2583 -
764 2539 829 2601 Hoc
843 2557 904 2600 non
925 2545 970 2602 est

21 2621 267 2691 determinandum
277 2645 312 2689 nx
326 2625 424 2688 verbis
433 2625 541 2707 quibus
554 2627 647 2689 utitur
659 2623 794 2688 Ecclesia
806 2625 838 2687 in
851 2643 971 2688 conces

21 2711 90 2777 sione
114 2715 287 2796 huiusmodi
312 2713 587 2796 indulgentiarum
618 2714 714 2775 solent
739 2713 821 2776 enim
846 2713 971 2776 concedi

23 2803 142 2878 partiales
163 2804 359 2886 indulgentiae
372 2821 426 2886 per
444 2802 723 2866 determinationem
738 2807 889 2864 certorum
907 2801 971 2866 die·

22 2906 94 2971 turn,
111 2912 279 2970 annorum,
303 2897 361 2956 etc.
388 2911 448 2954 zv.
471 2911 501 2974 g.
524 2895 584 2968 tt),
607 2894 664 2954 too
689 2890 823 2970 dierum,
846 2891 969 2973 viginti,

20 2980 225 3066 quinquaginta
233 2999 395 3058 annorum,
406 2989 519 3064 septem
527 2986 577 3042 aut
584 2979 689 3042 decem
699 2978 971 3063 quadragenarum,

20 3075 66 3130 etc.
81 3074 186 3151 :porro
195 3091 233 3135 ex
242 3070 390 3134 similibus
398 3071 496 3132 verbis
506 3087 567 3132 oon
578 3075 623 3131 cst
635 3068 879 3132 concludendum
891 3069 972 3153 qudd

20 3159 54 3219 lot
74 3157 150 3239 diss,
166 3169 220 3224 aut
238 3161 326 3236 anni,
348 3165 401 3222 aut
413 3157 613 3240 quadragenae
629 3177 726 3240 poenae
744 3160 907 3241 purgatorii
922 3177 972 3225 ra·

19 3247 199 3312 mittanturei
209 3251 260 3331 qui
269 3248 345 3311 tales
357 3247 557 3329 indulgentias
567 3247 709 3322 lucratur,
722 3248 774 3310 sed
785 3249 974 3315 solummodo

20 3349 63 3414 par
74 3337 152 3401 dicta
165 3338 256 3401 verba
269 3338 392 3418 intelligi
406 3337 494 3398 debet
503 3336 585 3419 qndd
595 3337 622 3398 ei
636 3336 822 3400 condonetur
833 3357 868 3401 ea
878 3358 975 3421 poenae

20 3427 171 3506 purgatorii
203 3445 287 3508 pars,
311 3445 379 3509 qum
401 3426 614 3508 correspondet
641 3425 844 3507 adimpletioni
871 3445 974 3508 poena·

20 3527 80 3574 mm
97 3515 314 3580 canonicarum
336 3533 412 3598 quas
425 3514 557 3577 Ecclesia
575 3514 977 3596 otim·t1nponenat,pertu

19 3609 62 3664 aut
76 3607 132 3668 roo
154 3602 237 3683 dies,
254 3621 308 3688 per
326 3605 366 3668 00
385 3608 437 3667 aut
449 3607 489 3666 00
502 3619 610 3680 annus,
626 3619 679 3684 per
693 3607 710 3663 *t
726 3606 778 3664 aut
801 3603 840 3664 lo
852 3597 976 3682 quadra·
