<?xml version="1.0" encoding="UTF-8"?>
<!DOCTYPE html PUBLIC "-//W3C//DTD XHTML 1.0 Transitional//EN"
    "http://www.w3.org/TR/xhtml1/DTD/xhtml1-transitional.dtd">
<html xmlns="http://www.w3.org/1999/xhtml" xml:lang="en" lang="en">
 <head>
  <title>
</title>
<meta http-equiv="Content-Type" content="text/html;charset=utf-8" />
  <meta name='ocr-system' content='tesseract 3.04.00' />
  <meta name='ocr-capabilities' content='ocr_page ocr_carea ocr_par ocr_line ocrx_word'/>
</head>
<body>
  <div class='ocr_page' id='page_1' title='image "./manualetotiusju00craigoog_0287.png"; bbox 0 0 2474 3946; ppageno 0'>
   <div class='ocr_carea' id='block_1_1' title="bbox 185 181 932 252">
    <p class='ocr_par' dir='ltr' id='par_1_1' title="bbox 185 181 932 252">
     <span class='ocr_line' id='line_1_1' title="bbox 185 181 932 252; baseline 0.008 -10"><span class='ocrx_word' id='word_1_1' title='bbox 185 181 246 242; x_wconf 74' lang='lat' dir='ltr'><strong>auu</strong></span> <span class='ocrx_word' id='word_1_2' title='bbox 405 202 542 248; x_wconf 75' lang='lat' dir='ltr'><strong>arnume</strong></span> <span class='ocrx_word' id='word_1_3' title='bbox 560 203 662 250; x_wconf 86' lang='lat' dir='ltr'><strong>runos</strong></span> <span class='ocrx_word' id='word_1_4' title='bbox 679 201 764 252; x_wconf 86' lang='lat' dir='ltr'><strong>rums</strong></span> <span class='ocrx_word' id='word_1_5' title='bbox 783 201 932 251; x_wconf 80' lang='lat' dir='ltr'><strong>canentur.</strong></span> 
     </span>
    </p>
   </div>
   <div class='ocr_carea' id='block_1_2' title="bbox 177 297 1161 2962">
    <p class='ocr_par' dir='ltr' id='par_1_2' title="bbox 184 297 1156 472">
     <span class='ocr_line' id='line_1_2' title="bbox 185 297 1156 382; baseline 0.005 -25"><span class='ocrx_word' id='word_1_6' title='bbox 185 298 240 358; x_wconf 87' lang='lat' dir='ltr'><strong>nisi</strong></span> <span class='ocrx_word' id='word_1_7' title='bbox 255 303 360 380; x_wconf 81' lang='lat' dir='ltr'><strong>agatur</strong></span> <span class='ocrx_word' id='word_1_8' title='bbox 378 298 417 363; x_wconf 86' lang='lat' dir='ltr'><strong>de</strong></span> <span class='ocrx_word' id='word_1_9' title='bbox 437 306 505 363; x_wconf 90' lang='lat' dir='ltr'><strong>voto</strong></span> <span class='ocrx_word' id='word_1_10' title='bbox 523 301 663 364; x_wconf 87' lang='lat' dir='ltr'><strong>castitatis</strong></span> <span class='ocrx_word' id='word_1_11' title='bbox 685 308 737 365; x_wconf 91' lang='lat' dir='ltr'><strong>aut</strong></span> <span class='ocrx_word' id='word_1_12' title='bbox 757 308 827 365; x_wconf 87' lang='lat' dir='ltr'><strong>roto</strong></span> <span class='ocrx_word' id='word_1_13' title='bbox 847 299 1035 382; x_wconf 81' lang='lat' dir='ltr'>Religionem</span> <span class='ocrx_word' id='word_1_14' title='bbox 1053 297 1156 382; x_wconf 77' lang='lat' dir='ltr'><strong>ingre-</strong></span> 
     </span>
     <span class='ocr_line' id='line_1_3' title="bbox 184 385 901 492; baseline 0.007 -46"><span class='ocrx_word' id='word_1_15' title='bbox 184 385 305 464; x_wconf 91' lang='lat' dir='ltr'><strong>diendi,</strong></span> <span class='ocrx_word' id='word_1_16' title='bbox 321 389 457 451; x_wconf 85' lang='lat' dir='ltr'><strong>debitum</strong></span> <span class='ocrx_word' id='word_1_17' title='bbox 476 391 507 451; x_wconf 91' lang='lat' dir='ltr'><strong>in</strong></span> <span class='ocrx_word' id='word_1_18' title='bbox 522 389 580 452; x_wconf 90' lang='lat' dir='ltr'><strong>hoe</strong></span> <span class='ocrx_word' id='word_1_19' title='bbox 593 409 665 454; x_wconf 87' lang='lat' dir='ltr'><strong>casu</strong></span> <span class='ocrx_word' id='word_1_20' title='bbox 680 398 779 492; x_wconf 80' lang='lat' dir='ltr'><strong>petere</strong></span> <span class='ocrx_word' id='word_1_21' title='bbox 793 396 901 472; x_wconf 85' lang='lat' dir='ltr'><strong>potest.</strong></span> 
     </span>
    </p>

    <p class='ocr_par' dir='ltr' id='par_1_3' title="bbox 184 475 1159 914">
     <span class='ocr_line' id='line_1_4' title="bbox 224 475 1159 560; baseline 0.002 -24"><span class='ocrx_word' id='word_1_22' title='bbox 224 476 300 538; x_wconf 86' lang='lat' dir='ltr'><strong>Casu</strong></span> <span class='ocrx_word' id='word_1_23' title='bbox 314 483 415 540; x_wconf 85' lang='lat' dir='ltr'><strong>arrtem</strong></span> <span class='ocrx_word' id='word_1_24' title='bbox 429 497 491 560; x_wconf 90' lang='lat' dir='ltr'><strong>quo</strong></span> <span class='ocrx_word' id='word_1_25' title='bbox 500 479 646 542; x_wconf 76' lang='lat' dir='ltr'><strong>emisisset</strong></span> <span class='ocrx_word' id='word_1_26' title='bbox 658 480 725 560; x_wconf 83' lang='lat' dir='ltr'><strong>quis</strong></span> <span class='ocrx_word' id='word_1_27' title='bbox 738 487 840 542; x_wconf 91' lang='lat' dir='ltr'><strong>votum</strong></span> <span class='ocrx_word' id='word_1_28' title='bbox 850 475 1045 560; x_wconf 84' lang='lat' dir='ltr'><strong>virginitatis,</strong></span> <span class='ocrx_word' id='word_1_29' title='bbox 1055 482 1159 558; x_wconf 89' lang='lat' dir='ltr'><strong>posset</strong></span> 
     </span>
     <span class='ocr_line' id='line_1_5' title="bbox 184 564 1159 670; baseline 0.002 -46"><span class='ocrx_word' id='word_1_30' title='bbox 184 564 294 644; x_wconf 84' lang='lat' dir='ltr'><strong>pariter</strong></span> <span class='ocrx_word' id='word_1_31' title='bbox 315 564 449 630; x_wconf 84' lang='lat' dir='ltr'><strong>debitum</strong></span> <span class='ocrx_word' id='word_1_32' title='bbox 472 575 573 670; x_wconf 84' lang='lat' dir='ltr'><strong>petere</strong></span> <span class='ocrx_word' id='word_1_33' title='bbox 600 567 698 631; x_wconf 82' lang='lat' dir='ltr'><strong>statim</strong></span> <span class='ocrx_word' id='word_1_34' title='bbox 722 587 758 631; x_wconf 89' lang='lat' dir='ltr'><strong>ac</strong></span> <span class='ocrx_word' id='word_1_35' title='bbox 784 573 1028 631; x_wconf 91' lang='lat' dir='ltr'><strong>consummatum</strong></span> <span class='ocrx_word' id='word_1_36' title='bbox 1051 565 1159 628; x_wconf 83' lang='lat' dir='ltr'><strong>fuisset</strong></span> 
     </span>
     <span class='ocr_line' id='line_1_6' title="bbox 185 653 1157 739; baseline 0.003 -26"><span class='ocrx_word' id='word_1_37' title='bbox 185 653 423 732; x_wconf 75' lang='lat' dir='ltr'><strong>matrimonium,</strong></span> <span class='ocrx_word' id='word_1_38' title='bbox 440 657 731 739; x_wconf 81' lang='lat' dir='ltr'><strong>quietuncampiiirs</strong></span> <span class='ocrx_word' id='word_1_39' title='bbox 744 657 854 720; x_wconf 85' lang='lat' dir='ltr'><strong>servari</strong></span> <span class='ocrx_word' id='word_1_40' title='bbox 869 653 1157 737; x_wconf 80' lang='lat' dir='ltr'><strong>nequithuJusmodi</strong></span> 
     </span>
     <span class='ocr_line' id='line_1_7' title="bbox 184 743 1158 828; baseline 0.006 -27"><span class='ocrx_word' id='word_1_41' title='bbox 184 749 306 818; x_wconf 86' lang='lat' dir='ltr'><strong>votum,</strong></span> <span class='ocrx_word' id='word_1_42' title='bbox 316 743 341 806; x_wconf 91' lang='lat' dir='ltr'><strong>si</strong></span> <span class='ocrx_word' id='word_1_43' title='bbox 354 751 455 808; x_wconf 85' lang='lat' dir='ltr'><strong>tamen</strong></span> <span class='ocrx_word' id='word_1_44' title='bbox 465 749 644 810; x_wconf 81' lang='lat' dir='ltr'><strong>veneratum</strong></span> <span class='ocrx_word' id='word_1_45' title='bbox 654 745 831 828; x_wconf 77' lang='lat' dir='ltr'><strong>virginitatis</strong></span> <span class='ocrx_word' id='word_1_46' title='bbox 845 743 1007 807; x_wconf 87' lang='lat' dir='ltr'><strong>intenderit</strong></span> <span class='ocrx_word' id='word_1_47' title='bbox 1020 743 1158 808; x_wconf 84' lang='lat' dir='ltr'><strong>emittere</strong></span> 
     </span>
     <span class='ocr_line' id='line_1_8' title="bbox 184 833 617 914; baseline 0.018 -22"><span class='ocrx_word' id='word_1_48' title='bbox 184 836 214 892; x_wconf 88' lang='lat' dir='ltr'><strong>et</strong></span> <span class='ocrx_word' id='word_1_49' title='bbox 227 849 288 893; x_wconf 93' lang='lat' dir='ltr'><strong>non</strong></span> <span class='ocrx_word' id='word_1_50' title='bbox 303 833 403 914; x_wconf 83' lang='lat' dir='ltr'><strong>potius</strong></span> <span class='ocrx_word' id='word_1_51' title='bbox 414 835 617 900; x_wconf 79' lang='lat' dir='ltr'><strong>continentiae.</strong></span> 
     </span>
    </p>

    <p class='ocr_par' dir='ltr' id='par_1_4' title="bbox 182 921 1159 1805">
     <span class='ocr_line' id='line_1_9' title="bbox 223 921 1157 1004; baseline 0.003 -23"><span class='ocrx_word' id='word_1_52' title='bbox 223 925 313 984; x_wconf 80' lang='grc'><strong>1195.</strong></span> <span class='ocrx_word' id='word_1_53' title='bbox 330 922 480 986; x_wconf 85' lang='lat' dir='ltr'><strong>Dissoluto</strong></span> <span class='ocrx_word' id='word_1_54' title='bbox 493 931 593 988; x_wconf 88' lang='lat' dir='ltr'><strong>autem</strong></span> <span class='ocrx_word' id='word_1_55' title='bbox 608 924 815 1000; x_wconf 88' lang='lat' dir='ltr'><strong>matrimonio,</strong></span> <span class='ocrx_word' id='word_1_56' title='bbox 833 921 886 1004; x_wconf 85' lang='lat' dir='ltr'><strong>qui</strong></span> <span class='ocrx_word' id='word_1_57' title='bbox 899 922 977 984; x_wconf 81' lang='lat' dir='ltr'><strong>vovit</strong></span> <span class='ocrx_word' id='word_1_58' title='bbox 990 921 1157 985; x_wconf 88' lang='lat' dir='ltr'><strong>castitatem</strong></span> 
     </span>
     <span class='ocr_line' id='line_1_10' title="bbox 186 1010 1155 1091; baseline 0.002 -21"><span class='ocrx_word' id='word_1_59' title='bbox 186 1027 246 1071; x_wconf 92' lang='lat' dir='ltr'><strong>non</strong></span> <span class='ocrx_word' id='word_1_60' title='bbox 262 1017 358 1091; x_wconf 87' lang='lat' dir='ltr'><strong>potest</strong></span> <span class='ocrx_word' id='word_1_61' title='bbox 381 1012 461 1074; x_wconf 83' lang='lat' dir='ltr'><strong>eliud</strong></span> <span class='ocrx_word' id='word_1_62' title='bbox 482 1014 707 1076; x_wconf 80' lang='lat' dir='ltr'><strong>matrimonium</strong></span> <span class='ocrx_word' id='word_1_63' title='bbox 726 1013 802 1074; x_wconf 90' lang='lat' dir='ltr'><strong>inire</strong></span> <span class='ocrx_word' id='word_1_64' title='bbox 823 1012 888 1073; x_wconf 80' lang='lat' dir='ltr'><strong>sine</strong></span> <span class='ocrx_word' id='word_1_65' title='bbox 906 1010 1155 1091; x_wconf 89' lang='lat' dir='ltr'><strong>dispensatione·</strong></span> 
     </span>
     <span class='ocr_line' id='line_1_11' title="bbox 185 1097 1156 1184; baseline 0.003 -26"><span class='ocrx_word' id='word_1_66' title='bbox 185 1097 265 1160; x_wconf 91' lang='lat' dir='ltr'><strong>idem</strong></span> <span class='ocrx_word' id='word_1_67' title='bbox 289 1108 333 1161; x_wconf 91' lang='lat' dir='ltr'><strong>est</strong></span> <span class='ocrx_word' id='word_1_68' title='bbox 353 1100 516 1164; x_wconf 90' lang='lat' dir='ltr'><strong>dicendum</strong></span> <span class='ocrx_word' id='word_1_69' title='bbox 534 1102 573 1165; x_wconf 92' lang='lat' dir='ltr'><strong>de</strong></span> <span class='ocrx_word' id='word_1_70' title='bbox 593 1122 630 1165; x_wconf 93' lang='lat' dir='ltr'><strong>eo</strong></span> <span class='ocrx_word' id='word_1_71' title='bbox 644 1102 695 1184; x_wconf 90' lang='lat' dir='ltr'><strong>qui</strong></span> <span class='ocrx_word' id='word_1_72' title='bbox 716 1101 795 1163; x_wconf 78' lang='lat' dir='ltr'><strong>vovit</strong></span> <span class='ocrx_word' id='word_1_73' title='bbox 813 1098 928 1181; x_wconf 80' lang='lat' dir='ltr'><strong>ingredi</strong></span> <span class='ocrx_word' id='word_1_74' title='bbox 951 1099 1156 1180; x_wconf 67' lang='lat' dir='ltr'><strong>Religionem,</strong></span> 
     </span>
     <span class='ocr_line' id='line_1_12' title="bbox 184 1187 1159 1270; baseline 0.004 -23"><span class='ocrx_word' id='word_1_75' title='bbox 184 1187 341 1267; x_wconf 85' lang='lat' dir='ltr'><strong>quiquead</strong></span> <span class='ocrx_word' id='word_1_76' title='bbox 349 1190 651 1270; x_wconf 75' lang='lat' dir='ltr'><strong>eaminpredieodam</strong></span> <span class='ocrx_word' id='word_1_77' title='bbox 661 1198 780 1252; x_wconf 90' lang='lat' dir='ltr'><strong>tenetur</strong></span> <span class='ocrx_word' id='word_1_78' title='bbox 789 1188 887 1251; x_wconf 88' lang='lat' dir='ltr'><strong>statim</strong></span> <span class='ocrx_word' id='word_1_79' title='bbox 897 1205 933 1250; x_wconf 89' lang='lat' dir='ltr'><strong>ac</strong></span> <span class='ocrx_word' id='word_1_80' title='bbox 941 1193 1038 1268; x_wconf 80' lang='lat' dir='ltr'><strong>potest</strong></span> <span class='ocrx_word' id='word_1_81' title='bbox 1049 1208 1057 1248; x_wconf 74' lang='grc' dir='ltr'><strong><em>ε</em></strong></span> <span class='ocrx_word' id='word_1_82' title='bbox 1069 1207 1159 1251; x_wconf 88' lang='lat' dir='ltr'><strong>secus</strong></span> 
     </span>
     <span class='ocr_line' id='line_1_13' title="bbox 184 1276 1158 1361; baseline 0.004 -25"><span class='ocrx_word' id='word_1_83' title='bbox 184 1283 286 1336; x_wconf 90' lang='lat' dir='ltr'><strong>autom</strong></span> <span class='ocrx_word' id='word_1_84' title='bbox 308 1284 353 1338; x_wconf 88' lang='lat' dir='ltr'><strong>est</strong></span> <span class='ocrx_word' id='word_1_85' title='bbox 376 1279 633 1359; x_wconf 90' lang='lat' dir='ltr'><strong>pronuntiandum</strong></span> <span class='ocrx_word' id='word_1_86' title='bbox 653 1279 692 1342; x_wconf 89' lang='lat' dir='ltr'><strong>de</strong></span> <span class='ocrx_word' id='word_1_87' title='bbox 712 1297 749 1342; x_wconf 91' lang='lat' dir='ltr'><strong>eo</strong></span> <span class='ocrx_word' id='word_1_88' title='bbox 767 1277 818 1361; x_wconf 89' lang='lat' dir='ltr'><strong>qui</strong></span> <span class='ocrx_word' id='word_1_89' title='bbox 842 1285 945 1340; x_wconf 88' lang='lat' dir='ltr'><strong>votum</strong></span> <span class='ocrx_word' id='word_1_90' title='bbox 964 1276 1072 1338; x_wconf 86' lang='lat' dir='ltr'><strong>emittit</strong></span> <span class='ocrx_word' id='word_1_91' title='bbox 1094 1297 1158 1340; x_wconf 90' lang='lat' dir='ltr'><strong>non</strong></span> 
     </span>
     <span class='ocr_line' id='line_1_14' title="bbox 185 1364 1159 1449; baseline 0.008 -26"><span class='ocrx_word' id='word_1_92' title='bbox 185 1364 334 1442; x_wconf 89' lang='lat' dir='ltr'><strong>nubendi,</strong></span> <span class='ocrx_word' id='word_1_93' title='bbox 350 1373 402 1429; x_wconf 88' lang='lat' dir='ltr'><strong>aut</strong></span> <span class='ocrx_word' id='word_1_94' title='bbox 420 1367 622 1449; x_wconf 79' lang='lat' dir='ltr'><strong>virginitatem</strong></span> <span class='ocrx_word' id='word_1_95' title='bbox 636 1368 772 1432; x_wconf 86' lang='lat' dir='ltr'><strong>servandi</strong></span> <span class='ocrx_word' id='word_1_96' title='bbox 789 1386 797 1430; x_wconf 76' lang='grc' dir='ltr'><strong>ι</strong></span> <span class='ocrx_word' id='word_1_97' title='bbox 817 1367 889 1448; x_wconf 82' lang='lat' dir='ltr'><strong>quia</strong></span> <span class='ocrx_word' id='word_1_98' title='bbox 903 1365 1075 1444; x_wconf 86' lang='lat' dir='ltr'><strong>hujusmodi</strong></span> <span class='ocrx_word' id='word_1_99' title='bbox 1090 1375 1159 1430; x_wconf 85' lang='lat' dir='ltr'><strong>vota</strong></span> 
     </span>
     <span class='ocr_line' id='line_1_15' title="bbox 182 1453 1159 1540; baseline 0.006 -26"><span class='ocrx_word' id='word_1_100' title='bbox 182 1453 313 1533; x_wconf 83' lang='lat' dir='ltr'><strong>umpiiirs</strong></span> <span class='ocrx_word' id='word_1_101' title='bbox 335 1455 484 1518; x_wconf 82' lang='lat' dir='ltr'><strong>observari</strong></span> <span class='ocrx_word' id='word_1_102' title='bbox 505 1476 565 1520; x_wconf 91' lang='lat' dir='ltr'><strong>non</strong></span> <span class='ocrx_word' id='word_1_103' title='bbox 581 1465 721 1540; x_wconf 90' lang='lat' dir='ltr'><strong>possunt;</strong></span> <span class='ocrx_word' id='word_1_104' title='bbox 738 1457 915 1538; x_wconf 81' lang='lat' dir='ltr'><strong>contingere</strong></span> <span class='ocrx_word' id='word_1_105' title='bbox 934 1463 1034 1518; x_wconf 88' lang='lat' dir='ltr'><strong>tamen</strong></span> <span class='ocrx_word' id='word_1_106' title='bbox 1055 1465 1159 1536; x_wconf 85' lang='lat' dir='ltr'><strong>posset</strong></span> 
     </span>
     <span class='ocr_line' id='line_1_16' title="bbox 183 1541 1158 1622; baseline 0.006 -18"><span class='ocrx_word' id='word_1_107' title='bbox 183 1541 264 1622; x_wconf 83' lang='lat' dir='ltr'><strong>quod</strong></span> <span class='ocrx_word' id='word_1_108' title='bbox 275 1546 318 1606; x_wconf 85' lang='lat' dir='ltr'><strong>sic</strong></span> <span class='ocrx_word' id='word_1_109' title='bbox 332 1551 471 1608; x_wconf 77' lang='lat' dir='ltr'><strong>voventes</strong></span> <span class='ocrx_word' id='word_1_110' title='bbox 486 1547 681 1610; x_wconf 85' lang='lat' dir='ltr'><strong>intendissent</strong></span> <span class='ocrx_word' id='word_1_111' title='bbox 695 1547 859 1610; x_wconf 82' lang='lat' dir='ltr'><strong>castitatem</strong></span> <span class='ocrx_word' id='word_1_112' title='bbox 871 1561 993 1620; x_wconf 88' lang='lat' dir='ltr'><strong>vovere,</strong></span> <span class='ocrx_word' id='word_1_113' title='bbox 1008 1551 1039 1606; x_wconf 88' lang='lat' dir='ltr'><strong>et</strong></span> <span class='ocrx_word' id='word_1_114' title='bbox 1053 1545 1083 1605; x_wconf 91' lang='lat' dir='ltr'><strong>in</strong></span> <span class='ocrx_word' id='word_1_115' title='bbox 1097 1543 1158 1610; x_wconf 90' lang='lat' dir='ltr'><strong>hoc</strong></span> 
     </span>
     <span class='ocr_line' id='line_1_17' title="bbox 183 1632 1159 1718; baseline 0.003 -26"><span class='ocrx_word' id='word_1_116' title='bbox 183 1649 256 1694; x_wconf 89' lang='lat' dir='ltr'><strong>casu</strong></span> <span class='ocrx_word' id='word_1_117' title='bbox 270 1633 447 1714; x_wconf 83' lang='lat' dir='ltr'><strong>applicanda</strong></span> <span class='ocrx_word' id='word_1_118' title='bbox 461 1643 636 1718; x_wconf 71' lang='lat' dir='ltr'><strong>essentque.</strong></span> <span class='ocrx_word' id='word_1_119' title='bbox 650 1635 729 1698; x_wconf 90' lang='lat' dir='ltr'><strong>dicta</strong></span> <span class='ocrx_word' id='word_1_120' title='bbox 740 1634 857 1698; x_wconf 90' lang='lat' dir='ltr'><strong>suntde</strong></span> <span class='ocrx_word' id='word_1_121' title='bbox 869 1632 1033 1696; x_wconf 79' lang='lat' dir='ltr'><strong>castitatem</strong></span> <span class='ocrx_word' id='word_1_122' title='bbox 1048 1651 1159 1696; x_wconf 84' lang='lat' dir='ltr'><strong>voven·</strong></span> 
     </span>
     <span class='ocr_line' id='line_1_18' title="bbox 182 1719 817 1805; baseline 0.009 -24"><span class='ocrx_word' id='word_1_123' title='bbox 182 1719 274 1784; x_wconf 91' lang='lat' dir='ltr'><strong>tibus.</strong></span> <span class='ocrx_word' id='word_1_124' title='bbox 292 1723 340 1802; x_wconf 86' lang='lat' dir='ltr'><strong>(P.</strong></span> <span class='ocrx_word' id='word_1_125' title='bbox 355 1723 451 1805; x_wconf 86' lang='lat' dir='ltr'><strong>Gury,</strong></span> <span class='ocrx_word' id='word_1_126' title='bbox 466 1731 540 1787; x_wconf 88' lang='lat' dir='ltr'><strong>tom.</strong></span> <span class='ocrx_word' id='word_1_127' title='bbox 557 1729 592 1801; x_wconf 75' lang='grc'><strong>9,</strong></span> <span class='ocrx_word' id='word_1_128' title='bbox 609 1724 817 1804; x_wconf 62' lang='lat' dir='ltr'><strong>n¹·591595.)</strong></span> 
     </span>
    </p>

    <p class='ocr_par' dir='ltr' id='par_1_5' title="bbox 182 1811 1161 2248">
     <span class='ocr_line' id='line_1_19' title="bbox 223 1811 1159 1896; baseline 0.003 -23"><span class='ocrx_word' id='word_1_129' title='bbox 223 1815 312 1874; x_wconf 82' lang='grc'><strong>1196.</strong></span> <span class='ocrx_word' id='word_1_130' title='bbox 336 1813 384 1873; x_wconf 80' lang='lat' dir='ltr'><strong>An</strong></span> <span class='ocrx_word' id='word_1_131' title='bbox 397 1820 498 1876; x_wconf 87' lang='lat' dir='ltr'><strong>autem</strong></span> <span class='ocrx_word' id='word_1_132' title='bbox 508 1814 559 1896; x_wconf 91' lang='lat' dir='ltr'><strong>qui</strong></span> <span class='ocrx_word' id='word_1_133' title='bbox 574 1813 649 1877; x_wconf 85' lang='lat' dir='ltr'><strong>vovit</strong></span> <span class='ocrx_word' id='word_1_134' title='bbox 663 1832 763 1876; x_wconf 89' lang='lat' dir='ltr'><strong>sacrus</strong></span> <span class='ocrx_word' id='word_1_135' title='bbox 776 1812 898 1876; x_wconf 89' lang='lat' dir='ltr'><strong>ordines</strong></span> <span class='ocrx_word' id='word_1_136' title='bbox 910 1811 1079 1891; x_wconf 84' lang='lat' dir='ltr'><strong>suscipere,</strong></span> <span class='ocrx_word' id='word_1_137' title='bbox 1094 1811 1159 1876; x_wconf 90' lang='lat' dir='ltr'><strong>dis-</strong></span> 
     </span>
     <span class='ocr_line' id='line_1_20' title="bbox 182 1900 1158 1982; baseline 0.001 -19"><span class='ocrx_word' id='word_1_138' title='bbox 182 1900 280 1963; x_wconf 87' lang='lat' dir='ltr'><strong>soluto</strong></span> <span class='ocrx_word' id='word_1_139' title='bbox 299 1901 509 1982; x_wconf 90' lang='lat' dir='ltr'><strong>matrimonio,</strong></span> <span class='ocrx_word' id='word_1_140' title='bbox 524 1902 622 1966; x_wconf 86' lang='lat' dir='ltr'><strong>adhuc</strong></span> <span class='ocrx_word' id='word_1_141' title='bbox 640 1911 776 1966; x_wconf 86' lang='lat' dir='ltr'><strong>teneatur</strong></span> <span class='ocrx_word' id='word_1_142' title='bbox 790 1920 880 1965; x_wconf 91' lang='lat' dir='ltr'><strong>suum</strong></span> <span class='ocrx_word' id='word_1_143' title='bbox 891 1907 993 1962; x_wconf 89' lang='lat' dir='ltr'><strong>votum</strong></span> <span class='ocrx_word' id='word_1_144' title='bbox 1009 1900 1158 1981; x_wconf 89' lang='lat' dir='ltr'><strong>implere,</strong></span> 
     </span>
     <span class='ocr_line' id='line_1_21' title="bbox 183 1987 1159 2074; baseline 0.001 -22"><span class='ocrx_word' id='word_1_145' title='bbox 183 1989 261 2052; x_wconf 82' lang='lat' dir='ltr'><strong>bene</strong></span> <span class='ocrx_word' id='word_1_146' title='bbox 274 1991 312 2052; x_wconf 93' lang='lat' dir='ltr'><strong>de</strong></span> <span class='ocrx_word' id='word_1_147' title='bbox 334 1990 392 2054; x_wconf 88' lang='lat' dir='ltr'><strong>hoo</strong></span> <span class='ocrx_word' id='word_1_148' title='bbox 403 1991 531 2071; x_wconf 88' lang='lat' dir='ltr'><strong>judicari</strong></span> <span class='ocrx_word' id='word_1_149' title='bbox 554 1994 672 2074; x_wconf 78' lang='lat' dir='ltr'><strong>nequit,</strong></span> <span class='ocrx_word' id='word_1_150' title='bbox 694 1992 751 2053; x_wconf 90' lang='lat' dir='ltr'><strong>nisi</strong></span> <span class='ocrx_word' id='word_1_151' title='bbox 771 1989 903 2072; x_wconf 86' lang='lat' dir='ltr'><strong>pensatis</strong></span> <span class='ocrx_word' id='word_1_152' title='bbox 920 1987 1009 2050; x_wconf 89' lang='lat' dir='ltr'><strong>variis</strong></span> <span class='ocrx_word' id='word_1_153' title='bbox 1022 1989 1159 2053; x_wconf 87' lang='lat' dir='ltr'><strong>circum-</strong></span> 
     </span>
     <span class='ocr_line' id='line_1_22' title="bbox 183 2077 1161 2164; baseline 0.003 -25"><span class='ocrx_word' id='word_1_154' title='bbox 183 2079 297 2141; x_wconf 88' lang='lat' dir='ltr'><strong>stantiis</strong></span> <span class='ocrx_word' id='word_1_155' title='bbox 311 2099 379 2161; x_wconf 76' lang='lat' dir='ltr'><strong>quae</strong></span> <span class='ocrx_word' id='word_1_156' title='bbox 393 2083 568 2162; x_wconf 80' lang='lat' dir='ltr'><strong>coritiugere</strong></span> <span class='ocrx_word' id='word_1_157' title='bbox 582 2087 724 2164; x_wconf 81' lang='lat' dir='ltr'><strong>possuut3</strong></span> <span class='ocrx_word' id='word_1_158' title='bbox 740 2079 866 2162; x_wconf 89' lang='lat' dir='ltr'><strong>proinde</strong></span> <span class='ocrx_word' id='word_1_159' title='bbox 880 2077 917 2140; x_wconf 90' lang='lat' dir='ltr'><strong>ad</strong></span> <span class='ocrx_word' id='word_1_160' title='bbox 932 2095 1023 2139; x_wconf 86' lang='lat' dir='ltr'><strong>novas</strong></span> <span class='ocrx_word' id='word_1_161' title='bbox 1033 2080 1161 2159; x_wconf 86' lang='lat' dir='ltr'><strong>nuptias</strong></span> 
     </span>
     <span class='ocr_line' id='line_1_23' title="bbox 183 2165 1069 2248; baseline -0.001 -21"><span class='ocrx_word' id='word_1_162' title='bbox 183 2185 244 2228; x_wconf 91' lang='lat' dir='ltr'><strong>nnn</strong></span> <span class='ocrx_word' id='word_1_163' title='bbox 259 2167 347 2230; x_wconf 91' lang='lat' dir='ltr'><strong>debet</strong></span> <span class='ocrx_word' id='word_1_164' title='bbox 360 2169 427 2230; x_wconf 85' lang='lat' dir='ltr'><strong>talis</strong></span> <span class='ocrx_word' id='word_1_165' title='bbox 440 2171 614 2245; x_wconf 85' lang='lat' dir='ltr'><strong>convolare,</strong></span> <span class='ocrx_word' id='word_1_166' title='bbox 630 2170 686 2231; x_wconf 92' lang='lat' dir='ltr'><strong>nisi</strong></span> <span class='ocrx_word' id='word_1_167' title='bbox 701 2187 772 2232; x_wconf 91' lang='lat' dir='ltr'><strong>cum</strong></span> <span class='ocrx_word' id='word_1_168' title='bbox 786 2168 907 2230; x_wconf 77' lang='lat' dir='ltr'><strong>licentia</strong></span> <span class='ocrx_word' id='word_1_169' title='bbox 921 2165 1069 2248; x_wconf 86' lang='lat' dir='ltr'><strong>Episcopi.</strong></span> 
     </span>
    </p>

    <p class='ocr_par' dir='ltr' id='par_1_6' title="bbox 177 2255 1161 2874">
     <span class='ocr_line' id='line_1_24' title="bbox 222 2255 1160 2341; baseline 0.003 -24"><span class='ocrx_word' id='word_1_170' title='bbox 222 2261 311 2319; x_wconf 81' lang='grc'><strong>1191.</strong></span> <span class='ocrx_word' id='word_1_171' title='bbox 335 2259 501 2340; x_wconf 86' lang='lat' dir='ltr'><strong>Episcopus</strong></span> <span class='ocrx_word' id='word_1_172' title='bbox 515 2259 620 2341; x_wconf 87' lang='lat' dir='ltr'><strong>nequit</strong></span> <span class='ocrx_word' id='word_1_173' title='bbox 629 2257 802 2340; x_wconf 86' lang='lat' dir='ltr'><strong>dispensare</strong></span> <span class='ocrx_word' id='word_1_174' title='bbox 817 2259 849 2319; x_wconf 91' lang='lat' dir='ltr'><strong>in</strong></span> <span class='ocrx_word' id='word_1_175' title='bbox 862 2262 931 2318; x_wconf 89' lang='lat' dir='ltr'><strong>roto</strong></span> <span class='ocrx_word' id='word_1_176' title='bbox 944 2255 1079 2316; x_wconf 83' lang='lat' dir='ltr'><strong>absoluto</strong></span> <span class='ocrx_word' id='word_1_177' title='bbox 1093 2257 1160 2320; x_wconf 83' lang='lat' dir='ltr'><strong>Re-</strong></span> 
     </span>
     <span class='ocr_line' id='line_1_25' title="bbox 181 2344 1161 2430; baseline 0 -24"><span class='ocrx_word' id='word_1_178' title='bbox 181 2346 324 2428; x_wconf 84' lang='lat' dir='ltr'><strong>ligionem</strong></span> <span class='ocrx_word' id='word_1_179' title='bbox 339 2347 524 2428; x_wconf 81' lang='lat' dir='ltr'><strong>ingrediendi</strong></span> <span class='ocrx_word' id='word_1_180' title='bbox 540 2348 571 2410; x_wconf 93' lang='lat' dir='ltr'><strong>in</strong></span> <span class='ocrx_word' id='word_1_181' title='bbox 586 2351 646 2430; x_wconf 75' lang='lat' dir='ltr'><strong>qut</strong></span> <span class='ocrx_word' id='word_1_182' title='bbox 655 2355 721 2409; x_wconf 89' lang='lat' dir='ltr'><strong>vota</strong></span> <span class='ocrx_word' id='word_1_183' title='bbox 730 2346 876 2409; x_wconf 89' lang='lat' dir='ltr'><strong>solemnia</strong></span> <span class='ocrx_word' id='word_1_184' title='bbox 890 2344 1077 2415; x_wconf 87' lang='lat' dir='ltr'><strong>emittuntur,</strong></span> <span class='ocrx_word' id='word_1_185' title='bbox 1096 2363 1161 2411; x_wconf 84' lang='lat' dir='ltr'><strong>nec</strong></span> 
     </span>
     <span class='ocr_line' id='line_1_26' title="bbox 181 2432 1160 2520; baseline 0.004 -24"><span class='ocrx_word' id='word_1_186' title='bbox 181 2435 212 2496; x_wconf 96' lang='lat' dir='ltr'><strong>in</strong></span> <span class='ocrx_word' id='word_1_187' title='bbox 228 2443 296 2498; x_wconf 91' lang='lat' dir='ltr'><strong>voto</strong></span> <span class='ocrx_word' id='word_1_188' title='bbox 306 2435 442 2499; x_wconf 83' lang='lat' dir='ltr'><strong>absoluto</strong></span> <span class='ocrx_word' id='word_1_189' title='bbox 456 2445 607 2520; x_wconf 86' lang='lat' dir='ltr'><strong>perpetuae</strong></span> <span class='ocrx_word' id='word_1_190' title='bbox 617 2435 774 2510; x_wconf 79' lang='lat' dir='ltr'><strong>castitatis;</strong></span> <span class='ocrx_word' id='word_1_191' title='bbox 788 2442 883 2517; x_wconf 88' lang='lat' dir='ltr'><strong>potest</strong></span> <span class='ocrx_word' id='word_1_192' title='bbox 893 2439 993 2496; x_wconf 88' lang='lat' dir='ltr'><strong>autem</strong></span> <span class='ocrx_word' id='word_1_193' title='bbox 1008 2432 1038 2494; x_wconf 92' lang='lat' dir='ltr'><strong>in</strong></span> <span class='ocrx_word' id='word_1_194' title='bbox 1048 2432 1160 2512; x_wconf 87' lang='lat' dir='ltr'><strong>hujus-</strong></span> 
     </span>
     <span class='ocr_line' id='line_1_27' title="bbox 181 2522 1159 2608; baseline 0 -22"><span class='ocrx_word' id='word_1_195' title='bbox 181 2523 262 2586; x_wconf 92' lang='lat' dir='ltr'><strong>modi</strong></span> <span class='ocrx_word' id='word_1_196' title='bbox 284 2526 358 2587; x_wconf 87' lang='lat' dir='ltr'><strong>rotis</strong></span> <span class='ocrx_word' id='word_1_197' title='bbox 378 2525 552 2608; x_wconf 89' lang='lat' dir='ltr'><strong>dispensare</strong></span> <span class='ocrx_word' id='word_1_198' title='bbox 571 2524 694 2608; x_wconf 82' lang='lat' dir='ltr'><strong>quando</strong></span> <span class='ocrx_word' id='word_1_199' title='bbox 709 2531 780 2586; x_wconf 90' lang='lat' dir='ltr'><strong>sunt</strong></span> <span class='ocrx_word' id='word_1_200' title='bbox 793 2522 1010 2596; x_wconf 82' lang='lat' dir='ltr'><strong>conditionata,</strong></span> <span class='ocrx_word' id='word_1_201' title='bbox 1025 2529 1077 2583; x_wconf 90' lang='lat' dir='ltr'><strong>aut</strong></span> <span class='ocrx_word' id='word_1_202' title='bbox 1089 2523 1159 2586; x_wconf 87' lang='lat' dir='ltr'><strong>dis-</strong></span> 
     </span>
     <span class='ocr_line' id='line_1_28' title="bbox 177 2613 1160 2694; baseline 0.004 -19"><span class='ocrx_word' id='word_1_203' title='bbox 177 2613 331 2694; x_wconf 84' lang='lat' dir='ltr'><strong>junctiva,</strong></span> <span class='ocrx_word' id='word_1_204' title='bbox 356 2614 401 2676; x_wconf 88' lang='lat' dir='ltr'><strong>vel</strong></span> <span class='ocrx_word' id='word_1_205' title='bbox 424 2615 533 2694; x_wconf 85' lang='lat' dir='ltr'><strong>dubia,</strong></span> <span class='ocrx_word' id='word_1_206' title='bbox 556 2615 601 2677; x_wconf 82' lang='lat' dir='ltr'><strong>rel</strong></span> <span class='ocrx_word' id='word_1_207' title='bbox 625 2633 661 2677; x_wconf 88' lang='lat' dir='ltr'><strong>ex</strong></span> <span class='ocrx_word' id='word_1_208' title='bbox 685 2621 767 2676; x_wconf 89' lang='lat' dir='ltr'><strong>nretu</strong></span> <span class='ocrx_word' id='word_1_209' title='bbox 791 2613 901 2692; x_wconf 89' lang='lat' dir='ltr'><strong>injusto</strong></span> <span class='ocrx_word' id='word_1_210' title='bbox 923 2617 1049 2673; x_wconf 85' lang='lat' dir='ltr'><strong>extorta.</strong></span> <span class='ocrx_word' id='word_1_211' title='bbox 1074 2613 1160 2679; x_wconf 83' lang='lat' dir='ltr'><strong>Vide</strong></span> 
     </span>
     <span class='ocr_line' id='line_1_29' title="bbox 180 2699 1155 2786; baseline 0 -21"><span class='ocrx_word' id='word_1_212' title='bbox 180 2705 211 2765; x_wconf 89' lang='lat' dir='ltr'><strong>S.</strong></span> <span class='ocrx_word' id='word_1_213' title='bbox 229 2705 349 2786; x_wconf 85' lang='lat' dir='ltr'><strong>Lignor.</strong></span> <span class='ocrx_word' id='word_1_214' title='bbox 367 2703 428 2782; x_wconf 91' lang='lat' dir='ltr'><strong>(lib.</strong></span> <span class='ocrx_word' id='word_1_215' title='bbox 445 2707 481 2781; x_wconf 88' lang='grc'><strong>3,</strong></span> <span class='ocrx_word' id='word_1_216' title='bbox 498 2711 529 2765; x_wconf 77' lang='lat' dir='ltr'><strong>n‘</strong></span> <span class='ocrx_word' id='word_1_217' title='bbox 543 2705 631 2784; x_wconf 76' lang='grc'><strong>961);</strong></span> <span class='ocrx_word' id='word_1_218' title='bbox 647 2701 751 2766; x_wconf 61' lang='lat' dir='ltr'><strong>Theoi,</strong></span> <span class='ocrx_word' id='word_1_219' title='bbox 766 2701 906 2764; x_wconf 85' lang='lat' dir='ltr'><strong>Tolosan.</strong></span> <span class='ocrx_word' id='word_1_220' title='bbox 923 2699 979 2778; x_wconf 87' lang='lat' dir='ltr'><strong>(De</strong></span> <span class='ocrx_word' id='word_1_221' title='bbox 995 2699 1155 2784; x_wconf 78' lang='lat' dir='ltr'><strong>Decclopo,</strong></span> 
     </span>
     <span class='ocr_line' id='line_1_30' title="bbox 179 2790 1154 2874; baseline -0.001 -19"><span class='ocrx_word' id='word_1_222' title='bbox 179 2801 235 2855; x_wconf 82' lang='lat' dir='ltr'><strong>art.</strong></span> <span class='ocrx_word' id='word_1_223' title='bbox 251 2799 285 2868; x_wconf 86' lang='grc'><strong>1,</strong></span> <span class='ocrx_word' id='word_1_224' title='bbox 301 2793 363 2874; x_wconf 55' lang='grc' dir='ltr'><strong>βό,</strong></span> <span class='ocrx_word' id='word_1_225' title='bbox 379 2812 472 2874; x_wconf 84' lang='lat' dir='ltr'><strong>quaer.</strong></span> <span class='ocrx_word' id='word_1_226' title='bbox 489 2794 556 2874; x_wconf 73' lang='lat'><strong>3⁰),</strong></span> <span class='ocrx_word' id='word_1_227' title='bbox 574 2791 665 2854; x_wconf 84' lang='lat' dir='ltr'><strong>Bouix</strong></span> <span class='ocrx_word' id='word_1_228' title='bbox 682 2791 740 2871; x_wconf 86' lang='lat' dir='ltr'><strong>(De</strong></span> <span class='ocrx_word' id='word_1_229' title='bbox 753 2790 915 2873; x_wconf 81' lang='lat' dir='ltr'><strong>Episcopo,</strong></span> <span class='ocrx_word' id='word_1_230' title='bbox 931 2794 955 2852; x_wconf 88' lang='lat' dir='ltr'><strong>t.</strong></span> <span class='ocrx_word' id='word_1_231' title='bbox 971 2792 1007 2867; x_wconf 74' lang='lat'><strong>2,</strong></span> <span class='ocrx_word' id='word_1_232' title='bbox 1022 2808 1053 2870; x_wconf 94' lang='lat' dir='ltr'><strong>p.</strong></span> <span class='ocrx_word' id='word_1_233' title='bbox 1067 2792 1154 2870; x_wconf 82' lang='grc'><strong>135).</strong></span> 
     </span>
    </p>

    <p class='ocr_par' dir='ltr' id='par_1_7' title="bbox 221 2877 1157 2962">
     <span class='ocr_line' id='line_1_31' title="bbox 221 2877 1157 2962; baseline 0.002 -20"><span class='ocrx_word' id='word_1_234' title='bbox 221 2885 308 2943; x_wconf 78' lang='lat' dir='ltr'><strong>eras,</strong></span> <span class='ocrx_word' id='word_1_235' title='bbox 336 2883 424 2944; x_wconf 84' lang='lat' dir='ltr'><strong>Juxta</strong></span> <span class='ocrx_word' id='word_1_236' title='bbox 439 2881 609 2944; x_wconf 87' lang='lat' dir='ltr'><strong>Salmantic.</strong></span> <span class='ocrx_word' id='word_1_237' title='bbox 624 2928 633 2956; x_wconf 92' lang='lat'><strong>,</strong></span> <span class='ocrx_word' id='word_1_238' title='bbox 647 2881 830 2962; x_wconf 81' lang='lat' dir='ltr'><strong>Episcopus,</strong></span> <span class='ocrx_word' id='word_1_239' title='bbox 846 2877 1001 2941; x_wconf 88' lang='lat' dir='ltr'><strong>autetiam</strong></span> <span class='ocrx_word' id='word_1_240' title='bbox 1016 2877 1157 2944; x_wconf 84' lang='lat' dir='ltr'><strong>vicarius</strong></span> 
     </span>
    </p>
   </div>
   <div class='ocr_carea' id='block_1_3' title="bbox 179 2965 1232 3050">
    <p class='ocr_par' dir='ltr' id='par_1_8' title="bbox 179 2965 1232 3050">
     <span class='ocr_line' id='line_1_32' title="bbox 179 2965 1232 3050; baseline 0.002 -19"><span class='ocrx_word' id='word_1_241' title='bbox 179 2969 262 3048; x_wconf 86' lang='lat' dir='ltr'><strong>ejus,</strong></span> <span class='ocrx_word' id='word_1_242' title='bbox 284 2975 381 3050; x_wconf 89' lang='lat' dir='ltr'><strong>potest</strong></span> <span class='ocrx_word' id='word_1_243' title='bbox 402 2987 439 3030; x_wconf 88' lang='lat' dir='ltr'><strong>ex</strong></span> <span class='ocrx_word' id='word_1_244' title='bbox 452 2971 584 3050; x_wconf 80' lang='lat' dir='ltr'><strong>generati</strong></span> <span class='ocrx_word' id='word_1_245' title='bbox 606 2969 818 3034; x_wconf 89' lang='lat' dir='ltr'><strong>commissione</strong></span> <span class='ocrx_word' id='word_1_246' title='bbox 835 2965 1010 3049; x_wconf 88' lang='lat' dir='ltr'><strong>dispensare</strong></span> <span class='ocrx_word' id='word_1_247' title='bbox 1028 2967 1059 3029; x_wconf 93' lang='lat' dir='ltr'><strong>in</strong></span> <span class='ocrx_word' id='word_1_248' title='bbox 1081 2975 1157 3033; x_wconf 89' lang='lat' dir='ltr'><strong>voto</strong></span> <span class='ocrx_word' id='word_1_249' title='bbox 1231 2985 1232 3039; x_wconf 78' lang='grc'><strong>1</strong></span> 
     </span>
    </p>
   </div>
   <div class='ocr_carea' id='block_1_4' title="bbox 179 3056 1154 3142">
    <p class='ocr_par' dir='ltr' id='par_1_9' title="bbox 179 3056 1154 3142">
     <span class='ocr_line' id='line_1_33' title="bbox 179 3056 1154 3142; baseline 0 -23"><span class='ocrx_word' id='word_1_250' title='bbox 179 3057 320 3119; x_wconf 85' lang='lat' dir='ltr'><strong>castitatis</strong></span> <span class='ocrx_word' id='word_1_251' title='bbox 337 3065 490 3138; x_wconf 75' lang='lat' dir='ltr'><strong>perpetuae</strong></span> <span class='ocrx_word' id='word_1_252' title='bbox 512 3060 621 3124; x_wconf 91' lang='lat' dir='ltr'><strong>emisso</strong></span> <span class='ocrx_word' id='word_1_253' title='bbox 643 3063 712 3142; x_wconf 91' lang='lat' dir='ltr'><strong>post</strong></span> <span class='ocrx_word' id='word_1_254' title='bbox 731 3063 976 3121; x_wconf 87' lang='lat' dir='ltr'><strong>consummatum</strong></span> <span class='ocrx_word' id='word_1_255' title='bbox 995 3056 1154 3119; x_wconf 84' lang='lat' dir='ltr'><strong>matrimo-</strong></span> 
     </span>
    </p>
   </div>
   <div class='ocr_carea' id='block_1_5' title="bbox 179 3145 1231 3317">
    <p class='ocr_par' dir='ltr' id='par_1_10' title="bbox 179 3145 1231 3317">
     <span class='ocr_line' id='line_1_34' title="bbox 179 3145 1231 3228; baseline 0.005 -22"><span class='ocrx_word' id='word_1_256' title='bbox 179 3146 281 3222; x_wconf 90' lang='lat' dir='ltr'><strong>nium,</strong></span> <span class='ocrx_word' id='word_1_257' title='bbox 308 3146 399 3208; x_wconf 89' lang='lat' dir='ltr'><strong>modd</strong></span> <span class='ocrx_word' id='word_1_258' title='bbox 421 3151 523 3209; x_wconf 86' lang='lat' dir='ltr'><strong>tamen</strong></span> <span class='ocrx_word' id='word_1_259' title='bbox 543 3148 601 3212; x_wconf 89' lang='lat' dir='ltr'><strong>hoc</strong></span> <span class='ocrx_word' id='word_1_260' title='bbox 624 3157 726 3212; x_wconf 82' lang='lat' dir='ltr'><strong>votum</strong></span> <span class='ocrx_word' id='word_1_261' title='bbox 749 3165 812 3210; x_wconf 92' lang='lat' dir='ltr'><strong>non</strong></span> <span class='ocrx_word' id='word_1_262' title='bbox 835 3145 924 3209; x_wconf 86' lang='lat' dir='ltr'><strong>suerit</strong></span> <span class='ocrx_word' id='word_1_263' title='bbox 943 3147 1088 3208; x_wconf 89' lang='lat' dir='ltr'><strong>emissum</strong></span> <span class='ocrx_word' id='word_1_264' title='bbox 1113 3165 1155 3211; x_wconf 86' lang='lat' dir='ltr'><strong>ex</strong></span> <span class='ocrx_word' id='word_1_265' title='bbox 1230 3223 1231 3228; x_wconf 10' lang='lat'>1</span> 
     </span>
     <span class='ocr_line' id='line_1_35' title="bbox 180 3235 1231 3317; baseline 0.004 -21"><span class='ocrx_word' id='word_1_266' title='bbox 180 3243 285 3298; x_wconf 90' lang='lat' dir='ltr'><strong>mutuo</strong></span> <span class='ocrx_word' id='word_1_267' title='bbox 297 3254 447 3299; x_wconf 89' lang='lat' dir='ltr'><strong>consensu</strong></span> <span class='ocrx_word' id='word_1_268' title='bbox 464 3283 472 3314; x_wconf 98' lang='lat'><strong>,</strong></span> <span class='ocrx_word' id='word_1_269' title='bbox 488 3238 558 3317; x_wconf 85' lang='lat' dir='ltr'><strong>quis</strong></span> <span class='ocrx_word' id='word_1_270' title='bbox 574 3239 603 3299; x_wconf 93' lang='lat' dir='ltr'><strong>in</strong></span> <span class='ocrx_word' id='word_1_271' title='bbox 618 3239 667 3300; x_wconf 88' lang='lat' dir='ltr'><strong>tati</strong></span> <span class='ocrx_word' id='word_1_272' title='bbox 679 3257 750 3302; x_wconf 85' lang='lat' dir='ltr'><strong>essu</strong></span> <span class='ocrx_word' id='word_1_273' title='bbox 764 3239 782 3300; x_wconf 77' lang='grc'><strong>9</strong></span> <span class='ocrx_word' id='word_1_274' title='bbox 795 3237 860 3300; x_wconf 88' lang='lat' dir='ltr'><strong>solo</strong></span> <span class='ocrx_word' id='word_1_275' title='bbox 873 3237 954 3317; x_wconf 79' lang='lat' dir='ltr'><strong>Papa</strong></span> <span class='ocrx_word' id='word_1_276' title='bbox 967 3235 1155 3317; x_wconf 88' lang='lat' dir='ltr'><strong>dispensatio</strong></span> <span class='ocrx_word' id='word_1_277' title='bbox 1230 3239 1231 3255; x_wconf 65' lang='lat'>¹</span> 
     </span>
    </p>
   </div>
   <div class='ocr_carea' id='block_1_6' title="bbox 178 3324 1150 3408">
    <p class='ocr_par' dir='ltr' id='par_1_11' title="bbox 178 3324 1150 3408">
     <span class='ocr_line' id='line_1_36' title="bbox 178 3324 1150 3408; baseline 0.002 -22"><span class='ocrx_word' id='word_1_278' title='bbox 178 3339 257 3386; x_wconf 84' lang='lat' dir='ltr'><strong>cssrt</strong></span> <span class='ocrx_word' id='word_1_279' title='bbox 269 3325 455 3387; x_wconf 87' lang='lat' dir='ltr'><strong>obtinenda.</strong></span> <span class='ocrx_word' id='word_1_280' title='bbox 448 3344 455 3359; x_wconf 92' lang='lat'><strong>·</strong></span> <span class='ocrx_word' id='word_1_281' title='bbox 472 3324 785 3406; x_wconf 75' lang='lat' dir='ltr'><strong>itacoromuniterts.</strong></span> <span class='ocrx_word' id='word_1_282' title='bbox 801 3326 878 3408; x_wconf 72' lang='lat' dir='ltr'><strong>urg„</strong></span> <span class='ocrx_word' id='word_1_283' title='bbox 894 3325 996 3401; x_wconf 90' lang='grc'><strong>111).6,</strong></span> <span class='ocrx_word' id='word_1_284' title='bbox 1014 3329 1150 3406; x_wconf 65' lang='grc'><strong>111981)</strong></span> 
     </span>
    </p>
   </div>
   <div class='ocr_carea' id='block_1_7' title="bbox 178 3403 1230 3605">
    <p class='ocr_par' dir='ltr' id='par_1_12' title="bbox 178 3403 1230 3587">
     <span class='ocr_line' id='line_1_37' title="bbox 216 3403 1230 3496; baseline -0.002 -23"><span class='ocrx_word' id='word_1_285' title='bbox 216 3419 305 3477; x_wconf 82' lang='grc'><strong>1199.</strong></span> <span class='ocrx_word' id='word_1_286' title='bbox 318 3415 382 3478; x_wconf 84' lang='lat' dir='ltr'><strong>[md</strong></span> <span class='ocrx_word' id='word_1_287' title='bbox 395 3413 480 3478; x_wconf 81' lang='lat' dir='ltr'><strong>vaide</strong></span> <span class='ocrx_word' id='word_1_288' title='bbox 490 3415 682 3496; x_wconf 81' lang='lat' dir='ltr'><strong>probabiliter</strong></span> <span class='ocrx_word' id='word_1_289' title='bbox 691 3418 884 3478; x_wconf 78' lang='lat' dir='ltr'><strong>communius</strong></span> <span class='ocrx_word' id='word_1_290' title='bbox 896 3413 1032 3491; x_wconf 79' lang='lat' dir='ltr'><strong>docetur</strong></span> <span class='ocrx_word' id='word_1_291' title='bbox 1044 3423 1152 3480; x_wconf 83' lang='lat' dir='ltr'><strong>contra</strong></span> <span class='ocrx_word' id='word_1_292' title='bbox 1229 3403 1230 3471; x_wconf 75' lang='lat' dir='ltr'><strong>i</strong></span> 
     </span>
     <span class='ocr_line' id='line_1_38' title="bbox 178 3503 1229 3605; baseline 0.006 -41"><span class='ocrx_word' id='word_1_293' title='bbox 178 3504 356 3574; x_wconf 87' lang='lat' dir='ltr'><strong>nonnullos,</strong></span> <span class='ocrx_word' id='word_1_294' title='bbox 382 3522 470 3586; x_wconf 88' lang='lat' dir='ltr'><strong>posse</strong></span> <span class='ocrx_word' id='word_1_295' title='bbox 488 3503 670 3605; x_wconf 79' lang='lat' dir='ltr'><strong>Episcopum</strong></span> <span class='ocrx_word' id='word_1_296' title='bbox 688 3503 910 3587; x_wconf 85' lang='lat' dir='ltr'><strong>dispensarem</strong></span> <span class='ocrx_word' id='word_1_297' title='bbox 925 3511 992 3565; x_wconf 87' lang='lat' dir='ltr'><strong>voto</strong></span> <span class='ocrx_word' id='word_1_298' title='bbox 1006 3505 1152 3570; x_wconf 80' lang='lat' dir='ltr'><strong>castitatis</strong></span> <span class='ocrx_word' id='word_1_299' title='bbox 1228 3557 1229 3562; x_wconf 31' lang='lat'>1</span> 
     </span>
    </p>
   </div>
   <div class='ocr_carea' id='block_1_8' title="bbox 177 3591 1152 3675">
    <p class='ocr_par' dir='ltr' id='par_1_13' title="bbox 177 3591 1152 3675">
     <span class='ocr_line' id='line_1_39' title="bbox 177 3591 1152 3675; baseline 0.005 -21"><span class='ocrx_word' id='word_1_300' title='bbox 177 3599 248 3655; x_wconf 84' lang='lat' dir='ltr'><strong>ante</strong></span> <span class='ocrx_word' id='word_1_301' title='bbox 261 3591 490 3657; x_wconf 89' lang='lat' dir='ltr'><strong>matrimonium</strong></span> <span class='ocrx_word' id='word_1_302' title='bbox 504 3592 613 3654; x_wconf 91' lang='lat' dir='ltr'><strong>emisso</strong></span> <span class='ocrx_word' id='word_1_303' title='bbox 624 3593 681 3671; x_wconf 87' lang='lat' dir='ltr'><strong>a,d</strong></span> <span class='ocrx_word' id='word_1_304' title='bbox 695 3593 859 3675; x_wconf 84' lang='lat' dir='ltr'><strong>petendum</strong></span> <span class='ocrx_word' id='word_1_305' title='bbox 871 3592 1023 3656; x_wconf 89' lang='lat' dir='ltr'><strong>debitum:</strong></span> <span class='ocrx_word' id='word_1_306' title='bbox 1038 3593 1080 3654; x_wconf 75' lang='lat' dir='ltr'><strong>ita</strong></span> <span class='ocrx_word' id='word_1_307' title='bbox 1093 3594 1152 3659; x_wconf 76' lang='lat' dir='ltr'><strong>tert</strong></span> 
     </span>
    </p>
   </div>
   <div class='ocr_carea' id='block_1_9' title="bbox 0 0 1242 3946">
    <p class='ocr_par' dir='ltr' id='par_1_14' title="bbox 0 0 1242 3946">
     <span class='ocr_line' id='line_1_40' title="bbox 0 0 1242 3946; baseline 0 1"><span class='ocrx_word' id='word_1_308' title='bbox 0 0 1242 3946; x_wconf 95' lang='lat' dir='ltr'><strong> </strong></span> 
     </span>
    </p>
   </div>
  </div>
 </body>
</html>
