2462 3972
169 214 229 275 oto
394 227 532 274 arrosus
553 224 654 272 rorrus
673 223 755 269 nmis
776 221 925 270 orromor.

172 333 287 394 irritare
301 331 325 392 si
342 330 379 392 sit
389 331 478 392 tutrix
497 347 504 388 :
521 325 677 408 seuquid,
693 325 717 388 si
733 343 794 387 non
813 325 850 387 sit
867 323 959 386 talis?
971 359 1011 368 —
1023 323 1054 385 Si
1068 319 1148 384 lilius

171 427 270 484 careat
288 425 370 502 patre
396 418 441 480 vel
465 434 520 479 avo
541 421 687 498 paterno,
709 413 811 497 plures
832 418 940 495 putant
958 411 1058 475 lilium
1074 417 1148 474 tuuc

172 527 237 572 esse
251 509 295 572 sui
304 507 399 588 iuris;
412 506 464 569 sed
480 504 664 588 probabilius
673 504 846 585 oppositum
860 509 904 564 est
917 499 1106 578 tenendum,
1121 506 1149 563 et

172 597 240 660 ided
253 603 326 661 tunc
339 603 435 660 mater
447 595 525 657 bene
540 599 639 676 potest
651 591 783 656 tiliorum
796 599 863 654 rota
876 591 1005 654 irritare.

212 687 242 748 Si
268 685 338 749 verb
363 702 497 768 praesens
528 683 567 745 sit
593 687 677 764 pater
705 688 758 744 aut
787 688 884 759 tutor,
915 679 1149 744 controvertitur

172 795 210 838 an
225 780 320 838 mater
334 773 428 857 possit
446 773 578 836 liliorum
591 777 659 839 vota
678 771 813 833 irritare:
830 767 995 851 probabilis
1012 775 1059 832 est
1077 785 1149 830 sen-

172 865 263 928 tentia
284 863 456 936 affirmans3
471 861 524 926 sed
545 861 634 924 etiam
653 879 769 942 negans
791 857 1150 942 sustineri'probabiliter

173 959 279 1035 potest.
295 953 382 1016 Valet
395 958 495 1016 autem
510 955 595 1032 pater
612 955 680 1012 vota
693 950 825 1012 liliorum
845 948 981 1026 irritare,
996 946 1149 1010 corruadi-

173 1050 259 1105 cente
273 1050 383 1120 matre;
399 1039 452 1104 sed
464 1057 526 1103 non
540 1043 646 1114 mater,
658 1045 742 1122 patre
753 1035 991 1102 contradicente.
1007 1038 1052 1115 (S.
1067 1035 1148 1118 lig„

174 1131 229 1208 ab,
246 1141 279 1193 n⁰
296 1135 379 1210 230.)

213 1219 528 1294 seta-rollione,
540 1216 843 1291 Guardiani‚Priores
853 1223 884 1279 et
892 1218 1046 1284 Hectores.
1056 1219 1151 1280 etiam

176 1311 289 1372 Praelati
305 1307 494 1385 secundarii,
512 1307 692 1390 absentibus,
699 1305 868 1387 primariis‚·
882 1307 945 1368 lmd
953 1307 1148 1388 probabiliter

173 1399 263 1461 etiam
273 1398 437 1460 Abbatissae
451 1401 578 1478 possunt
591 1395 704 1458 directe
714 1395 830 1459 irritare
838 1395 943 1458 omnia
952 1403 1021 1457 voto
1030 1395 1149 1478 religio

173 1505 276 1549 sorum
285 1485 330 1548 vol
339 1486 547 1568 religiosarum
557 1484 876 1564 subjectorumfetiam
886 1485 1019 1562 interna,
1031 1487 1152 1550 aursub

174 1575 443 1658 prodecessoribus
454 1574 564 1636 emissa
578 1573 680 1652 (modo
689 1591 751 1637 non
761 1573 820 1636 sint
834 1572 1040 1637 confirmatae
1054 1575 1153 1658 Supe

174 1665 303 1728 rioribus
317 1663 483 1746 Praelatis),
498 1663 574 1746 quio·
592 1663 751 1745 religiosus
775 1663 928 1746 professus
944 1661 1099 1736 transtulit
1120 1667 1152 1728 in

174 1755 335 1817 Praelatum
344 1771 435 1818 suum
446 1762 538 1815 totam
546 1772 628 1814 suum
642 1751 720 1815 uelle
728 1759 758 1814 et
771 1751 857 1816 nolle.
867 1751 951 1815 lderu
959 1758 1057 1835 potest
1068 1755 1153 1837 Papa

175 1861 246 1926 erga
264 1863 372 1907 omnes
390 1843 563 1925 religiosos,
576 1849 605 1904 et
619 1841 785 1924 Episcopus
799 1841 899 1924 quoad
920 1841 1070 1904 moniales
1081 1863 1153 1925 qun
1228 1867 1229 1961 p

174 1933 229 1995 sibi
237 1933 455 2012 subjicerentur
464 1931 650 1994 nontantlrm
658 1931 774 1994 ratione
779 1929 1153 2011 jurisdictionissedetiam

174 2022 288 2084 ratione
301 2021 527 2098 dominationis,
544 2020 569 2082 si
585 2020 660 2082 tales
677 2025 795 2082 exstent
808 2037 845 2082 eo
858 2019 950 2083 modo
965 2021 1023 2103 ipsi
1045 2021 1153 2086 subdi·

175 2114 222 2170 tae.
234 2109 453 2190 Excipiendum
467 2116 513 2172 est
523 2115 625 2172 votum
640 2107 833 2190 professionis
846 2109 1036 2191 religiosaeet
1046 2118 1152 2174 votum

174 2197 347 2260 transeundi
358 2197 397 2260 ad
408 2197 596 2280 Religionem
608 2197 787 2261 strictiorem
799 2198 882 2281 quod
896 2217 953 2262 nec
963 2199 1054 2262 etiam
1070 2203 1151 2284 Papa

174 2292 271 2368 potest
284 2286 398 2348 irritare
411 2334 418 2364 ‚
430 2287 485 2350 etsi
500 2306 591 2370 super
604 2306 657 2368 eo,
672 2305 748 2350 cum
756 2290 857 2362 causa,
869 2289 962 2370 possit
975 2287 1146 2371 dispensam

173 2375 237 2455 (sed
250 2375 317 2438 vide
331 2394 423 2457 supra
446 2380 537 2455 2500,
559 2380 659 2458 3074).
683 2380 750 2439 Non
767 2385 894 2458 possunt
912 2385 1015 2440 lamen
1039 2379 1144 2461 praelat
1226 2387 1227 2467 p

175 2461 289 2529 irritare
297 2469 365 2527 vota
378 2465 571 2542 novitiorum,
589 2466 645 2528 nisi
660 2464 891 2530 indirecte-S.
908 2467 1107 2547 Liguonssib.
1122 2471 1151 2543 3,

176 2557 210 2616 n⁰
224 2557 303 2635 233);
319 2561 349 2616 et
363 2573 454 2636 supra
464 2553 545 2616 dicte
559 2557 673 2632 (3072).

214 2647 303 2706 5220.
316 2677 356 2689 -
370 2644 401 2704 5⁰
415 2644 653 2706 controvertitur
671 2663 710 2707 an
729 2644 773 2708 vir
790 2645 886 2728 possit
901 2644 1015 2708 directe
1034 2645 1156 2709 irritare
1225 2625 1226 2720 l

175 2733 279 2795 omnia
300 2731 403 2796 uxoris
416 2737 484 2794 vota
504 2733 596 2810 (certe
614 2735 698 2795 enim
716 2740 814 2818 potest
833 2731 978 2796 indirecte
999 2743 1158 2816 quatenus

92 2831 95 2838 ’
176 2821 404 2904 praejudicarent
431 2822 499 2884 usui
528 2822 736 2901 matrimonii,
764 2823 857 2904 prolis
884 2823 1080 2902 educationi,
1111 2827 1157 2888 rel

176 2910 386 2990 gubernationi
409 2909 592 2988 domesticae}
611 2931 617 2972 :
634 2917 719 2993 putat
737 2914 768 2974 S.
784 2911 942 2994 Liguorius
964 2913 1158 2994 probabilius

176 2998 338 3078 essequod
351 2999 460 3078 possit,
475 3006 506 3062 et
518 3001 627 3082 probat
638 3020 675 3063 ex
690 3021 756 3084 cap.
773 3005 824 3081 30,
835 3021 863 3062 v.
879 3005 909 3080 9,
924 2999 991 3064 libri
999 3003 1157 3068 Numero-

177 3105 263 3160 rum;
278 3085 366 3147 variis
379 3088 508 3150 textibus
523 3092 554 3151 S.
570 3090 720 3153 Ambrosii
735 3099 765 3154 et
778 3093 809 3154 S.
820 3090 956 3170 Thomas,
971 3107 1007 3154 ac
1020 3093 1154 3157 ratione.

175 3175 265 3238 Juxta
279 3173 357 3237 hano
375 3178 555 3240 sententiam
571 3179 615 3241 vir
630 3188 729 3262 posset
747 3181 862 3243 irritare
880 3186 948 3243 vob
967 3181 1115 3246 castitatis
1129 3193 1157 3246 et

177 3261 341 3340 Religionis
364 3265 466 3326 uxoris
489 3267 579 3328 etiam
601 3269 793 3351 exsequenda
814 3277 882 3352 post
901 3288 986 3333 suam
1008 3287 1156 3336 mortem.
1222 3341 1223 3346 γ

177 3351 210 3409 P.
227 3350 307 3430 Gury
329 3356 431 3411 tamen
446 3353 551 3416 saltem
566 3363 600 3418 ut
618 3357 851 3438 probabiliorem
869 3358 960 3421 habet
971 3362 1158 3424 sententiam

176 3443 329 3496 tenentem
356 3443 422 3499 uota
445 3443 549 3504 uxoris
574 3463 635 3507 non
663 3465 751 3528 possa
778 3451 795 3510 l
822 3449 887 3511 viro
908 3448 1018 3511 directe
1040 3449 1158 3514 irritari

176 3525 259 3596 (tom.
284 3527 319 3601 t,
335 3529 458 3604 n⁰32'l).
475 3530 583 3593 Mulier
593 3540 695 3596 autem
710 3537 791 3600 certe
812 3555 873 3600 non
888 3543 984 3619 potest
1001 3537 1056 3598 nisi
1073 3539 1159 3604 indi·
1221 3581 1222 3604 2

177 3610 256 3670 recte
269 3617 336 3673 vota
355 3613 408 3673 viri
424 3613 555 3682 irritare:
571 3621 625 3683 scd
639 3624 684 3687 sio
705 3631 807 3693 nosset
828 3626 944 3688 irritare
964 3625 1053 3688 etiam
1071 3626 1160 3692 illius
