2498 3966
275 291 358 336 arasa
380 290 540 336 secunous.
563 303 602 317 -
622 287 815 366 tarenorum.
977 275 1033 330 tas

59 418 134 481 qum
148 399 174 462 si
190 399 322 464 sufficiat
335 408 367 463 et
386 397 522 464 obtineri
538 401 647 483 possit,
664 409 748 464 eerte
762 419 779 462 a
795 399 929 462 divortio
944 397 1037 458 absti-

59 487 203 551 nendum
216 499 277 553 est.
295 488 347 553 Sic
361 490 542 572 propositus
555 500 602 554 est
615 507 753 572 sequens
767 505 877 554 casus:

99 577 221 654 Mulier,
241 580 270 642 vi
293 581 453 642 sententias
475 589 618 662 separata
638 589 783 643 amanto
802 574 903 656 quoad
920 581 1034 643 torum.

59 668 170 742 veliet,
197 669 236 731 ad
264 669 358 732 vitant
394 669 646 742 sustentandam,
683 667 844 752 quoddam
873 663 1034 744 publicant

46 775 181 827 ,munus
193 758 363 837 suscipere.
377 759 436 822 Sed
447 759 643 823 Gubernium
656 759 686 820 id
704 775 765 820 non
779 756 865 828 stnit,
878 754 936 816 nisi
953 763 1036 834 petat

58 846 248 910 divortium.
281 847 350 928 lpse
374 858 480 928 petere
509 849 615 922 veltet,
631 845 686 910 sed
710 847 742 908 in
769 863 827 910 sua
849 849 1035 908 totenttone.

58 953 186 1018 semper
197 935 286 999 salvo
301 934 466 1016 ligamine.
489 935 664 1011 parochus,
684 936 740 1017 qui
759 941 850 998 estet
863 930 949 995 itlius
963 947 1037 994 con·

58 1023 222 1104 fossarius,
244 1025 336 1107 petit,
351 1043 429 1087 num
456 1025 581 1090 admitti
603 1025 700 1107 possit
716 1023 757 1087 ad
772 1027 980 1098 sacramenta,
1007 1030 1038 1082 et

58 1113 169 1176 lumen
190 1131 245 1177 seu
270 1113 442 1178 consitium
456 1115 676 1198 eircateliqua
692 1111 834 1177 utinira.
865 1111 1038 1192 Responsio

56 1201 134 1266 data
148 1211 195 1266 est
211 1221 228 1265 a
247 1201 280 1266 S.
308 1202 545 1267 Poettitentiaria
561 1207 581 1266 s
599 1205 670 1285 jan.
690 1201 767 1266 1887
775 1219 813 1263 :e
835 1199 957 1264 Mulieri
971 1217 1038 1270 noe·

58 1292 186 1370 nitenti,
206 1291 238 1354 in
253 1309 341 1369 catu,
363 1293 445 1356 nihil
461 1293 548 1358 atiud
564 1311 632 1358 esse
642 1290 881 1370 consulendam,
895 1290 957 1351 nisi
974 1295 1038 1350 uta

57 1382 198 1464 petendo
211 1381 347 1446 divortio
360 1381 420 1446 sub
438 1383 526 1464 gravi
541 1399 576 1446 se
587 1383 753 1447 abstineat.
773 1405 786 1440 s

101 1471 230 1544 Rursus,
246 1471 400 1554 quaerenti
426 1472 554 1536 ouidam
569 1473 695 1536 mulieri
713 1468 863 1534 numsibi
877 1467 983 1534 tieeret
994 1468 1037 1530 ei-

57 1557 123 1622 viie
147 1559 318 1623 divortium
336 1571 451 1644 patere,
477 1571 513 1626 ut
527 1561 655 1643 plenam
678 1569 711 1626 et
731 1557 998 1641 independentem
1020 1579 1036 1620 a

57 1649 175 1712 marito
190 1648 326 1713 iortunae
347 1651 655 1715 administrationem
669 1649 836 1726 obtineret,
848 1665 1035 1729 responsum

56 1745 107 1804 est
119 1755 137 1800 a
151 1737 183 1802 S.
200 1739 329 1816 Ponit,
343 1739 396 1802 die
408 1740 535 1820 tijonii
549 1739 644 1803 test:
664 1739 842 1818 «Negattve
863 1759 896 1800 ι.

100 1827 174 1902 stit,
188 1846 261 1911 qum
275 1827 347 1893 ideo
357 1828 529 1893 divortium
551 1828 748 1909 intendebat,
765 1835 801 1891 ut
826 1825 925 1889 libere
938 1825 1036 1888 admi·

56 1917 202 1980 nistrans
221 1918 362 1998 propria,
378 1928 505 2000 neptem
520 1919 694 2002 quamdam
707 1916 885 2000 orphanam
902 1914 1037 1978 educare

55 2012 179 2090 posset,
195 2007 311 2089 pariter
320 2008 507 2089 rescriptum
521 2017 580 2086 est,
600 2007 652 2073 die
679 2005 799 2070 dlunii
817 2003 913 2070 teet:
945 2029 960 2062 a
984 2004 1037 2068 Pe·

55 2097 149 2160 titaro
164 2095 325 2160 licentiam
341 2097 471 2162 eoneedi
488 2116 550 2162 non
568 2114 659 2180 posse
673 2121 708 2160 s.

98 2184 176 2248 Dein
191 2204 292 2267 quum
305 2186 354 2248 vir
366 2188 497 2269 quidam
512 2187 685 2250 divortium
700 2187 878 2251 intenderet
899 2193 934 2250 ut
947 2183 1036 2249 adut·

55 2275 177 2338 terinos
192 2273 273 2338 tilios
296 2291 444 2358 respuere
472 2276 582 2359 possit,
606 2286 638 2340 et
662 2276 812 2361 legitime
837 2274 935 2358 protis
952 2292 1035 2338 oont-

56 2365 153 2427 rnoda
180 2365 274 2440 tueri,
300 2363 342 2428 ab
363 2366 473 2430 eadem
495 2364 527 2431 S.
553 2367 664 2429 Posuit.
695 2383 882 2448 responsum
915 2366 1037 2447 aeoepit

54 2453 110 2517 die
125 2451 143 2514 7
156 2453 226 2516 tan.
239 2453 336 2518 1892:
352 2453 448 2518 «Non
458 2455 554 2520 licere
570 2480 599 2518 s.

99 2542 181 2608 Dum
197 2544 229 2607 in
245 2561 319 2607 casu
331 2544 437 2620 simili,
453 2545 485 2608 in
501 2561 566 2624 quo
582 2555 687 2609 tamen
710 2543 917 2626 separationis
938 2561 1035 2606 reme-

54 2635 147 2698 diunt
163 2642 278 2715 praesto
292 2651 360 2697 esse
383 2653 446 2698 non
463 2633 641 2711 videbatur,
656 2641 763 2699 orator
775 2633 918 2716 quidam,
934 2632 985 2696 die
997 2631 1037 2697 30

53 2723 144 2788 Junii
158 2721 243 2803 taos,
257 2741 295 2788 eo
313 2741 465 2807 responso
476 2721 626 2788 dimissus
641 2733 706 2790 est:
724 2721 867 2788 «Orator
890 2727 1035 2788 oonsutat

55 2811 206 2894 probatos
216 2821 360 2879 auctores
378 2839 406 2875 ι.

96 2899 255 2977 tamrero,
280 2901 366 2966 hisce
391 2903 486 2967 simut
511 2902 634 2968 oottatis
661 2901 799 2967 textibus
821 2909 852 2964 et
864 2903 1034 2984 responsis,

54 2992 200 3074 sequitur
214 2991 428 3074 aliquomodo
443 2993 556 3057 saitem
571 2995 697 3057 tolerari
714 3010 816 3075 posse,
832 2992 871 3056 iis
885 2991 1036 3055 adhibitis

54 3082 192 3145 matteis
206 3090 237 3144 et
250 3081 529 3160 declarationibus,
555 3081 595 3146 de
618 3083 735 3164 quibus
758 3083 793 3146 in
816 3082 943 3146 dsoreto
957 3089 1036 3145 anni

54 3172 148 3253 test,
160 3171 332 3236 sententias
344 3172 471 3236 divortii
482 3171 879 3250 oivitisataioisiudieibus
889 3171 1032 3252 proferri.

52 3260 154 3344 Cujus
167 3261 343 3325 tolerantie
370 3263 451 3326 ratio
474 3260 722 3328 fundamentalis
742 3281 780 3327 aa
801 3279 870 3326 esse
897 3263 1032 3337 uidetur,

53 3351 158 3433 quod,
173 3351 255 3416 sieut
271 3352 510 3418 matrimonium
526 3353 629 3432 civite,
644 3353 679 3416 in
701 3371 735 3417 se
748 3359 936 3435 spectatum,
952 3350 1032 3413 nihii

52 3459 188 3524 prorsus
198 3448 245 3504 est
256 3458 362 3505 eoram
378 3442 442 3506 Deo
456 3451 486 3506 et
502 3445 533 3506 io
549 3441 753 3517 conscientia,
766 3443 811 3506 ita
823 3441 1033 3506 etdivortium

52 3531 161 3608 civite,
176 3530 209 3593 in
236 3547 269 3593 se
282 3537 471 3612 spectatum,
485 3532 564 3594 nihii
580 3530 715 3614 proinde
727 3531 810 3595 vaiet
836 3547 943 3594 coram
970 3529 1033 3592 [teo

51 3628 85 3684 et
99 3621 134 3683 in
150 3620 353 3699 conscientia,
372 3639 472 3704 quum
485 3621 565 3684 nihil
579 3619 664 3684 atiud
681 3617 882 3703 praeseferat
897 3617 956 3680 nisi
967 3636 1032 3680 res·
