2434 3940
411 245 498 290 ιιιιιι
517 242 674 292 sacuuaua.
974 227 1031 290 rra

91 340 114 398 at
124 338 290 418 prolubiliirs
303 338 426 404 docetur
438 341 581 422 suspendi
591 343 708 417 tantum
719 359 756 403 ex
770 338 850 404 illius
862 345 947 421 parta
961 340 1034 403 obli·

90 427 216 504 gallonem
228 429 427 508 sponsalium.
439 430 537 494 donec
550 429 670 492 tollatur
685 427 934 509 impedimentum
945 432 1033 512 :quia

89 531 189 594 aarum
202 535 260 579 non
275 524 318 580 est
331 523 364 580 ul
377 518 557 600 delinquens
571 517 767 581 commodum
785 537 820 580 ex
836 537 892 582 suo
906 517 1032 582 crimina

89 612 216 683 reportet3
232 605 292 668 irnd
310 606 492 688 probabilius
511 627 626 670 nocens
640 614 760 670 tenetur
777 606 1032 688 dispensationem

87 693 364 774 ercammarum
379 696 461 758 illam
471 696 603 759 oblatam
614 693 799 776 acceptare),
808 696 899 757 etiam
914 695 1032 759 secluso

86 776 177 844 donno
191 781 287 860 illato,
302 785 326 846 si
341 783 524 866 dispensatio
538 784 623 847 tacite
640 784 733 866 possit
748 784 901 866 impetrari
918 802 926 844 r
944 802 1033 846 secus

85 869 148 944 rard,
157 871 179 932 si
188 871 223 934 ad
234 871 314 935 illam
323 873 519 936 obtinendam
530 873 756 955 requirerentur
766 889 885 953 magnae
894 891 1033 954 expensa

84 963 106 1015 et
121 956 200 1040 longa
217 979 318 1024 mora:
336 962 406 1042 quia
424 960 566 1044 obligatio
584 969 650 1024 orta
667 980 703 1025 er
719 959 908 1042 sponsalibus
922 960 1034 1041 obligat

83 1045 182 1124 quidem
195 1049 232 1112 ad
246 1049 424 1132 apponenda
438 1051 538 1113 media
551 1049 712 1130 ordinaria,
735 1067 798 1112 non
817 1051 888 1112 rerd
901 1057 1032 1112 extraor-

82 1130 192 1214 dinaria,
216 1139 273 1200 nisi
293 1145 393 1202 lamen
416 1147 495 1201 esset
514 1139 716 1221 reparandum
734 1139 881 1202 damnum
904 1137 1032 1201 deflora-

81 1219 313 1291 tionisvelsamae:
325 1227 396 1310 quia
407 1229 740 1292 tunatenereturetiam
752 1245 877 1310 magnas
886 1245 1032 1310 expensas

80 1309 174 1392 beare,
194 1335 255 1381 aon
275 1323 373 1379 tantas
394 1323 498 1378 tamen
517 1323 551 1379 ut
565 1325 724 1398 cogeretur
741 1319 758 1380 a
778 1335 834 1380 suo
857 1323 935 1380 statu
949 1316 1030 1380 dea-

79 1401 142 1465 dere.
157 1406 186 1467 S.
200 1405 337 1488 Lignea,
352 1405 404 1467 lib.
421 1409 456 1481 6,
472 1404 513 1467 ιιῑ·
529 1409 599 1479 857,
615 1409 684 1470 858.

106 1495 185 1556 illul.
207 1496 283 1558 Casu
302 1501 404 1557 autem
424 1513 486 1574 quo
509 1495 661 1577 sponsalia
680 1501 833 1560 contracta
851 1495 937 1560 fuere
960 1515 1029 1559 cum

77 1575 271 1660 inpedimento
285 1583 458 1658 dirimente,
474 1583 530 1646 sub
549 1583 723 1646 conditione
740 1590 892 1668 expressa,
906 1585 933 1646 ai
950 1585 1031 1666 Papa

75 1665 277 1748 dispensaverit,
289 1672 519 1735 controvertitur
532 1691 570 1735 ao
580 1671 677 1734 valide
692 1679 721 1734 et
731 1673 809 1736 licite
824 1673 975 1754 potuerint
988 1675 1031 1736 sio

75 1760 210 1839 contmbi3
234 1761 384 1824 sententia
402 1759 555 1823 affirmans
577 1759 694 1822 videtur
717 1769 818 1822 tamen
837 1761 1029 1840 probabilior,

16 1903 18 1918 ,
74 1845 167 1910 ellare
183 1857 267 1914 certa
288 1855 411 1912 vocatur
432 1851 449 1911 a
472 1850 593 1911 cardin.
616 1847 717 1928 Soglia
739 1847 825 1926 (last.
842 1849 911 1928 jur.
933 1848 1029 1928 priv,

16 1969 19 2018 2,
73 1930 259 2010 §timueras
273 1939 389 2021 fiuent·
406 1937 673 2020 illa-autemduxta
684 1937 715 1998 S.
732 1936 867 2018 Lignor.,
883 1935 1033 2006 inducunt

72 2021 268 2107 obligationem
280 2027 455 2109 expectandi
465 2034 607 2088 eventum
620 2024 817 2102 conditionis3
829 2031 870 2102 et,
885 2025 943 2090 hbe
956 2045 1030 2090 con·

72 2107 166 2178 ditione
179 2117 326 2200 impletu,
342 2116 408 2178 sine
430 2133 508 2179 novo
521 2131 690 2194 consensu,
706 2114 958 2199 impedimentum
972 2136 1029 2200 pu-

17 2217 19 2256 ι
71 2195 468 2286 bliaaebonestatispariunt.

99 2293 1027 2380 tara-111.Peratroemmenalamanussponsorum‚spon-

69 2379 127 2444 salia
139 2384 297 2448 solvuntur
311 2401 348 2445 ex
363 2391 447 2465 parte
460 2384 647 2446 innocentis:
663 2391 747 2447 atrox
760 2386 876 2448 crimen
890 2392 1029 2450 censum

68 2465 210 2536 fornicatio
222 2481 289 2536 tam
312 2471 495 2553 spiritualis,
511 2477 545 2535 ut
567 2471 707 2552 haeresia,
723 2477 817 2556 qutun
830 2475 958 2537 earnalis
974 2495 981 2536 τ
1005 2477 1027 2538 si

67 2555 111 2622 isla
135 2563 297 2625 commissa
324 2560 413 2624 luerit
438 2567 507 2624 ante
534 2563 706 2644 sponsalia,
734 2570 852 2625 certum
878 2569 923 2624 est
949 2565 1028 2643 apud

66 2664 158 2714 omnes
170 2649 257 2734 qudd
266 2650 320 2728 vir,
335 2651 458 2734 cognita
472 2649 669 2715 fornicatione
683 2669 821 2732 sponsae,
837 2655 936 2729 potest
949 2650 1030 2712 illam

66 2738 241 2823 relinquere:
256 2759 318 2803 non
332 2741 403 2802 item
414 2741 522 2803 mulier
532 2747 628 2824 potest
642 2737 813 2802 rescindere
827 2735 978 2818 sponsalia
992 2737 1031 2798 ob

65 2824 284 2894 lomieationem
312 2829 416 2912 sponsi
438 2845 509 2892 cum
533 2829 591 2891 alia
619 2834 688 2889 aute
713 2825 860 2897 habitam,
887 2823 944 2886 nisi
968 2823 1031 2906 ipso

66 2919 169 2994 prolem
191 2939 230 2982 ex
253 2917 462 2994 ethabuerit,
486 2918 532 2980 vel
554 2917 610 2979 nisi
636 2923 776 2980 noscatur
799 2914 889 2977 luisse
913 2913 1031 2978 deditus

65 3002 125 3069 huic
136 3009 209 3072 vitio
226 3029 234 3070 ε
257 3009 296 3070 ita
312 3007 601 3070 communiter-Si
615 3007 686 3069 vero
700 3004 856 3068 fornicatio
870 3004 1030 3068 commissa

66 3089 142 3158 luerit
154 3105 222 3180 post
245 3095 417 3179 sponsalia,
432 3095 476 3156 vir
494 3101 591 3176 potest
610 3095 781 3176 relinquere
803 3094 961 3157 mulierem
975 3095 1029 3156 etsi

64 3183 198 3248 violenter
207 3201 395 3267 oppressare,
404 3191 438 3248 ut
450 3183 538 3246 docet
550 3185 722 3246 communis
735 3190 765 3245 et
775 3183 872 3246 verior
885 3185 1031 3248 sententia

64 3279 158 3336 contra
173 3274 340 3336 nonnullos
352 3277 373 3358 a
385 3275 416 3336 S.
432 3272 575 3353 Liguorio
589 3272 698 3336 relatos
713 3271 782 3354 (id,
799 3277 833 3334 n⁰
847 3277 919 3352 861)
936 3321 944 3353 ,
960 3276 1030 3357 quia

63 3363 222 3426 tuncailior
235 3363 312 3428 lacta
325 3361 401 3440 tuit3
418 3361 527 3424 mulier
537 3361 628 3425 etiarn
646 3368 744 3444 potest
758 3361 929 3444 relinquere
943 3383 1032 3446 spon·

63 3467 124 3514 sum
146 3454 346 3520 fornicantem
367 3459 437 3537 post
455 3453 623 3537 sponsalia,
638 3453 709 3535 quia
729 3453 836 3514 merito
854 3471 983 3533 sponsus
1000 3453 1032 3510 lit

64 3555 215 3624 suspectus
227 3543 335 3608 deddc
348 3543 435 3607 uxori
450 3551 553 3626 postea
567 3541 847 3605 seruanda-Casu
856 3548 956 3601 autem
971 3553 1033 3613 quo

62 3635 183 3715 uterque
192 3631 391 3698 fornicaretur
398 3629 634 3714 poatsponsalra,
642 3637 698 3692 etsr
707 3629 767 3690 ΠΙ).
781 3645 814 3689 ιιι
822 3640 919 3688 vanas
926 3620 1010 3682 abrar
