2416 3954
391 219 476 266 creua
497 217 653 266 secururs.
952 203 1010 264 5⁶29
1088 189 1092 196 ’

95 313 173 374 1913.
195 315 295 388 Quoad
306 323 408 380 autem
424 318 548 378 verbum
563 318 632 390 Dei,
648 315 763 378 videtur
783 331 848 378 esse
870 315 1012 394 obligatio

65 393 125 458 iliud
135 401 266 466 audiendi
284 405 314 466 in
330 406 450 488 propria
469 404 609 487 parocbia
631 423 668 466 cx
689 405 786 466 verbis
798 407 911 468 Concil.
928 406 1009 468 trid.

62 486 133 558 (sess.
156 493 201 567 rt,
219 511 247 557 c.
261 497 312 571 D:
332 496 482 556 «Moneat
498 491 665 575 Episcopus
685 494 834 575 poputum
852 495 1012 576 diiigenter

63 591 74 626 o
95 579 177 639 teneri
192 599 439 664 unumquemque
453 582 602 662 parochiae
616 599 678 644 suec
690 582 844 660 interesse,
860 583 912 647 ubi
931 603 1012 648 com·

63 680 74 716 o
95 664 174 728 nott
191 667 220 730 id
231 669 295 732 fieri
316 678 432 752 potest,
450 670 487 731 ad
503 667 688 732 audiendum
702 671 826 733 verbum
841 674 933 734 Dei.»
951 674 1010 737 Sed
1105 739 1106 742 ,

62 758 240 836 preterquam
253 758 318 822 haec
331 759 495 840 posteriora
508 758 597 820 verba
611 757 662 818 ubi
672 759 816 820 omninode
828 759 897 840 fieri
915 769 1011 842 potest
1189 763 1190 766 ’

62 837 121 900 setis
132 841 563 928 indicanthancobtigationom
574 866 635 908 non
645 861 711 908 essa
721 847 897 926 rigorosam,
909 851 1011 912 dicen·

62 923 123 988 ium
147 940 188 994 est
208 954 278 998 cum
301 936 439 1018 pluribus
462 937 539 1014 DD.,
563 935 659 1017 inquit
686 935 797 998 Doned.
822 938 898 1014 XIV,
929 939 1009 1001 ittam

65 1033 76 1066 r
95 1015 210 1084 ablatam
222 1043 305 1088 nuno
319 1043 384 1086 esse
398 1043 452 1106 per
464 1024 645 1086 contrariam
660 1023 922 1103 corisuetudincm,
938 1029 1009 1088 oum

61 1125 72 1156 r
92 1109 192 1182 passim
205 1115 259 1176 viri
274 1113 316 1195 pii
330 1121 360 1176 et
382 1111 460 1175 docti
475 1113 534 1173 alid
552 1131 584 1174 se
598 1113 754 1174 conserant
779 1113 817 1173 ad
837 1131 938 1175 sacros
957 1133 1011 1175 au-

60 1211 71 1244 r
94 1192 208 1262 diendos
221 1209 369 1277 oratores;
390 1219 426 1264 ac
444 1200 580 1282 proinde,
607 1202 705 1282 inquit
725 1201 840 1279 Zer01a,
853 1203 884 1264 S.
900 1203 1007 1280 (longe.

60 1299 71 1333 r
91 1280 173 1348 Conc.
189 1291 298 1372 saepius
311 1289 490 1367 declaravit,
506 1309 567 1352 non
582 1308 670 1370 posse
688 1289 879 1352 Ordinarium
894 1290 1013 1352 mulctis

59 1389 70 1421 ¹>
90 1377 115 1430 et
124 1377 214 1452 penis
227 1379 364 1442 subditos
377 1377 497 1459 adigere
511 1378 548 1440 ad
554 1379 731 1440 concionem
741 1378 969 1440 auscultandam
981 1379 1012 1440 in

57 1478 69 1510 r
90 1463 249 1538 parochiae
269 1467 332 1546 (ib,
351 1477 384 1528 n⁰
397 1469 484 1545 xltt).

88 1550 169 1612 1914.
194 1557 241 1616 An
255 1556 360 1617 saltem
384 1557 423 1617 sit
437 1554 579 1636 obligatio
600 1555 709 1619 alicubi
728 1554 869 1618 audiendi
887 1556 1010 1619 verbum
1110 1547 1111 1550 '
1153 1531 1185 1616 ἕ,

55 1632 99 1694 Dei
113 1637 234 1721 singulis
248 1643 425 1721 Dominicis,
441 1650 492 1705 aut
506 1645 645 1724 Vesperis
666 1643 875 1720 interessendi,
891 1645 940 1706 vet
956 1647 1013 1708 alia
1087 1699 1089 1704 ,

55 1720 194 1808 piaopera
216 1739 270 1796 aut
284 1751 388 1813 preces
405 1730 550 1792 faciendi:
573 1739 682 1811 praeter
706 1733 889 1794 auditionem
916 1729 1012 1795 missso

55 1811 126 1876 uuita
144 1817 293 1884 invenitur
316 1821 364 1882 tex
386 1820 491 1881 saltem
519 1820 667 1899 generalis
693 1839 762 1902 quae
784 1821 822 1881 ad
840 1821 1012 1901 hujusmodi

54 1899 167 1983 obliget3
183 1915 317 1972 attamen
332 1911 505 1989 ignorantes
516 1907 727 1970 necessariaad
739 1907 865 1970 salutem
873 1917 1013 1972 tenentur
1061 1935 1074 1996 j
1101 1941 1103 1946 ¹
1153 1893 1164 1954 s

54 1989 147 2056 audire
157 1999 331 2076 conciones,
343 2003 372 2058 et
382 1995 520 2077 inprimis
530 1997 675 2059 catechesi
687 1996 839 2077 interesse,
848 2003 1012 2081 praesertim

53 2077 72 2136 si
85 2081 138 2144 atio
153 2086 244 2148 modo
259 2087 296 2147 de
308 2087 342 2148 iis
356 2085 474 2147 edoceri
488 2092 659 2166 nequeant,
681 2085 734 2148 sed
756 2105 792 2149 ea
813 2087 923 2152 addisci
943 2108 1012 2170 pos·
1049 2079 1052 2086 ’
1084 2135 1090 2144 -
1197 2069 1198 2148 J

53 2175 114 2229 sunt
133 2174 221 2236 ctiam
246 2181 330 2236 extra
353 2174 417 2236 dies
437 2173 605 2236 dominicos
625 2182 676 2236 aut
697 2175 825 2238 festivos.
843 2179 888 2254 (P.
910 2180 1004 2260 dury,

52 2260 166 2340 tamt,
183 2263 225 2324 n¹⁸
240 2267 314 2340 338,
331 2265 410 2338 3393
428 2263 458 2324 S.
474 2262 609 2342 Lignum,
625 2263 676 2325 lib.
693 2267 729 2336 3,
746 2268 869 2344 rmus.)

85 2349 170 2412 tato.
186 2387 227 2398 -
241 2353 277 2412 ΙΙ.
295 2351 338 2412 Dc
351 2350 485 2432 operibus
498 2351 629 2433 siquibus
641 2361 683 2414 est
703 2352 903 2414 abstinendum
912 2354 1013 2416 dicbus

51 2430 194 2502 dominicis
209 2449 239 2502 et
252 2439 377 2520 festivis.

86 2523 194 2590 Diebus
208 2529 377 2590 Dominicis
390 2535 420 2590 et
432 2529 563 2607 festivis,
579 2531 597 2590 a
612 2529 711 2589 media
725 2535 812 2588 nocte
826 2528 863 2590 ad
885 2529 1013 2591 medinm

51 2619 162 2676 noctem
179 2617 394 2679 abstinendum
409 2625 454 2680 est
468 2619 507 2680 ab
520 2617 661 2698 operibus
671 2616 847 2693 servilibus,
866 2617 896 2677 id
916 2623 960 2678 est
978 2618 1015 2678 ab

51 2703 266 2787 operibusque
284 2723 461 2787 percorpus
479 2705 644 2786 praesertim
668 2709 845 2766 exercentur
864 2713 893 2766 et
914 2705 1016 2766 inuue-

51 2784 122 2854 itate
135 2789 317 2856 ordinantur
333 2794 371 2856 ad
388 2795 523 2874 corporis
543 2793 716 2867 utilitatem,
732 2798 767 2855 ut
779 2791 896 2871 fodere,
909 2810 1014 2866 suere,
1059 2801 1062 2808 “

52 2881 119 2954 etc,
129 2888 249 2944 constat
258 2900 294 2944 ex
304 2901 371 2964 cap.
387 2886 418 2962 8,
431 2883 475 2944 Dc
488 2881 596 2954 Feriis,
611 2887 642 2943 et
656 2899 692 2944 ex
706 2880 934 2944 consuetudine.
948 2881 1017 2946 idco

51 2959 219 3044 hujusmodi
233 2989 324 3052 opera
337 2971 479 3035 dicuntur
492 2971 614 3032 seruilia
628 2970 699 3051 qnia
709 2972 726 3032 a
735 2971 827 3033 seruis
836 2989 889 3033 seu
899 2969 1017 3036 dornes-
1082 2977 1083 2986 ³

51 3053 110 3116 ticis
124 3057 192 3120 tieri
207 3058 305 3121 solent
320 3079 328 3120 ι
344 3060 421 3122 inter
435 3058 607 3139 hujusmodi
626 3077 716 3140 opera
732 3078 793 3121 non
808 3067 877 3122 sunt
900 3064 1033 3144 proprie

51 3145 386 3228 nurnerandapeocata,
403 3145 529 3228 proinde
543 3147 703 3228 specialem
725 3147 944 3212 deformitatem
965 3168 1037 3234 seu,
1112 3161 1113 3164 ’

50 3224 193 3296 maiitiam
204 3243 326 3317 propter
339 3235 399 3298 diei
412 3236 599 3298 sanctitatem
614 3255 675 3298 non
689 3236 829 3299 induunt.

86 3323 176 3384 rata.
194 3323 370 3386 Nihitrescrt
380 3323 418 3385 ad
432 3323 620 3386 servilitatem
630 3323 729 3406 operis
739 3324 820 3406 qudd
830 3325 926 3391 tiator
937 3329 1020 3394 lucro

49 3407 91 3468 rel
106 3427 144 3471 cx
158 3415 365 3490 recreatione,
391 3431 460 3474 cum
483 3411 694 3494 defatigatione
707 3421 737 3475 et
759 3413 860 3477 labore
885 3417 930 3480 uel
945 3435 1018 3481 uon.

50 3495 571 3582 8113υο1.(Ιίὴ.3,η“’212-174).
836 3507 837 3510 ’

88 3585 243 3652 itineratio
253 3590 402 3672 pedibus,
418 3607 514 3672 equo,
529 3589 575 3652 vel
589 3608 679 3654 curru
692 3593 892 3654 communiter
903 3609 964 3654 non
974 3595 1022 3658 ba·

854 3701 921 3762 15**
