2474 3946
233 213 291 276 :tao
451 226 588 285 uiduata
608 225 709 272 aerius
728 225 809 272 aunis
829 225 979 273 canonici.

233 353 247 387 a
273 331 417 409 potestate
443 327 570 407 raptoris
597 325 759 404 manserit,
784 325 902 388 nullum
929 343 1019 408 posse
1043 329 1192 392 masislere

234 442 248 476 a
272 415 512 479 matrimonium.
537 413 623 486 Qudd
641 414 666 475 si
689 421 774 495 rapta
796 417 815 476 d
834 420 953 496 raptore
976 425 1151 497 separatam
1168 417 1192 478 in

234 529 249 566 s
273 505 340 568 loco
361 509 426 568 luto
448 509 480 565 et
502 502 596 564 libero
616 502 794 580 constituta,
819 502 905 565 illum
929 503 1081 567 invirum
1097 504 1193 567 habers

234 618 250 654 s
273 591 479 669 consenserit,
500 609 568 654 eam
592 597 692 672 raptor
711 593 742 652 in
763 609 891 654 uxorem
913 591 1042 670 habeat;
1058 599 1089 654 et
1102 593 1193 656 nihile

235 707 250 744 ι
275 681 376 744 minus
389 687 491 760 raptor
504 680 568 761 ipse
588 697 624 742 ac
642 697 748 742 omncs
767 679 809 741 illi
823 679 1000 754 consilium,
1020 681 1195 745 aumliumet

236 796 251 831 a
274 770 405 832 savorem
427 769 609 852 praebentes.
633 768 691 829 sint
714 767 858 852 ipsojure
879 769 1151 846 excommunicati,
1168 788 1195 830 ae

236 883 251 920 i>
276 859 421 942 perpetuo
435 857 577 923 infames,
592 857 794 937 omniumque
809 855 990 938 dignitatum
1000 857 1162 940 incapaces,
1173 865 1196 919 et

237 973 251 1008 a
276 949 300 1011 si
314 947 413 1010 clerici
428 947 559 1018 luerint,
573 945 612 1006 de
635 945 757 1026 proprio
771 945 867 1023 gradu
891 945 1042 1008 decidant.
1058 949 1196 1008 Tenentur

171 1041 176 1050 '
237 1035 1196 1119 apraeterearapmrmulieremraptaimsiveeamuxoremdaxe

237 1151 251 1186 a
276 1127 328 1196 rit,
344 1124 404 1186 sive
419 1142 480 1184 non
494 1125 629 1192 duxerit,
644 1122 786 1184 decenter
799 1121 1043 1199 arbitriojudicis
1056 1124 1194 1186 dotare»

275 1217 365 1276 tull.
389 1215 426 1276 Ut
439 1220 541 1292 raptus
556 1215 593 1272 sit
608 1211 858 1290 impedimentum
872 1211 1030 1286 dirimens,
1047 1213 1195 1292 triarequi·

235 1311 345 1365 runtur
360 1319 368 1362 t
385 1305 416 1360 l⁰
431 1309 461 1361 ul
478 1299 585 1361 mulier
607 1307 691 1379 rapta
711 1298 878 1360 atrlucatur
898 1299 936 1361 de
958 1300 1024 1362 loro
1047 1300 1085 1360 ad
1111 1301 1195 1362 locun

237 1393 287 1472 qui
311 1391 350 1452 sit
370 1395 541 1469 separatus,
566 1395 596 1448 et
622 1387 672 1448 ubi
695 1387 805 1448 mulier
827 1387 865 1450 sit
891 1387 948 1449 sub
969 1393 1116 1468 potestate
1137 1389 1197 1461 riri,

237 1479 289 1540 etsi
307 1495 360 1558 per
374 1477 486 1557 aliquot
502 1477 618 1537 tantbm
634 1493 740 1556 passus
755 1476 837 1536 locus
851 1475 889 1536 sit
902 1475 1027 1552 distans,
1043 1485 1073 1538 el
1088 1477 1154 1540 licet
1168 1475 1199 1536 ili

238 1567 345 1628 mulier
359 1584 420 1627 non
435 1565 578 1640 violetur;
597 1563 649 1625 sed
665 1582 726 1624 non
741 1562 848 1625 suflicit
861 1561 1001 1626 abductio
1014 1564 1054 1626 de
1071 1566 1200 1627 cubicula

239 1655 269 1716 in
283 1653 456 1717 cubiculum
479 1651 616 1731 ejusdem
637 1650 768 1729 domus,
792 1651 909 1714 etiamsi
934 1651 973 1714 ibi
997 1651 1200 1734 violenterop·

239 1762 339 1825 pressa
353 1743 461 1806 luerit:
477 1742 517 1804 ita
539 1743 570 1803 S.
590 1740 763 1820 tignarius,
787 1739 839 1802 lib.
862 1743 897 1817 6,
918 1749 951 1802 n⁰
975 1744 1220 1828 ll0'13--20utl

239 1831 350 1895 femina
365 1833 497 1914 rapiatur
516 1831 633 1892 tantiam
649 1833 740 1892 causa
754 1828 958 1891 matrimonii:
975 1829 1057 1893 unde
1072 1849 1135 1892 non
1149 1829 1201 1891 sul·
1219 1833 1220 1900 l

240 1920 302 1984 licit
314 1923 338 1982 si
354 1921 519 1983 abducatur
534 1936 571 1979 ex
586 1918 642 1980 alia
656 1921 768 1994 causa,
785 1917 875 1980 eliam
890 1917 1021 1980 libidinis
1035 1920 1200 2000 explenda:
1219 1901 1220 1957 l

239 2009 278 2071 ila
292 2009 474 2090 probabilius
488 2025 524 2069 ex
539 2009 570 2068 S.
590 2007 740 2084 Lignaria,
752 2005 877 2076 ibidem:
890 2013 920 2070 et
935 2007 974 2068 ita
988 2007 1109 2070 resolvit
1124 2013 1203 2070 Sarra

238 2097 435 2176 Congregatio
454 2093 594 2168 Concilii,
610 2112 691 2156 anno
707 2099 784 2157 1586
797 2141 805 2170 ,
818 2095 903 2174 juxta
916 2095 1111 2178 'theologiam
1124 2098 1202 2159 Tolo-
1218 2131 1219 2140 i

238 2201 361 2245 sanam:
378 2184 452 2244 ratio
465 2187 510 2243 cst
523 2181 595 2262 quia
609 2181 859 2263 impedimentum
879 2183 934 2246 luit
946 2191 1093 2246 statutam
1107 2193 1142 2248 ut
1152 2203 1202 2246 aaa

240 2277 382 2332 noceatur
395 2268 521 2331 libertati
536 2270 720 2332 matrimonii
733 2291 742 2348 ;
758 2307 797 2318 -
807 2276 839 2334 3ο
853 2279 886 2334 ut
899 2280 1002 2352 raptus
1011 2273 1049 2334 sit
1063 2274 1202 2341 mulieris,

239 2359 302 2437 ipsa
325 2364 530 2440 repugnante3
548 2357 620 2419 nibil
645 2369 745 2422 lamen
762 2361 853 2423 refert
874 2360 956 2441 qudd
974 2367 1058 2442 rapta
1077 2363 1117 2424 sit
1131 2364 1203 2440 sirpo

238 2447 282 2508 rel
296 2445 385 2509 vidua
395 2494 403 2525 ,
415 2445 516 2530 parabis
525 2447 570 2509 rel
582 2447 727 2530 improbis
736 2450 871 2511 moribus
882 2468 890 2510 :
902 2447 984 2511 unde
994 2449 1204 2530 impedimento
1217 2505 1218 2514 ,

239 2555 300 2598 non
314 2545 359 2599 est
372 2535 456 2599 locus
470 2537 494 2598 si
510 2536 618 2600 mulier
632 2542 726 2618 rapiat
741 2538 856 2611 virum,
871 2544 923 2600 aut
936 2537 961 2599 si
976 2536 1027 2600 liat
1048 2546 1152 2620 raptus
1168 2531 1218 2623 iel

238 2625 541 2702 minaeonsenticnte‚
551 2625 889 2707 licetejusparentesvel
900 2633 1012 2689 tutores
1022 2637 1202 2709 repugnent:

238 2715 278 2779 ila
299 2717 501 2778 cornmuniter
518 2733 554 2777 ex
574 2734 641 2797 cap.
668 2715 742 2778 Ciam
755 2733 888 2792 causam,
913 2714 948 2778 de
967 2725 1101 2798 raptor.,·
1125 2735 1204 2780 secus

238 2813 338 2868 tamen
356 2806 488 2867 sentiunt
502 2805 602 2885 plures
617 2805 647 2864 in
663 2803 767 2876 Gallia,
783 2803 945 2885 allegantes
959 2806 1217 2868 consuetudinem¹

238 2895 316 2973 apud
333 2900 569 2972 adsurgentem,
585 2891 637 2954 sed
657 2891 696 2953 de
710 2895 771 2973 qua
790 2911 852 2955 non
869 2900 1006 2972 constat,
1022 2895 1203 2974 cumplures

238 2979 319 3042 illam
334 2999 394 3042 non
415 2987 594 3059 agnoscant,
618 2987 648 3043 et
670 2999 731 3042 non
746 2980 879 3044 videatur
894 2980 1003 3044 habere
1021 2982 1204 3044 conditiones

236 3068 405 3148 requisitas.
417 3101 456 3113 -
470 3071 499 3128 S.
516 3069 650 3148 liguas,
665 3069 795 3142 ibr'dem;
811 3071 843 3132 Ρ.
860 3071 962 3151 Gury,
978 3077 1008 3132 et
1027 3071 1077 3132 alii
1090 3071 1131 3132 ab
1146 3073 1204 3153 ipso

237 3156 316 3218 citati
331 3159 414 3229 (torn.
430 3161 517 3230 2,n⁰
531 3158 626 3236 l553);
643 3160 705 3219 llll.
722 3157 867 3220 Bourier·
886 3159 1034 3238 Gousset,
1049 3165 1121 3224 etc.¹
1215 3153 1216 3186 ¹

276 3246 365 3307 4315.
381 3245 474 3305 Durat
491 3249 593 3306 summ
612 3245 670 3309 hoc
692 3246 944 3327 impedimentum
966 3249 1101 3329 quandiu
1127 3257 1205 3333 rapti

269 3411 274 3439 ¹
293 3400 357 3451 Utile
368 3405 447 3461 esset,
467 3398 548 3465 inquit
565 3401 713 3454 Benedictus
728 3403 778 3455 lllll
791 3405 836 3468 (bc
849 3404 946 3472 Spaodo
962 3405 1111 3466 desecant,
1125 3405 1172 3459 lili.
1184 3409 1205 3472 l,

239 3485 291 3538 cap.
305 3473 353 3534 10),
363 3471 429 3536 qudd
438 3471 462 3520 in
471 3471 746 3538 statutisSynodalibus
757 3475 867 3542 Episcopi
881 3477 1215 3538 declarassentmatrirnoniai

239 3549 363 3594 contracta
376 3542 469 3609 absque
485 3557 608 3594 coiisensu
621 3553 749 3610 parentum
759 3547 979 3602 sacrationibus
994 3549 1078 3613 Boulx,
1089 3539 1215 3623 beliab-l

239 3629 306 3678 copo,
317 3620 376 3664 tom.
388 3613 413 3674 2,
427 3629 450 3678 p.
464 3614 518 3666 1⁴32
