2474 3946
412 176 497 224 crasa
517 177 675 226 06606000.
974 165 1035 226 666

71 269 214 349 dividitur3
229 291 319 336 secus
338 277 440 334 tamen
459 275 560 352 plures
574 272 707 334 sentiunt
720 277 750 336 et
771 271 879 337 dicunt
899 271 1036 340 suflicers

70 361 195 440 copulam
208 361 276 423 0606
285 359 431 422 effusione
440 379 575 422 seminis
587 361 630 438 (S
642 361 777 441 signos,
794 363 846 425 lib.
858 367 890 442 6,
906 383 926 425 n
929 366 1032 442 662)

102 453 186 512 6633.
202 451 278 512 ltem
296 448 480 532 probabilitas
498 449 625 512 docetur
637 449 798 512 divortium
813 451 830 512 l
824 470 877 514 en
896 471 984 534 posse
996 453 1035 517 oh

15 529 224 600 sodomiam
236 537 282 600 vel
298 537 505 598 bestialitatem
519 536 558 600 ab
572 538 665 600 altero
679 539 808 620 conjuge
818 541 1032 620 commissam,

70 626 178 706 quiasic
191 627 283 690 etiam
297 625 439 688 dividitur
452 645 541 702 caro;
558 625 609 688 sed
625 626 727 708 plures
741 635 863 708 negant,
878 630 949 712 quia
962 639 1035 694 tunc

69 717 157 787 revera
171 715 403 797 caroconptett
414 733 475 778 non
487 715 638 778 dividitur.
651 717 682 778 S.
695 716 815 796 liguor.
832 716 941 796 (i6.,n⁰
951 723 1031 798 666).

100 807 184 868 4636.
202 807 270 867 Non
292 811 393 866 autem
412 803 564 866 sufficiunt
578 803 739 880 mollities,
755 805 898 886 pollutio,
914 809 1034 888 oscula,

68 895 151 954 tactus
160 893 208 955 vel
221 892 379 974 amplexus
393 892 537 974 impudici
548 939 556 964 ,
568 891 637 955 licet
647 897 769 974 propter
785 893 894 956 similia
907 893 944 956 ad
958 903 1036 958 tem·

68 998 115 1060 pus
123 980 187 1043 lieri
199 981 293 1062 possit
303 981 467 1062 separatio,
478 987 512 1042 ut
521 999 634 1044 nocens
645 979 825 1044 emendetur
833 985 893 1066 (ap.
911 983 942 1046 S.
955 983 1034 1065 lig„

67 1069 113 1146 6.,
128 1073 160 1131 n⁰
173 1071 262 1148 960).

97 1162 186 1221 4635.
205 1160 283 1221 6006
296 1164 396 1222 autem
412 1158 513 1240 plures
527 1176 615 1222 casus
629 1158 785 1243 inquibus
799 1160 960 1226 disortium
974 1181 1036 1226 non

66 1253 103 1307 est
114 1247 246 1324 licitum,
262 1247 317 1310 etsi
331 1247 459 1310 adiuerit
472 1247 672 1310 adulterium.
665 1269 673 1284 ·
684 1250 728 1312 sic
739 1249 876 1312 illicitum
887 1251 1037 1314 estdivor·

65 1334 158 1398 tium:
181 1340 213 1398 lt
234 1335 259 1397 si
279 1343 405 1417 uterque
428 1336 538 1414 conjux
560 1335 680 1400 sitreus
700 1337 855 1416 adulterii,
873 1341 927 1404 etsi
955 1359 1036 1406 unus

15 1417 17 1424 ’
65 1425 146 1486 mmet
167 1431 220 1488 aut
244 1425 360 1486 occulte
381 1425 497 1488 crimen
518 1426 704 1488 commiserit
726 1435 755 1490 et
776 1429 850 1490 alter
873 1430 986 1510 pluries
1005 1439 1035 1493 et

15 1515 17 1628 6
65 1531 97 1592 pr
101 1513 194 1576 llice·
187 1512 381 1595 ,disputatur
399 1519 500 1575 autem
514 1513 552 1575 60
566 1533 638 1576 0600
655 1533 717 1596 quo
731 1535 811 1580 unus
831 1515 920 1580 luerit
933 1537 1035 1582 emen·

63 1600 140 1664 datus
160 1609 192 1666 et
207 1620 269 1664 non
292 1603 384 1678 alter;
401 1606 433 1664 2⁰
446 1604 470 1664 si
489 1605 602 1682 conjux
621 1605 815 1666 consentiat
808 1625 839 1668 m
854 1607 1033 1670 adulterium

15 1735 17 1790 6
64 1689 193 1769 alterius;
210 1693 242 1754 3ο
258 1689 842 1772 0000600[00060010060600600006
858 1693 903 1756 vel
918 1695 1033 1760 stadul

15 1783 167 1872 ,teretur
187 1779 256 1842 sind
277 1779 367 1881 culpa
388 1780 429 1842 ob
451 1798 585 1843 errorem
606 1780 813 1860 inculpatum;
835 1799 942 1860 secus,
959 1785 983 1846 si
997 1803 1034 1847 ex

65 1877 135 1931 metu
149 1869 284 1944 tantiam,
299 1869 371 1950 quia
385 1875 447 1931 mel
447 1888 483 1932 us
435 1871 515 1931 66
528 1869 619 1969 culpa
632 1885 693 1929 000
707 1877 839 1931 excusat.

15 1955 16 2004 3
96 1955 189 2019 llirlnt
203 1955 357 2019 Dicastillo
370 1957 491 2038 qudd
466 1977 511 2019 nr
524 1957 619 2039 possit
632 1973 758 2019 uxorem
776 1957 927 2022 dimittere
944 1960 1034 2024 etiam

15 2057 16 2062 ’
63 2045 441 2128 casuquoistalomicatur,
454 2056 563 2128 putans
575 2045 747 2108 virumesse
759 2054 930 2126 mortuum;
947 2068 1034 2114 secus

63 2133 84 2192 si
96 2136 135 2196 vir
149 2135 316 2198 fornicetur
330 2141 440 2217 putans
455 2141 605 2197 mortuam
619 2135 801 2218 conjugem:
821 2136 875 2201 sed
887 2135 946 2204 hoc
959 2159 1032 2204 con·

64 2225 237 2288 trosertitur.
257 2224 333 2287 Vide
348 2225 502 2302 Carriere,
518 2223 573 2300 il,
589 2238 623 2286 n⁰
636 2228 705 2288 360.

96 2318 125 2374 lt
146 2313 277 2387 Quando
301 2313 409 2393 injuria
432 2321 476 2375 est
505 2313 650 2393 remissa,
672 2316 696 2377 si
720 2323 823 2400 postea
850 2317 1031 2382 adulterium

62 2405 274 2478 committatur,
283 2401 345 2464 sive
360 2402 568 2466 reconciliatus
577 2403 638 2466 sive
652 2407 850 2469 reconcilians
860 2407 1030 2471 dimittendi

16 2481 17 2508 ¹
60 2489 103 2566 jus
120 2491 236 2553 habet:
260 2523 297 2538 -
321 2493 513 2573 presumitur
536 2491 613 2555 lacta
635 2495 839 2556 reconciliatio
856 2495 882 2556 si
903 2515 1032 2576 sponsus

61 2578 221 2659 innocens,
241 2580 382 2643 conscius
401 2587 431 2642 et
453 2599 570 2644 memor
593 2581 752 2659 adulterii,
776 2583 902 2644 omnind
925 2587 1031 2662 sponte

61 2677 139 2732 coeat
151 2689 224 2734 cum
240 2669 386 2744 adultero;
402 2669 481 2732 velsi
496 2672 657 2734 maneatin
671 2670 778 2732 etdem
790 2668 897 2742 domo,
914 2673 1030 2748 meust,

61 2754 147 2835 leeto;
163 2760 298 2821 nranimd
319 2759 343 2822 si
365 2759 565 2822 interveniant
583 2757 707 2835 oscula,
721 2763 837 2834 tactus,
853 2755 1030 2838 amplexus:

61 2846 82 2906 si
94 2853 195 2910 tamen
211 2865 266 2930 per
287 2847 353 2912 haec
370 2849 480 2927 conjux
502 2865 564 2909 non
579 2846 688 2907 habeat
706 2847 843 2908 animum
862 2844 1031 2908 remittendi

61 2931 88 2993 in
105 2935 312 3016 consolantis,
331 2954 451 3018 semper
471 2934 612 2997 recedere
632 2939 749 3016 potest,
764 2933 901 3016 quamvis
915 2933 946 2995 in
967 2932 1031 2997 forn

61 3029 181 3086 esterno
193 3023 356 3088 divortium
369 3025 397 3088 ei
406 3024 582 3105 denegetur.
595 3023 637 3102 (S.
650 3022 784 3106 liguor,
800 3023 851 3085 lib.
863 3026 894 3102 6,
906 3039 939 3084 n⁰
948 3027 1031 3104 966.)

96 3116 186 3176 llas.
210 3115 332 3186 Quaerit.
355 3117 388 3176 1⁰
408 3115 456 3176 An
469 3115 530 3193 vir,
545 3111 666 3194 cognito
680 3113 826 3177 adulterio
849 3113 970 3192 uxoris,
985 3120 1029 3177 tc·

62 3211 164 3264 006600
177 3219 246 3265 eam
261 3202 435 3264 dimitteret

96 3291 188 3372 Resp.
204 3292 331 3354 Ratione
353 3291 491 3354 adulterii
506 3311 569 3354 non
589 3293 701 3369 teneri,
717 3291 790 3356 dum
806 3293 854 3356 illa
873 3293 1028 3378 dimissio,

62 3379 112 3440 atsi
127 3381 144 3441 6
157 3379 274 3442 Christo
289 3383 327 3442 sit
340 3383 507 3462 permissa,
522 3389 653 3444 attamen
669 3383 796 3445 minime
807 3385 1028 3464 praesentitur:

63 3467 112 3528 sed
131 3469 207 3532 ferte
221 3469 385 3552 aliquando
403 3469 486 3532 adid
503 3472 599 3532 teneri
615 3477 735 3553 posset,
750 3471 796 3533 vel
816 3473 931 3534 ratione
954 3492 1029 3552 prte-

63 3557 138 3640 cepti
159 3559 358 3642 correptionis
372 3557 531 3639 fraternae,
546 3567 598 3624 aut
619 3559 732 3623 vitandi
746 3559 878 3623 scandali
901 3561 978 3640 (cap.
994 3555 1030 3617 Si
