2462 3972
190 225 249 285 63³1
410 244 546 290 tinnulae
566 245 669 291 renus
688 244 770 292 turns
792 243 942 291 cruentet.

229 348 317 408 stou.
335 345 457 418 Quaerit.
473 349 505 408 3⁰
521 345 600 418 Ouid
621 345 813 411 sentiendum
832 346 871 410 sit
891 345 931 410 de
944 345 1036 410 variis
1048 346 1166 410 ossibus

191 433 444 516 subsequentibus
458 455 466 497 ε

232 527 262 584 l⁰
276 523 401 587 valetne
412 535 515 588 volunt
529 526 652 608 qnando
666 527 734 610 quis
746 533 913 594 voreleum
924 529 1031 591 animo
1043 527 1166 610 positive

192 630 252 676 non
275 615 468 695 promittendi
483 615 529 679 vel
554 633 615 680 non
629 635 661 680 se
674 617 897 701 obligandi‘l-
909 616 1094 703 despondeo
1112 616 1167 678 talo

192 706 294 764 toturn
308 721 374 765 esse
388 705 469 766 rente
484 705 613 768 nullum.

231 792 262 852 2⁰
271 791 396 856 Valetne
407 795 638 876 votumquando
647 795 715 878 quis
724 797 814 861 babet
823 799 960 862 animum
975 796 1168 881 promittendi

192 887 221 943 et
235 899 267 943 se
286 881 461 964 obligandi,
486 883 538 946 sed
559 902 629 948 oum
645 885 813 950 intentione
828 905 890 949 non
904 885 1092 968 adimplendi
1103 886 1118 948 l
1130 921 1167 933 -

193 971 372 1052 Respondes
382 973 476 1035 teneri
485 973 658 1053 hujusmodi
667 981 772 1038 votum
785 993 823 1038 ex
837 976 985 1039 sententil
1000 977 1165 1038 communi.

233 1062 264 1121 3⁰
278 1061 403 1124 Valetne
416 1069 538 1138 return,
555 1063 579 1124 si
593 1081 704 1126 vovens
716 1063 806 1128 babet
817 1066 955 1129 animum
975 1064 1167 1148 promittendi

193 1155 222 1210 et
236 1148 397 1230 implendi,
414 1150 471 1212 sod.
485 1157 585 1214 tamen
602 1153 667 1214 sine
687 1153 790 1216 animo
804 1155 931 1237 positivo
944 1173 978 1218 se
992 1153 1167 1236 obligandi?

195 1273 232 1283 -
246 1238 335 1319 Resp.
354 1238 458 1300 Valere
471 1238 529 1303 lale
543 1247 666 1321 votum,
681 1243 706 1304 si
720 1261 831 1306 vovens
843 1245 914 1306 sutis
928 1245 1005 1306 soiat
1018 1243 1168 1326 obligatio·

195 1344 263 1387 nem
279 1327 354 1392 voti.
369 1335 398 1389 et
413 1346 474 1389 non
489 1329 627 1392 excludat
641 1330 766 1412 positive
778 1331 857 1395 bano
870 1331 1106 1413 obligationem,
1117 1333 1168 1395 sed

195 1415 328 1495 negative
342 1417 459 1477 tanturn
474 1435 506 1478 se
520 1415 647 1495 habeat,
663 1419 735 1501 quia
748 1419 823 1484 dum
842 1422 906 1486 vult
921 1421 1098 1504 promittere
1109 1423 1170 1484 vult

194 1503 283 1564 etiarn
297 1522 329 1568 se
343 1503 503 1586 obligare:
530 1506 554 1568 si
578 1509 649 1570 rerd
668 1510 796 1573 nesciret
820 1509 1051 1594 obligationem,
1073 1512 1168 1576 terim

194 1591 356 1654 invalidum
380 1599 453 1656 tuno
477 1600 580 1658 votum
605 1607 703 1676 esset,
727 1600 800 1681 quia
816 1599 913 1680 ignoti
932 1600 1016 1664 nulla
1034 1601 1166 1683 cupido;

193 1687 322 1743 attamen
336 1683 360 1744 si
376 1683 443 1764 quis
456 1683 544 1746 vellet
554 1703 661 1748 vovere
674 1705 711 1750 eo
725 1687 816 1750 rnodo
830 1706 891 1770 quo
906 1687 954 1750 alii
974 1695 1085 1752 rorent
1097 1739 1105 1764 ‚
1119 1711 1168 1752 ra-

193 1769 288 1833 lidum
303 1777 381 1834 esset
394 1781 517 1852 votum,
539 1775 610 1854 quia
630 1794 741 1838 vovens
755 1776 898 1859 implicite
912 1777 1001 1841 vellet
1013 1778 1169 1861 obligatio·

195 1877 264 1921 rtem
278 1860 474 1938 contrahere3
488 1861 598 1925 subicit
610 1864 702 1927 etiarn
719 1867 744 1927 si
759 1866 790 1927 in
806 1865 933 1930 confuso
953 1867 1169 1950 obligationem

194 1949 251 2009 voti
266 1958 437 2031 cognoseat.

231 2042 264 2098 4⁰
286 2039 409 2101 Valelne
427 2045 530 2102 voturn
551 2041 575 2103 si
590 2058 718 2122 vovens,
742 2061 930 2126 cognoscens
949 2045 1169 2132 obligationem

193 2125 262 2202 voti,
278 2127 347 2188 velit
361 2127 551 2209 promittere,
569 2128 622 2192 sed
640 2129 678 2192 ad
691 2139 794 2195 roturn
820 2133 894 2196 nolit
915 2153 948 2198 se
964 2136 1169 2220 obligare?-

193 2215 281 2295 ltesp.
306 2217 349 2278 lle
372 2215 429 2278 boe
444 2235 505 2278 non
520 2218 704 2283 concordare
719 2223 795 2300 BD„
808 2226 1003 2289 communior
1020 2233 1163 2295 iamenu

192 2301 373 2384 probabilior
383 2307 531 2370 sententia
544 2315 590 2370 est
606 2327 732 2391 negans.

231 2395 263 2454 5⁰
286 2395 333 2455 An
347 2401 448 2457 autem
462 2401 599 2458 teneatur
613 2396 651 2459 ad
663 2405 788 2481 votum,
803 2403 829 2465 si
842 2421 953 2467 vorens
966 2405 1166 2474 dubitaretur

195 2481 319 2545 noluerit
332 2501 364 2546 se
384 2483 518 2565 obligare
530 2484 546 2547 ‘l
560 2519 600 2533 -
612 2487 782 2553 Dicendum
796 2491 880 2573 qudd
899 2491 937 2556 ad
957 2494 988 2557 id
1011 2501 1168 2568 teneatur.

194 2571 263 2652 quia
276 2574 470 2655 presumptio
484 2580 540 2636 stet
553 2594 609 2658 pro
620 2577 720 2641 valore
733 2583 829 2643 aolus.
845 2583 884 2643 Et
904 2581 986 2646 idem
1009 2594 1057 2649 est
1067 2587 1170 2652 dicen·

192 2659 283 2738 dum,
299 2662 324 2724 si
341 2661 409 2744 quis
420 2661 536 2725 dubitet
548 2682 587 2726 an
600 2667 717 2729 noverit
728 2668 775 2731 vel
795 2670 1038 2737 animadverterit
1060 2677 1173 2761 obliga·

191 2749 306 2813 tiortem
321 2751 391 2814 voti.

232 2839 261 2901 Si
277 2841 343 2921 quis
358 2848 458 2903 autent
472 2839 589 2906 dubitet
602 2863 641 2906 an
655 2843 759 2910 lecerit
775 2855 879 2913 volum
897 2851 943 2916 vel
956 2857 1169 2936 propositum,

192 2927 244 2988 sed
259 2929 430 2992 nterninerit
442 2928 605 2995 credidisse
619 2951 651 2996 se
662 2937 790 3016 graviter
801 2946 997 3020 peccaturum
1007 2943 1034 3005 si
1046 2949 1173 3028 promis·

192 3017 308 3077 sionem
333 3035 395 3078 non
419 3019 598 3101 impleturus
618 3033 712 3101 esset,
729 3027 760 3089 S.
778 3027 938 3110 Liguorius
956 3041 1063 3096 eontra
1084 3036 1170 3098 Croix

192 3111 276 3184 putat
285 3105 377 3272 etipnr
388 3105 480 3170 istum
490 3111 583 3172 teneri
592 3111 631 3174 ad
641 3113 859 3196 impletionem.
871 3120 914 3198 (S.
927 3119 1065 3202 lignun,
1076 3124 1128 3187 lib.
1138 3129 1169 3202 3,

193 3201 224 3252 n·
241 3195 311 3254 201.
390 3251 392 3256 ,

231 3283 319 3341 5193.
344 3281 457 3344 Dioitur
470 3289 503 3345 3⁰
517 3283 550 3348 de
564 3309 596 3350 re
597 3291 738 3371 possibili
752 3314 763 3354 :
777 3296 903 3359 materie
916 3299 1002 3362 enim
1011 3302 1070 3364 voti
1080 3300 1171 3364 debet

192 3383 256 3425 esse
270 3368 429 3446 possibilis,
444 3373 516 3433 cbnr
528 3375 722 3455 impossibilis
733 3381 816 3446 nulla
826 3373 919 3467 possit
933 3405 1000 3449 esse
1014 3389 1169 3470 obligatio.

191 3452 228 3510 tu
242 3469 303 3548 non
317 3453 416 3515 snliun
429 3456 510 3520 dere
524 3459 595 3522 tone
610 3465 662 3526 sed
676 3468 767 3530 etiarn
779 3471 814 3532 de
828 3491 861 3535 re
873 3473 993 3536 notiori
1005 3479 1097 3558 quam
1111 3495 1172 3558 op-

191 3543 322 3614 posrtunr
336 3557 390 3602 seu
404 3545 497 3622 qu'arn
511 3548 577 3626 ejus
588 3555 712 3616 onrissio
726 3577 734 3617 τ
751 3563 826 3622 ratio
838 3567 885 3623 est
897 3563 970 3644 quia
985 3563 1053 3628 linis
1065 3566 1173 3628 intrin-

190 3639 277 3685 secus
287 3627 346 3687 voti
360 3635 403 3688 est
413 3647 467 3709 per
479 3631 538 3714 boo
551 3634 701 3704 bonorare
714 3646 833 3725 Deum;
849 3651 931 3714 Deus
945 3660 1047 3718 autern
1061 3654 1171 3735 nequit
