2420 3968
218 211 280 271 616
436 221 573 268 urrunsa
594 219 694 266 rouus
713 217 797 264 runis
817 215 968 264 6166666.

218 320 263 402 (S.
279 319 414 400 Lignor„
427 316 478 379 lib.
494 319 525 393 l,
538 315 618 391 163);
630 313 763 376 sitamen
772 311 906 376 officium
916 313 947 374 16
955 311 1050 375 choro
1061 312 1103 376 661
1114 333 1170 378 eun

218 409 299 471 socio
312 407 480 484 diceretur,
496 403 593 467 audiri
607 402 697 465 debet
711 420 780 483 pars
792 403 810 465 t
824 401 906 465 socio
924 401 971 464 661
984 401 1092 466 abolit
1106 415 1172 486 parte

218 497 302 560 chori
317 495 450 572 recitata,
466 500 500 556 ut
513 495 556 556 sic
570 492 621 554 fiat
632 491 869 554 communicatio
883 491 1038 554 orationis.
1058 493 1171 556 Commu«

221 585 268 646 nis
284 589 330 646 est
343 589 444 648 autern
456 577 692 645 sententiabant
705 579 893 656 satisfacere,
910 579 962 661 qui
974 581 1100 644 recitans
1118 601 1171 644 cun

219 673 301 736 socio
310 669 503 735 solummodo
512 669 715 751 auditpartem
721 669 760 730 ab
769 668 828 732 alio
834 669 1001 746 recitatam,
1011 669 1172 734 moddsuan

219 768 335 842 partam
350 759 484 823 uicissim
497 761 618 836 recitet;
634 757 706 821 item
720 763 818 838 potest
831 763 905 821 tunc
916 757 1023 820 audire
1038 759 1170 836 lectiones,

220 850 422 932 responsoria,
442 848 595 931 capitula,
618 847 771 910 crationes
784 865 819 910 ac
835 846 1033 929 antiphonas,
1048 850 1173 932 quietalis

220 938 278 1002 fert
299 955 374 1004 usus
396 937 549 1001 llcclesiae.
573 936 603 999 si
623 941 725 999 autam
748 935 851 1018 plures
871 938 965 1018 quim
987 936 1053 1000 duo
1072 941 1173 1002 recitent

222 1027 313 1094 simul
327 1027 479 1106 officium,
495 1043 557 1089 non
570 1025 663 1088 debet
676 1041 757 1088 unus
770 1043 887 1106 uuum,
902 1025 978 1088 alter
990 1025 1173 1102 alteramur-

222 1117 282 1179 tius
297 1119 418 1181 tertium
431 1133 553 1179 versum
567 1115 711 1192 recitare,
727 1114 780 1176 sed
795 1114 978 1192 alternatim,
992 1115 1173 1180 1661616616

223 1205 334 1288 duplici
350 1205 461 1284 choro,
485 1204 557 1286 quia
570 1205 613 1266 sic
635 1202 725 1265 habet
740 1203 840 1285 praxis
863 1203 1030 1282 Ecclesiae3
1055 1215 1173 1270 secusrst

224 1293 262 1356 de
281 1293 492 1372 Lectionibus,
517 1310 650 1376 quorum
668 1293 786 1375 primus
805 1293 954 1374 primam,
980 1295 1124 1358 secandus
1138 1315 1173 1357 sr-

223 1383 372 1460 cundam,
396 1389 466 1458 616..
492 1389 589 1463 potest
611 1382 736 1445 recitare
761 1401 769 1442 ι
794 1381 859 1445 imb
881 1382 993 1445 alicubi
1013 1383 1175 1448 consuetudo

223 1469 368 1551 permittit
394 1477 428 1532 ut
449 1487 557 1532 omnes
576 1470 615 1532 ab
629 1489 692 1532 uno
712 1471 893 1550 recitentur,
912 1471 980 1534 aliis
993 1472 1174 1536 audientibus.

223 1559 266 1639 (S.
281 1558 418 1642 Liguor.,
433 1558 487 1622 lib.
502 1563 522 1620 l
536 1606 544 1635 ‚
560 1559 594 1620 6ο
609 1561 691 1638 loa.)

264 1651 354 1712 6136.
376 1649 525 1720 Quaeritur
538 1647 587 1711 blc
610 1667 650 1710 an
673 1647 854 1712 satisfaceret
866 1647 961 1712 choro
980 1651 1037 1734 qui
1050 1651 1178 1716 submbsb

226 1737 365 1802 recitaret
378 1737 528 1820 psalmos,
543 1737 666 1800 alteram
680 1745 796 1819 partam
810 1737 984 1802 audiendo?

265 1827 476 1910 despondetur
490 1826 592 1910 qudd,
607 1825 761 1909 loquendo
777 1826 815 1890 de
828 1827 920 1890 choro
934 1828 966 1890 in
981 1849 1110 1912 genere,
1123 1851 1179 1915 pro·

226 1917 363 1980 habiliter
377 1915 578 1995 satisfaceret,
602 1915 673 1998 quia
687 1934 749 1978 non
763 1915 924 1998 requiritur
945 1925 981 1982 ut
994 1921 1143 1984 recitantes
1155 1923 1178 1980 in

228 2024 289 2068 uno
302 2007 395 2068 choro
417 2005 541 2068 audiant
559 2021 648 2067 voces
667 2005 806 2068 omniurn
827 2007 1021 2070 recitantium
1040 2010 1074 2072 in
1089 2012 1172 2082 darm

226 2093 379 2174 loquendo
392 2099 495 2156 autem
509 2093 548 2156 de
561 2093 719 2156 Canonicis
729 2100 758 2155 et
767 2091 832 2156 aliis
845 2094 883 2157 ad
896 2095 1026 2160 chorum
1041 2099 1176 2162 adoratis.

227 2199 314 2244 secus
333 2187 379 2243 est
397 2181 580 2261 dicendum,
605 2183 677 2264 quia
698 2181 810 2246 debent
828 2201 939 2248 canere
953 2187 1043 2266 juxta
1063 2189 1183 2271 supcritu

226 2269 306 2331 dicta
318 2272 419 2346 (asta,
435 2274 520 2348 etc).

267 2361 356 2422 6136.
380 2359 588 2423 communiter
607 2362 670 2422 ub.
686 2365 790 2424 tenent
809 2361 933 2444 quodsi
955 2371 1081 2449 propter
1092 2369 1187 2448 strepi·

229 2453 292 2510 tum
307 2447 486 2526 nouandis,
501 2447 580 2511 bend
601 2447 746 2513 satisfacis
760 2449 878 2528 oflici03
893 2451 918 2514 si
932 2456 1005 2517 6666
1020 2475 1082 2520 666
1095 2455 1191 2518 audias

229 2543 350 2620 propter
363 2536 515 2601 defectum
529 2539 782 2619 pronuntiationis
796 2547 932 2623 exparte
945 2543 1033 2607 chori
1047 2545 1092 2609 661
1104 2544 1190 2618 socii,

229 2628 457 2689 controvertitur
470 2645 509 2688 an
524 2635 598 2689 tune
607 2625 769 2690 satisfacias
782 2627 1005 2694 :affirmantem
1018 2636 1193 2697 sententiam

229 2723 274 2778 sat
296 2716 482 2798 probabilem
497 2721 581 2798 putat
594 2718 626 2779 S.
642 2716 813 2798 Ligaunus,
829 2717 920 2781 modo
934 2722 959 2782 is
973 2724 1026 2805 qui
1042 2743 1106 2787 non
1121 2723 1193 2787 audit

229 2814 356 2869 conetur
378 2805 545 2888 intelligere
557 2807 706 2888 quantiam
721 2809 872 2870 moraliter
885 2803 1008 2891 potest,
1031 2814 1105 2896 quia
1117 2831 1191 2876 serus

230 2913 349 2978 semper
361 2903 440 2959 esset
452 2895 586 2958 anxietas
599 2895 663 2974 (lib.
678 2899 710 2974 tl,
722 2899 791 2975 l63‚
806 2917 839 2981 q.
854 2899 899 2978 2);
915 2899 979 2961 vult
992 2908 1099 2966 tamen
1112 2906 1144 2966 S.
1157 2901 1193 2964 li·

230 3001 331 3062 guar„
346 2991 449 3046 contra
463 2984 537 3047 alios
550 2985 662 3066 pluras,
679 2984 805 3048 surdum
820 3005 881 3050 non
896 2988 1085 3072 satisfacere,
1101 2995 1126 3056 si
1142 3007 1194 3054 noa

231 3071 334 3133 recitet
354 3071 503 3136 submisse
523 3080 639 3156 partem
662 3075 681 3136 a
704 3074 901 3140 6116666616
923 3079 1005 3143 socio
1029 3083 1196 3153 6661161666,

232 3160 378 3241 quianon
398 3169 494 3243 potest
512 3164 738 3227 communicare
751 3164 782 3227 in
797 3165 854 3230 hlc
872 3172 957 3249 parte
969 3168 1063 3233 officii
1077 3172 1095 3234 1
1110 3171 1197 3234 choro

232 3249 277 3311 661
290 3251 308 3311 a
329 3251 411 3312 socio
425 3252 555 3330 recitati;
576 3271 662 3316 secus
676 3253 870 3334 probabiliter
882 3255 941 3320 dici
956 3263 1055 3340 potest
1071 3259 1115 3323 de
1136 3277 1199 3321 sur-

230 3334 347 3413 dastro,
370 3339 394 3398 si
407 3337 540 3403 advertat
553 3342 585 3404 16
600 3341 746 3405 breviario
764 3361 835 3427 quaa
847 3345 880 3408 in
894 3345 1021 3412 6661666
1042 3347 1149 3422 audit,
1165 3347 1198 3406 its

226 3425 262 3478 ut
275 3417 355 3493 pent
378 3420 542 3499 percipiat.
569 3421 614 3504 (S.
632 3425 772 3506 Liguon,
789 3429 842 3503 a..
856 3449 890 3512 q.
909 3431 967 3511 3·.)

264 3503 353 3565 6137.
370 3537 408 3550 -
425 3507 453 3564 t·
466 3506 585 3590 1616661
606 3514 675 3576 sind
689 3527 868 3600 syncopeat
884 3518 1126 3582 abbreviatione
1143 3533 1193 3576 scr

224 3589 338 3655 borum
355 3611 391 3654 ac
403 3593 610 3672 syllabarum.
626 3603 747 3686 absque
764 3607 861 3671 nimia
878 3608 1147 3692 precipitatione.
