2498 3966
229 247 288 311 illu
441 261 580 312 atuuttt
600 263 704 313 sortus
724 262 806 312 tuntt
827 262 977 313 ciuustct.

231 378 397 440 cissionem
415 380 605 442 matrimonii
616 379 729 441 civilis.
742 379 915 460 Utrumque
926 396 1014 458 ergo,
1032 379 1058 440 si
1070 380 1193 443 abstrac-

231 468 293 528 tive
307 485 325 528 a
339 470 541 530 consectariis
562 475 729 551 spectetur,
746 477 793 530 est
807 467 884 549 quid
898 466 1092 532 indifferens.
1103 469 1193 544 Quum

232 574 304 619 vero
323 556 424 618 civilis
445 558 637 620 matrimonii
666 559 858 620 consectaria
887 559 1003 638 saepius
1028 557 1123 635 bona,
1153 574 1195 621 ant
1239 619 1240 642 χ

231 647 341 708 saltem
356 647 444 710 utilia
460 656 546 724 sunt,
563 647 639 710 binc
655 665 780 728 semper
793 647 842 709 illi
860 666 893 710 se
908 647 1112 712 submittcrre
1136 669 1195 729 pos-

231 744 315 810 sunt,
343 736 408 799 imo
435 738 572 819 practico
602 735 730 811 debent,
767 736 928 799 christiani
973 740 1194 818 nupturientes.

230 822 334 898 Quum
349 833 455 889 eutem
469 826 595 890 divortii
621 825 723 890 civilis
738 825 866 890 effectus
885 828 999 908 saepius
1028 828 1106 890 meli
1135 831 1195 890 sint.

231 921 285 975 aut
298 913 409 977 saltem
423 917 498 979 mali
514 916 581 980 lieri
591 915 632 980 de
646 915 731 978 facili
744 915 875 993 possint,
886 915 1031 996 sequitur
1045 916 1088 978 ab
1112 936 1147 980 eo
1161 936 1195 977 re·

231 1003 381 1084 puleriter
399 1003 623 1070 abstinendum
644 1022 721 1067 essa.
738 1003 827 1080 Quod
850 1005 877 1066 ei
900 1013 1019 1079 tamen,
1036 1004 1071 1066 in
1087 1007 1197 1068 casibus

231 1094 399 1170 concretis,
414 1094 608 1173 gravissimas
622 1093 728 1156 adsint
742 1111 844 1156 causae
866 1111 923 1155 cnr
937 1093 971 1155 in
998 1091 1055 1155 tali
1077 1093 1196 1156 divertis

232 1181 304 1262 quis
328 1191 432 1263 partes
460 1183 578 1246 bebere
602 1185 735 1263 majores
757 1183 934 1244 minoresve
964 1191 1110 1263 cogatur,
1137 1194 1196 1247 tunt

233 1272 343 1352 utique
370 1273 513 1336 sufficere
537 1272 661 1355 poterit,
708 1279 743 1336 ut
769 1269 976 1335 tolerabiliter
1023 1281 1111 1352 agat,
1134 1274 1198 1334 duas

233 1360 329 1424 simul
344 1361 498 1424 verificari
524 1361 741 1427 conditiones:
755 1369 790 1425 ut
802 1378 917 1443 nempe
933 1359 1053 1422 damna
1068 1363 1200 1442 graviora

192 1524 194 1532 ἲ
233 1458 288 1513 eut
320 1451 431 1514 saltem
465 1453 572 1532 gravia
611 1460 785 1534 sequentur
808 1467 848 1515 ex
885 1449 1112 1527 abstentione;
1139 1453 1200 1514 dein

234 1549 268 1603 ut
279 1539 363 1602 mala
376 1557 448 1622 quae
458 1557 496 1603 ex
512 1541 633 1621 agentis
649 1540 886 1622 participatione
900 1537 1009 1602 forsan
1025 1551 1200 1621 sequentur,

187 1671 192 1685 ι
233 1647 297 1694 non
313 1629 430 1692 directe
448 1648 505 1692 nec
518 1631 550 1692 in
563 1630 625 1692 vitu
640 1631 647 1692 i
653 1631 739 1712 psius
751 1629 884 1694 actionis
897 1627 1051 1692 defluant

187 1691 192 1796 l
272 1718 392 1796 Quibus
411 1718 532 1800 positis,
546 1717 585 1780 ad
602 1721 755 1799 practices
768 1719 989 1784 conclusiones
1013 1720 1042 1783 si
1064 1720 1204 1784 devenia-

188 1839 190 1887 ;
235 1827 317 1891 mus,
347 1809 513 1872 dicemus:
542 1809 573 1870 l⁰
596 1807 733 1884 ludices,
762 1809 886 1891 quoties
914 1811 947 1872 in
967 1810 1204 1874 causiedirortii

188 1897 192 1998 ᾗ
235 1900 423 1962 sententiam
448 1895 770 1980 prolerrecoguntur,
796 1917 860 1962 non
882 1899 1113 1982 inquietandos
1137 1919 1203 1963 asse.

188 1999 192 2056 l
236 1989 411 2052 dummodo
426 2006 499 2050 sere
513 1985 594 2051 adid
611 1987 791 2064 adigantur,
805 1997 836 2050 et
857 1989 963 2069 palam
990 1990 1205 2071 profiteantur.

234 2088 294 2143 etc.
320 2077 405 2136 -20
425 2076 578 2158 Syudiuos
608 2077 725 2157 paritet
748 2095 811 2139 non
840 2076 1082 2158 inquietandos,
1105 2079 1204 2141 iisdem

235 2166 500 2230 concurrentibus
513 2167 617 2228 causis
630 2175 662 2229 et
676 2167 806 2230 cautelis
817 2185 826 2241 ;
839 2184 1039 2248 quamquam
1052 2168 1203 2230 fatendum

234 2264 280 2316 cst
291 2263 360 2334 post
373 2253 755 2332 lagenrartniltleeorum
768 2256 912 2336 partesin
922 2255 1130 2320 divortioierc
1140 2255 1202 2316 nul·

198 2405 200 2413 Α
234 2343 350 2425 lasjam
367 2361 445 2406 asse.
460 2377 500 2390 -
512 2342 544 2405 3·
563 2345 716 2409 Advocati
728 2351 759 2406 et
772 2352 994 2425 procuratores
1010 2343 1197 2428 (suouetau-

199 2440 202 2445 '
235 2435 378 2514 gentium
392 2433 464 2514 jura
489 2441 619 2497 tuentur
643 2442 674 2498 et
688 2435 726 2497 iis
751 2432 988 2517 quodammodo
1005 2441 1199 2518 participanti

200 2600 203 2608 Ι
235 2523 332 2599 unde,
348 2523 410 2586 nisi
426 2522 556 2586 aliunde
577 2531 744 2603 cogantur,
769 2532 845 2587 tune
859 2531 987 2588 tantum
1011 2544 1105 2607 affere
1124 2539 1204 2606 posse

236 2613 393 2688 ridentur,
404 2630 504 2692 quum
521 2612 673 2679 clientum
684 2613 757 2693 jura
768 2607 1063 2679 rationabiliterluu
1076 2619 1205 2678 datacre·

235 2701 551 2767 dunt-4⁰Demum
565 2702 1207 2785 quoadipsusccnjugcs,generalioreuula

190 2801 203 2940 Ι
236 2795 287 2857 aix
312 2793 392 2858 tradi
408 2801 519 2875 potest.
535 2793 694 2870 Attamen,
712 2809 785 2872 pars
798 2809 871 2874 ques
896 2794 1206 2857 reconventionaliter

235 2883 403 2947 divortium
420 2885 497 2964 petit
510 2881 696 2963 regulariter
711 2881 796 2944 licite
812 2881 895 2964 agit;
911 2881 1128 2960 uuaedirecte‚
1145 2894 1208 2944 tun:

235 2979 358 3036 tantum
375 2973 517 3035 excusari
547 2988 637 3053 posse
652 2970 788 3043 videtur,
805 2989 907 3052 quum
922 2972 1057 3034 firmiter
1081 2973 1209 3034 interr-ln

236 3063 332 3123 solam
346 3061 522 3126 libertatem
551 3077 750 3138 recuperare,
769 3075 831 3124 non
848 3078 922 3124 nero
948 3077 1060 3124 rursus
1085 3062 1210 3123 einilttr.¹

235 3149 552 3233 contrahere3quum
566 3149 743 3213 libertatem
765 3149 975 3214 desideratam
989 3159 1023 3213 et
1044 3150 1106 3214 alia
1134 3170 1210 3213 einn-

238 3240 329 3301 moda
345 3240 434 3302 aliter
450 3259 546 3319 qnam
559 3239 695 3302 divortio
710 3257 875 3322 acquirere
884 3256 947 3303 non
965 3247 1080 3322 potest,
1097 3259 1135 3302 ac
1150 3257 1198 3322 spe

236 3327 341 3391 elatius
357 3347 412 3410 per
427 3331 558 3407 legalem
576 3330 806 3411 separationem
818 3337 914 3394 aloru
928 3339 959 3392 et
974 3346 1097 3393 tuensa.

718 3509 725 3518 a
