2482 3944
196 153 234 214 tt
305 183 310 194 ·
420 171 557 218 acaunus
577 170 678 218 maras
698 170 780 217 runis
800 169 947 217 oenourer.

197 265 282 330 illum
304 271 394 330 staret
418 267 583 350 quominus
617 267 820 331 absolveretur
840 269 882 344 (S.
905 267 1043 348 Lignea,
1062 267 1117 332 lib.
1141 273 1169 346 ’1,

198 359 232 417 n⁰
248 359 327 434 163);
344 351 411 418 vide
425 355 515 417 eiiam
527 351 690 428 Analecta,
707 359 758 420 50⁰
773 356 851 430 lira,
866 355 925 419 ool.
943 359 1032 420 1513.
1052 355 1171 420 Billuart

197 450 298 506 tamen
324 445 474 507 existimat
496 441 577 526 quad
600 445 756 508 celebrans
783 445 894 526 possit,
917 447 1007 508 etiam
1026 452 1171 528 tanquam

197 533 332 596 Minister
345 531 501 608 Ecclesia,
517 551 604 596 arare
623 551 678 615 pra
698 533 967 596 excommunicatis
980 531 1126 610 vitandis,
1146 541 1173 596 et

198 636 252 704 pro
274 621 346 704 ipsis
363 619 459 694 licite,
482 619 542 684 sive
556 627 679 704 accepto
701 621 763 683 siva
777 639 839 684 non
862 625 986 703 accepto
1011 621 1171 704 stipendio,

198 707 304 772 offerre
319 709 419 771 missas
431 707 635 786 Sacrificium,
652 709 743 772 modo
755 709 882 772 intentio
897 711 1010 772 nonsit
1022 727 1174 792 orarepro

199 797 270 877 ipsis
284 805 430 879 tanquam
444 797 590 860 membris
608 797 768 875 Ecclesia,
784 797 836 860 sed
855 803 889 861 at
901 799 1079 880 paenitentia
1092 795 1173 862 ducti

199 886 670 967 adejusgremiumrevcrtantar;
680 885 1073 950 sedtateturBilluartsuam
1081 905 1175 950 asser-

199 975 312 1036 tionem
327 976 429 1056 negari
440 975 690 1038 communiterab
700 975 871 1038 auctoribus
881 973 926 1054 (de
937 973 1046 1058 aazia,
1057 973 1131 1038 diss.
1143 980 1172 1051 2,

201 1069 254 1124 art.
272 1066 313 1142 6).
325 1063 487 1145 'theologia
504 1061 1106 1145 0016030100ηο(01611130360600000,
1122 1063 1174 1144 §ai

201 1151 439 1213 aitlicitumesse
447 1151 608 1214 celebranti
618 1151 768 1234 applicare
776 1151 1175 1214 excommunicatisvitandis

201 1239 362 1320 specialem
390 1239 526 1303 sacrificii
549 1245 681 1322 partem,
711 1241 802 1302 modo
827 1239 893 1302 illas
917 1241 948 1301 in
970 1259 1088 1302 maone
1114 1260 1174 1303 non

202 1327 336 1389 nominet
359 1345 415 1390 nec
436 1326 541 1390 offerat
563 1336 597 1392 ut
618 1327 754 1392 Minister
772 1329 929 1404 Ecclesiae;
946 1328 1073 1410 proinde
1090 1329 1175 1408 juxte

202 1415 279 1476 banc
291 1415 498 1498 Theologiam,
509 1417 648 1480 sacerdos
662 1415 752 1480 etiarn
767 1423 910 1498 tanquam
918 1417 1053 1478 Minister
1068 1415 1174 1479 Christi

203 1511 299 1584 potest
311 1503 419 1568 oti'erre
438 1507 562 1568 missam
582 1525 637 1589 pro
651 1505 920 1569 excommunicatis
933 1505 1069 1570 vitandis.
1085 1505 1176 1588 (Vide

202 1591 279 1654 inira
294 1596 396 1674 6520.)

242 1682 346 1754 Quoad
359 1685 635 1747 excommunicatos
651 1683 800 1754 toleratos,
820 1683 931 1765 duplex
946 1689 990 1744 est
1003 1683 1173 1746 sententia:

201 1773 402 1834 -attirmans
418 1773 601 1854 probabilior
617 1779 739 1836 vacatur
762 1773 826 1835 aii.
843 1771 1003 1852 Lignaria,
1028 1771 1097 1852 quia
1122 1773 1175 1834 etsi

204 1859 289 1922 Bulla
307 1861 425 1923 Martini
441 1863 466 1924 V
486 1861 536 1924 Aet
552 1859 688 1923 evitanda
711 1881 771 1923 non
800 1859 961 1922 intenderit
979 1859 1077 1922 lavere
1104 1857 1176 1941 ipsis

203 1950 469 2012 excommunicatis
482 1949 632 2026 toleratis,
648 1949 787 2013 concedit
804 1955 906 2012 tamen
929 1966 1016 2030 posse
1035 1966 1174 2011 eommu-

203 2033 296 2097 nicari
310 2055 380 2098 curn
400 2037 476 2114 illis,
494 2038 584 2100 etiam
599 2039 631 2099 in
651 2038 770 2100 divinis.
786 2036 863 2100 Vide
878 2037 909 2101 S.
925 2037 1047 2118 arguor.
1062 2035 1127 2115 (lib.
1143 2043 1173 2116 6,

203 2129 236 2183 n·
251 2125 320 2199 309;
337 2131 366 2186 et
379 2123 432 2186 lib.
449 2130 480 2204 7,
496 2137 528 2186 n⁰
543 2127 623 2204 161).

242 2213 331 2275 3115.
348 2249 388 2260 -
402 2211 433 2272 2⁰
444 2214 486 2276 lio
509 2211 678 2295 infidelitas
699 2213 852 2278 dubitatur
871 2233 909 2277 an
924 2213 1012 2276 liceat
1032 2231 1087 2296 pro
1103 2214 1176 2296 ipsis

203 2297 310 2362 offerre
333 2301 430 2364 missae
445 2301 631 2364 Sacrificium
641 2324 648 2379 ;
660 2339 698 2348 —
714 2303 897 2385 probabiliirs
911 2303 1096 2364 affirmatur:
1113 2303 1175 2384 ipsa

203 2388 285 2450 enim
299 2392 406 2452 veteris
421 2390 495 2472 legis
508 2391 655 2454 sacrilioia
669 2411 725 2473 pro
739 2391 910 2454 infidelibus
917 2390 1130 2462 offerebantur,
1145 2397 1176 2453 ut

203 2484 367 2540 constater
377 2478 428 2540 lib.
441 2483 456 2541 1
469 2477 597 2558 Maean,
608 2501 634 2542 c.
649 2483 697 2557 13,
709 2500 736 2543 v.
755 2483 802 2556 11,
815 2487 844 2543 et
855 2483 891 2558 si,
904 2481 987 2560 jrrxta
1000 2479 1174 2562 Apostolum

205 2569 234 2647 (1
252 2566 289 2629 ad
303 2569 394 2644 Tim,
410 2587 437 2629 c.
454 2573 484 2644 2,
500 2589 528 2630 v.
541 2563 564 2630 ’1
583 2577 612 2631 61
629 2573 686 2647 b),
709 2569 773 2631 lieri
792 2569 921 2632 debeant
944 2567 1172 2638 obsecrationes,

204 2657 367 2734 arationes,
380 2657 611 2740 postulationes,
627 2659 794 2739 pretiorum
815 2659 956 2732 actiones,
971 2679 1027 2740 pra
1046 2658 1176 2720 omnibus

204 2743 383 2818 kaminatae,
397 2765 455 2829 pro
469 2747 586 2829 rapidas
599 2755 628 2807 et
641 2747 772 2808 omnr'bus
785 2746 838 2828 qai
852 2748 883 2808 r'n
896 2745 1078 2808 sullimitate
1090 2755 1171 2816 excat,

205 2840 275 2912 ota,
291 2853 345 2898 our
364 2840 393 2898 et
413 2836 512 2898 missae
526 2836 706 2898 sacrificium
727 2853 787 2897 non
807 2841 905 2916 posset
923 2835 1057 2898 similiter
1077 2835 1176 2898 oilerri

204 2941 259 3004 pro
280 2923 442 2999 omnibus,
457 2941 499 2986 ao
521 2923 647 3004 proinde
670 2942 725 3005 pro
746 2923 1177 3000 inlideiibus‚ct1msicoeie-

205 3011 295 3073 brana
314 3009 411 3092 magis
430 3028 462 3072 se
481 3010 649 3074 conformet
667 3009 802 3090 Christo,
825 3013 876 3093 qui
900 3033 955 3095 pro
974 3013 1116 3074 omnibus
1145 3033 1176 3076 sa

205 3097 338 3161 abtulit't
357 3097 443 3176 (Vide
466 3099 496 3161 S.
513 3099 655 3182 Lignea,
678 3099 758 3180 ib...)
774 3136 813 3146 —
827 3103 907 3183 Ergo
922 3105 939 3164 b
953 3101 1068 3164 fortiori
1083 3109 1176 3183 potest

206 3187 297 3248 missa
318 3185 417 3248 offerri
439 3206 493 3268 pro
511 3189 744 3252 catechumenis.
761 3189 836 3253 Vide
852 3192 1010 3266 Analecta,
1032 3193 1083 3254 50·
1098 3190 1173 3268 lira,

205 3273 263 3336 ool.
281 3277 375 3354 1338,
399 3293 467 3358 qrrae
484 3277 636 3359 probabile
652 3285 756 3359 putant
770 3279 851 3361 quod
865 3281 955 3342 etiam
971 3299 1026 3362 pro
1044 3279 1117 3361 ipsis
1130 3279 1175 3341 de

206 3361 316 3425 iunctis
334 3367 427 3447 possit
440 3365 556 3444 offerri,
572 3377 601 3429 et
615 3366 715 3448 quoad
731 3369 825 3448 ipsam
844 3369 905 3430 vim
921 3367 1120 3431 satisfaciendi
1140 3386 1173 3430 cx

206 3469 297 3534 opere
312 3464 443 3536 operato.

246 3543 386 3604 aaa-
405 3547 437 3606 3θ
461 3545 565 3615 Quoad
587 3543 733 3626 &sanetas
754 3547 785 3608 in
800 3545 977 3628 Purgatmio
997 3547 1172 3626 existentes,
