2498 3966
287 221 372 268 umen
393 223 556 272 sscnnnns.
582 243 620 256 -
641 227 833 275 rurannrces.
995 213 1051 273 ast

82 339 251 402 honestum
265 335 380 412 uxoris,
392 344 447 398 aut
461 343 553 418 turpe
563 336 748 400 concubium
766 355 879 402 nomen
905 341 1053 408 mulieres

83 428 365 498 nanciscerentur;
391 427 468 506 quin
493 431 674 488 eorentum
703 438 780 506 erat,
810 438 845 492 ut
868 437 1054 501 auctoritate
1138 493 1141 500 .

83 517 266 602 principum
282 513 467 594 reipublicae
490 525 655 579 caveretur
679 515 795 597 quibus
818 529 899 583 esset
921 529 1055 606 permis-

82 623 154 670 sum
170 603 250 670 inire
264 601 402 682 nuptias,
419 613 448 665 et
463 603 582 684 quibus
594 620 657 666 non
671 613 760 678 esset,
779 607 916 673 multum
934 611 1055 694 legibus

82 702 194 758 contra
207 691 387 774 aequitatem
402 691 681 769 contendentibus,
699 693 833 758 multum
849 717 907 779 pro
925 703 1052 782 iniuria.

22 799 24 803 ’
81 783 234 846 Praeterea
247 779 435 861 polygamia‚
457 780 656 862 polyandria,
675 783 846 847 divortium
862 805 966 855 causae
984 793 1052 858 lue-

81 880 170 951 runt,
186 869 392 952 quamobrem
409 872 551 952 nuptiale
561 870 724 934 vinculum
737 891 925 958 magnopere
936 883 1055 950 relaxa-

81 970 179 1024 retur.
197 959 327 1022 Summa
342 978 468 1041 quoque
490 962 522 1023 in
539 962 658 1024 mutuis
679 963 847 1043 coniugum
875 969 1001 1048 juribus
1026 989 1055 1038 et

81 1050 196 1114 olliciis
220 1049 413 1132 perturbatio
436 1051 548 1124 extitit,
574 1069 644 1112 cum
670 1050 720 1112 vir
742 1052 921 1119 dominium
952 1067 1057 1126 uxoris

82 1139 273 1222 acquireret,
285 1155 418 1218 eamque
428 1141 568 1202 suassibi
579 1158 628 1202 res
641 1139 766 1217 babere,
779 1145 868 1207 nulla
881 1145 1056 1232 saepe'jusra

81 1248 189 1302 causa,
201 1225 349 1307 juberet;
373 1225 434 1289 eibi
450 1228 523 1292 verb
549 1229 590 1293 ad
613 1229 796 1294 effrenatam
813 1241 842 1294 ot
870 1235 1054 1304 indomitam

82 1316 1057 1406 libidinempraecipitiimpuneliceretexcurrereperlupunnriu

79 1417 108 1472 et
122 1403 261 1478 cucillae,
280 1405 368 1484 quusi
380 1407 502 1486 culpam
515 1407 764 1490 dignitussooiut,
787 1429 848 1474 nou
876 1415 1011 1480 uoluntas
1031 1419 1054 1482 ⁴.

82 1497 300 1576 Exsuperante
315 1494 374 1556 viri
393 1495 531 1570 licentia,
547 1497 629 1560 nibil
652 1507 718 1560 erat
740 1519 837 1564 uxore
851 1503 1007 1587 miserius,
1023 1510 1055 1571 in

82 1596 204 1649 tarrtam
233 1582 444 1646 bumilitatem
471 1584 608 1663 dejecta,
639 1597 672 1649 ut
703 1588 948 1655 instrumentum
979 1615 1057 1677 peno

81 1674 253 1737 baberetur
268 1671 307 1734 ad
319 1671 509 1752 explendam
525 1673 688 1736 libidinem
700 1678 749 1737 vel
761 1679 950 1758 gignendam
964 1687 1057 1748 sobo-

81 1766 146 1826 lem
159 1770 388 1842 comparatum.
405 1759 467 1823 Nec
479 1761 580 1841 pudor
596 1763 668 1836 luit,
680 1763 881 1832 collocandas
896 1771 928 1832 in
946 1777 1057 1837 matri-

83 1852 243 1924 monium,
264 1846 338 1926 emi,
354 1849 458 1922 rendi.
472 1850 504 1911 in
520 1867 624 1912 rerum
638 1869 862 1932 corporearum
877 1859 1057 1926 similitudi-

80 1959 157 2005 nem
170 1941 196 2017 ²,
207 1939 281 2003 data
294 1939 453 2001 interdum
471 1939 592 2020 parenti
607 1943 783 2024 maritoque
795 1945 945 2012 facultate
959 1961 1057 2014 extre-

82 2049 172 2094 nrum
188 2027 381 2109 supplicium
395 2027 435 2090 de
449 2044 544 2089 uxore
559 2030 716 2091 sumendi.
750 2031 877 2098 Talibus
903 2036 1055 2104 familiam

79 2131 185 2186 ortam
200 2117 368 2180 connubiis
384 2132 510 2178 necesse
525 2125 592 2178 erat
612 2127 667 2180 aut
688 2119 721 2182 in
750 2120 841 2185 bouis
871 2127 1056 2207 reipublice

78 2228 161 2286 csse,
178 2208 278 2270 autin
296 2205 454 2286 mancipio
471 2205 687 2285 patrifamilias
700 2209 726 2285 ³,
741 2213 792 2273 cui
809 2213 963 2295 legesboc
976 2239 1056 2300 qun-

79 2295 424 2384 quopossedederant‚
443 2313 505 2356 uon
537 2297 632 2358 modo
660 2297 828 2364 liberorum
844 2308 999 2369 conticere
1027 2317 1057 2371 rt

78 2389 230 2454 dirimere
243 2385 398 2448 arbitratu
411 2402 469 2447 suo
481 2387 620 2467 nuptias,
636 2405 745 2449 verum
768 2392 865 2454 etiam
880 2395 913 2456 iu
928 2397 1056 2460 eosdem

79 2494 229 2541 exercere
242 2475 313 2537 vitae
329 2475 477 2556 necisque
491 2475 661 2537 immanem
677 2487 876 2558 potestatem.

121 2565 183 2630 Sed
214 2573 260 2627 tot
283 2563 379 2634 vitiis,
408 2563 567 2644 tantisque
599 2563 793 2642 ignominiis,
822 2571 940 2651 quibus
966 2587 1057 2639 erant

80 2653 251 2736 inquinate
266 2651 422 2731 conjugia,
431 2649 606 2714 sublevatio
617 2653 745 2716 tandem
758 2663 789 2718 et
806 2659 962 2724 medicina
975 2664 1056 2725 diri·

80 2744 171 2808 nitus
186 2743 316 2822 quesita
330 2749 399 2814 eet;
423 2739 683 2822 quandoquidem
710 2747 871 2810 restitutor
893 2747 1057 2829 dignitatis

80 2833 235 2896 humanae
249 2828 634 2912 legumquemosaicarum
647 2831 901 2914 perfectorlesus
915 2837 1057 2904 Christus

80 2939 148 2984 non
164 2920 322 2997 exiguam,
341 2935 442 3000 neque
462 2930 654 3002 postremam
675 2922 715 2984 de
728 2925 933 2991 matrimonio
947 2947 1057 2994 curam

80 3007 241 3072 adhibuit.
257 3005 382 3070 Etenim
398 3011 526 3089 nuptias
542 3012 573 3071 in
589 3011 674 3074 Cana
688 3011 824 3076 Galilaea
840 3013 907 3098 lpse
919 3035 1056 3099 presen-

81 3098 127 3161 tia
143 3115 199 3160 sua
224 3096 427 3173 nobilitarit;
456 3101 624 3181 primoque
646 3119 683 3163 ex
703 3103 853 3186 prodigiis
879 3125 945 3170 ase
966 3110 1058 3174 editis

82 3185 157 3249 lecit
185 3184 432 3248 memorabiles*
451 3205 460 3264 3
481 3188 598 3268 quibus
625 3194 728 3255 causis
757 3195 803 3257 rel
833 3213 872 3260 ex
895 3215 933 3262 eo
953 3198 1004 3262 die
1026 3203 1056 3263 iu

116 3360 141 3407 l.
160 3357 310 3421 Hieronym..
323 3355 394 3421 Oper.
414 3367 471 3406 tom.
486 3360 506 3416 l,
518 3359 557 3406 eol
582 3360 635 3410 t55.

114 3429 140 3480 Ξ.
151 3431 239 3480 lrnob.
251 3429 305 3478 edu.
318 3429 404 3486 Geni..
417 3431 441 3480 l.

114 3500 138 3550 3.
154 3501 251 3566 lilonys.
268 3501 388 3561 llalioar„
400 3503 441 3553 lib.
456 3516 481 3565 n,
496 3519 515 3555 c.
530 3504 570 3564 ab,
580 3504 623 3558 bl.

116 3573 140 3621 l.
154 3573 222 3622 loun.
232 3584 257 3622 n.
