2434 3940
405 227 491 276 uarn
511 227 669 276 sacunuos.
968 211 1024 278 207

74 415 108 474 rol
121 418 148 476 2·
161 417 336 484 nonhabuil
351 418 486 479 animum
501 437 533 479 se
546 417 699 500 obligandi
713 467 720 494 ,
732 426 761 479 et
775 418 798 480 si
814 419 871 482 hoo
885 419 1027 500 procedat

75 519 101 562 er
114 503 271 585 ignorantia
284 513 398 568 naturae
408 506 627 587 promissionis
643 507 733 567 etiam
743 515 816 569 tuno
831 527 892 570 non
907 515 1027 572 tenatur
1132 559 1135 566 .

74 319 129 385 rirm
140 327 166 388 in
180 347 214 390 eo
227 327 324 390 debuit
336 328 529 410 promittenda
542 330 695 392 voluntas:
711 330 751 392 lta
765 331 984 406 communitum
995 365 1025 376 -

75 597 135 652 stare
144 596 305 674 promissis,
316 595 387 656 sirm
403 593 434 655 in
443 593 500 656 hdo
513 593 672 676 hypothesi
686 593 782 657 deluit
795 597 905 677 pariter
918 598 1025 660 volun·

14 689 15 718 ³
75 683 108 738 tas
118 699 145 743 se
157 682 307 766 obligandi
319 703 329 757 ·,
345 683 369 744 si
383 685 453 746 verb
467 681 525 745 lroo
539 701 601 743 non
623 682 766 764 procedat
785 702 823 746 ex
837 685 1025 766 ignorantia,

68 767 114 828 'sed
133 773 196 852 quia
218 771 402 836 contrahens
415 771 513 833 noluit
534 769 572 834 nd
587 771 812 834 matrimonium
832 791 864 835 se
881 773 1027 855 obligare,

74 854 163 937 dodau
180 870 225 923 est
245 860 410 936 sementia,
431 868 460 922 et
478 861 510 922 S.
532 860 693 942 Lignorius
714 861 853 922 suscribit
873 861 1029 924 sententia

75 949 173 1024 neganti
195 950 413 1031 obligationem
436 948 632 1012 contrahendi
663 949 891 1012 matrimonium
919 951 949 1012 in
973 950 1029 1012 hoo

73 1051 150 1098 casa:
175 1039 249 1120 quia
267 1037 367 1100 omnis
389 1037 531 1119 obligatio
558 1057 627 1120 quae
650 1056 712 1100 non
737 1037 864 1100 hahetur
886 1057 923 1100 ex
947 1041 1027 1120 lege,

73 1123 148 1186 oritur
168 1145 204 1191 ax
220 1127 333 1210 privata
348 1126 479 1189 hominis
497 1127 648 1189 voluntate
664 1149 672 1204 ;
688 1145 724 1190 ao
738 1127 866 1210 proinde
880 1127 930 1190 uhi
945 1127 1029 1191 deest

72 1212 187 1280 uoluntas
204 1234 238 1278 se
260 1215 434 1298 obligandi,
454 1215 597 1299 obligatio
615 1215 739 1279 deficit:
761 1223 791 1278 et
811 1215 886 1296 hoe,
911 1217 1027 1280 etiamsi

72 1305 212 1380 promissio
234 1304 325 1368 luerit
341 1306 514 1385 juramento
537 1303 936 1382 firmata31aneturtamen
960 1306 1028 1368 dote

72 1395 251 1473 prominens,
266 1394 382 1457 ratione
394 1393 582 1475 deceptionis
601 1393 713 1456 damna
726 1395 880 1474 resarcire,
897 1395 948 1457 sed
965 1414 1026 1456 non

71 1485 181 1563 tenetur,
205 1484 234 1546 vi
262 1482 490 1566 promissionis,
515 1501 621 1546 rerum
648 1501 830 1546 consensum
858 1503 971 1564 ponere
999 1493 1029 1546 et

14 1637 16 1656 ,
70 1572 279 1634 matrimonium
293 1573 487 1650 contrahere,
503 1571 560 1634 nisi
580 1572 756 1635 interveniat
773 1571 940 1648 defloratio,
956 1575 1028 1654 quia

14 1659 16 1712 t
70 1661 128 1721 tuno
147 1661 295 1724 damnum
314 1680 377 1725 nou
394 1667 441 1726 sat
463 1661 677 1743 aequiralenter
697 1661 832 1723 resarciri
850 1668 946 1741 potest
970 1661 1028 1722 nisi

14 1779 15 1782 κ
70 1764 111 1824 pu
130 1751 357 1814 matrimonium
381 1753 424 1829 (S.
448 1750 585 1832 Liguor.,
605 1749 710 1826 libb,
730 1759 763 1810 η’
778 1752 868 1826 833):
886 1750 967 1830 quod
985 1758 1029 1810 est

68 1839 208 1903 conforme
220 1840 281 1920 juri
301 1858 426 1904 romano
441 1843 519 1922 (cap.
537 1845 566 1915 l,
586 1839 626 1900 De
639 1838 736 1899 adult.
753 1846 782 1900 et
801 1840 905 1918 stup),
921 1839 951 1899 in
968 1856 1029 1919 quo

14 1983 16 1988 ,
68 1924 162 1991 dicitur
178 1948 187 1989 a
213 1930 274 1991 «si
289 1929 357 2011 quis
370 1929 521 1992 seduxerit
538 1928 704 2009 virginem,
720 1927 938 2007 dormieritque
958 1945 1029 1988 cum

14 2011 15 2018 '
68 2035 79 2070 r
99 2021 147 2095 ed,
161 2016 277 2080 dotabit
294 2035 361 2080 eam
382 2021 412 2080 et
432 2017 555 2080 habebit
569 2035 695 2080 uxorem
710 2019 744 2093 n';
761 2016 814 2078 sed
833 2033 868 2078 ex
884 2015 1029 2078 hodierna

14 2119 16 2142 ÷
68 2106 274 2170 cousuetudine
296 2105 491 2170 tribunalium
509 2106 606 2187 magis
628 2109 763 2187 recepta,
784 2105 851 2168 haeo
869 2105 917 2166 lex
935 2105 1027 2168 inter·

69 2201 187 2271 pretatur
214 2195 245 2257 in
268 2213 358 2258 sensu
381 2195 588 2275 disjunctiva:
614 2194 728 2256 dotabit
749 2212 816 2256 eam
839 2202 892 2255 out
912 2193 1029 2256 dolebit

70 2281 219 2347 inaxorem
232 2284 381 2362 (ltaGard.
394 2284 505 2366 Soglia,
517 2284 619 2346 Instit.
629 2283 698 2364 jor.
709 2283 807 2367 pria,
821 2283 839 2365 ξ
854 2283 1028 2364 l38);-vel

68 2369 185 2455 denique
207 2377 239 2437 3⁰
262 2374 439 2455 promittens
457 2373 555 2436 solirm
574 2391 635 2435 non
656 2372 758 2435 hahuit
773 2373 911 2436 animum
935 2373 1028 2434 adim·

67 2459 157 2538 piendi
168 2463 350 2546 promissum
359 2510 367 2540 ,
376 2469 406 2526 et
418 2469 492 2525 tune
505 2463 586 2526 corte
595 2461 633 2525 ad
646 2455 885 2526 contrahendum
896 2468 1026 2542 tenetur,

68 2551 129 2628 quin
141 2559 291 2614 eontracta
305 2551 360 2614 tutt
373 2552 527 2633 obligatio.

102 2639 177 2703 Bene
203 2642 360 2704 advertunt
383 2641 556 2703 Salmantio.
572 2646 602 2702 et
615 2641 688 2701 Viva
711 2637 793 2720 qudd
808 2637 831 2698 si
854 2635 922 2716 quis
940 2637 1029 2700 sciret

68 2727 130 2790 oriri
142 2731 355 2812 obligationem
370 2749 405 2792 ex
422 2729 634 2811 promissione,
650 2728 702 2790 sed
717 2727 754 2790 ad
769 2743 836 2787 earn
851 2742 913 2784 non
929 2725 1031 2785 adver-

68 2823 152 2896 trret,
167 2819 363 2882 nihilominus
384 2825 546 2895 teneretur,
562 2818 634 2900 quia
651 2818 713 2896 jam
729 2815 833 2876 habuit
845 2812 1028 2874 voluntatem

68 2907 210 2971 virtualem
225 2927 257 2971 se
272 2907 434 2990 obligandi.
451 2911 492 2984 (S.
511 2907 647 2988 Lignea,
663 2905 713 2966 tib,
731 2907 761 2979 6,
778 2905 811 2964 n⁰
825 2905 908 2981 882.)

102 2998 182 3060 3983.
198 3033 238 3045 -
252 3002 283 3061 3·
303 2997 493 3071 deliberata,
518 3004 548 3058 et
574 2995 698 3078 quidem
723 2992 936 3054 deliberatione
960 3011 1030 3074 quae

69 3084 180 3149 srrffioiat
192 3087 230 3150 ad
245 3093 400 3169 peccatum
424 3085 548 3148 mortale
565 3087 660 3162 ,elim
674 3083 730 3146 suh
745 3082 862 3144 mortali
880 3081 1030 3163 sponsalia

71 3173 211 3258 obligent:
236 3175 319 3240 unde
337 3175 512 3256 regulariter
527 3191 587 3236 non
611 3179 681 3235 sunt
699 3170 796 3236 valida
816 3179 886 3234 ante
907 3181 1029 3253 septen-

70 3261 158 3343 nium,
176 3264 233 3328 nisi
252 3281 326 3327 usus
347 3263 472 3326 rationis
490 3261 633 3342 adiuerit,
649 3263 718 3344 quia
738 3268 812 3325 tuna
831 3267 902 3323 sunt
915 3261 1027 3342 valida,

68 3347 138 3446 juxta
154 3353 388 3435 probabiliorem
408 3351 598 3415 sententiam.
616 3351 690 3414 Vide
711 3353 743 3414 S.
768 3350 890 3432 Liguor.
904 3397 912 3428 ,
928 3350 981 3412 lib.
997 3355 1028 3428 6,

68 3447 100 3498 n¹¹
112 3445 180 3514 831,
195 3445 268 3506 834.

98 3530 184 3594 aaut.
207 3531 365 3614 Sponsalia
389 3543 541 3593 contracta
560 3547 614 3611 per
638 3527 743 3589 dolum
766 3525 889 3588 dantem
907 3541 1029 3584 causam

65 3622 241 3696 contraotui,
261 3619 447 3706 probabilius
462 3617 591 3680 invalida
611 3633 674 3678 non
688 3623 777 3682 sunt,
793 3615 817 3673 si
831 3613 919 3672 dolus
933 3621 1027 3666 versa-
