2434 3940
376 132 463 178 ursan
483 130 641 181 sucuuuus.
929 117 984 180 lb'.

40 241 53 282 r
72 245 188 307 persnas
209 228 323 292 litteras
346 229 377 290 in
396 229 493 293 lormd
507 231 684 295 Brerium...
707 235 747 295 30
760 251 828 315 aug.
848 237 986 312 tillim,

39 318 202 396 rsepienter
223 319 378 400 provisum
399 317 455 382 luit
471 329 574 383 contra
595 340 805 404 quoscumque
819 323 989 388 sacerdotes

39 427 50 460 r
69 405 458 471 audiendisconiessionibus
468 409 626 492 deputatos
636 409 672 472 ad
682 411 778 492 turpia
788 420 818 474 et
831 413 988 476 inhoneste

39 515 49 547 r
68 495 272 559 sollicitantes:
297 503 327 560 et
348 497 529 580 deinceps...
554 501 571 560 d
596 501 835 582 congregatione
848 503 985 565 Vener...

38 604 49 637 r
69 583 93 645 S.
107 587 138 644 lt.
149 587 183 646 E.
194 586 316 648 Gordiu.
328 586 648 651 adversusbeeretieam
661 589 871 670 pravitatem...
888 591 988 674 lnqui-

37 693 49 726 r
68 672 177 736 sitomm
189 677 224 737 ll
235 675 311 738 febr.
324 678 598 759 l66l,prodierunl
608 681 769 742 Decreta...
779 681 839 741 Nos
848 681 986 762 itaque...

26 778 48 814 ‘r
67 764 988 850 ornniaetsinguladecrelapraedicta...approbamusetconfir·

36 875 46 904 υ
67 869 224 932 mmmm,
235 861 481 937 utquequntenus
489 875 566 937 opus
580 857 617 918 sit
625 857 986 922 denudcommittimus...

37 961 47 992 r·
67 942 193 1006 omnibus
207 943 347 1007 looomm
361 944 562 1008 ordinariis...
577 944 607 1008 iu
621 946 684 1009 suis
697 946 863 1029 respective
875 948 989 1012 dioece·

37 1051 47 1084 r
66 1029 145 1109 sibus,
159 1041 191 1096 ut
205 1033 367 1115 diligenter
377 1035 532 1117 inquirant
545 1041 576 1098 el
589 1035 753 1118 procedant
765 1043 869 1099 contra
883 1055 990 1100 omnes

36 1127 87 1179 ret
100 1121 231 1200 singulos
252 1123 439 1202 sacerdotes,
459 1131 522 1186 tam
544 1125 701 1188 seculares
720 1128 814 1207 quim
836 1127 995 1208 regulares

35 1211 281 1289 »quomodolibet
305 1211 499 1296 exemptos...
525 1213 577 1294 qui
608 1214 741 1296 aliquem
769 1216 987 1298 poenitentem,

35 1317 45 1352 r
64 1315 257 1382 quecumque
277 1321 407 1384 persone
426 1303 475 1364 illa
493 1302 529 1365 sit
541 1351 549 1380 ,
563 1303 608 1364 rel
628 1305 659 1365 in
678 1311 745 1367 actu
766 1307 989 1369 sacramentalis

35 1408 45 1441 r
63 1389 269 1469 confessionis,
280 1393 326 1454 vel
341 1401 411 1455 ante
422 1439 431 1470 ,
441 1392 487 1454 vel
498 1391 669 1454 immediate
679 1401 745 1474 post
754 1393 987 1476 consessionem,

34 1499 43 1532 r
62 1478 100 1539 rel
113 1483 288 1556 occasione,
298 1483 344 1544 vel
360 1489 504 1564 praetextu
517 1481 731 1559 confessionis,
742 1485 787 1544 rel
801 1485 891 1546 etium
905 1493 989 1547 extre

32 1571 245 1632 recensionem
269 1571 466 1634 confessionis
489 1571 520 1633 in
544 1570 770 1647 confessionali,
794 1573 855 1635 siue
878 1573 909 1634 in
930 1575 989 1637 alio

31 1657 120 1722 »loco
140 1659 180 1722 ad
204 1661 409 1724 confessiones
431 1661 598 1724 audiendus
623 1660 770 1722 destinato
793 1669 844 1722 aut
867 1663 987 1743 electo,

31 1765 41 1800 r
60 1747 244 1813 simulatione
255 1751 394 1814 audiendi
405 1751 516 1813 ibidem
528 1748 818 1827 contessionem,ud
833 1750 990 1814 inhonesta

31 1856 41 1890 r
60 1845 84 1898 et
103 1841 202 1922 turpia
223 1841 405 1922 sollicitare,
428 1841 473 1903 rel
497 1857 680 1922 provocare,
702 1839 764 1900 sire
790 1837 904 1914 verbis,
929 1843 990 1903 sivo

30 1945 41 1978 r
59 1930 165 2010 signis,
182 1932 244 1996 sive
260 1932 400 2008 nutibus,
416 1931 477 1994 sive
491 1939 588 2008 tactu,
604 1931 664 1990 sire
679 1945 733 2010 per
746 1927 925 2011 scripturam
939 1937 990 1994 aut

28 2035 39 2069 r
59 2025 195 2084 uncant
217 2031 284 2104 post
304 2022 477 2104 legendam,
497 2018 693 2092 tentaverint,
714 2026 766 2082 eut
785 2037 855 2081 cum
873 2020 917 2082 eis
931 2020 988 2082 illi-

29 2126 40 2159 r
60 2109 125 2172 citos
153 2119 184 2173 et
207 2112 382 2175 inhonestos
403 2129 579 2188 sormones,
602 2107 649 2170 vel
668 2115 810 2171 tractatus
830 2111 988 2172 temerario

30 2217 42 2249 e
61 2213 123 2262 ausu
147 2201 333 2264 habuerint¹
352 2221 361 2280 ;
382 2208 413 2263 et
432 2219 546 2281 quos...
568 2197 733 2280 culpabiles
753 2199 939 2278 repererint,
957 2199 987 2262 in

28 2303 40 2338 ι
59 2303 102 2348 eos
115 2310 172 2371 pro
186 2290 351 2352 criminum
373 2291 554 2372 qualitate„
570 2288 671 2350 severe
685 2287 921 2350 animadvertant
934 2307 988 2370 por

28 2395 38 2428 r
57 2379 220 2460 condignas
234 2398 354 2462 poerras,
366 2381 452 2459 Juxta
466 2385 663 2440 memoratam
678 2377 849 2458 Gregorii...
868 2379 985 2440 Consti-

28 2484 37 2518 r
57 2469 252 2547 tutionem...,
262 2469 367 2531 dantes
377 2470 505 2530 etiam...
521 2466 703 2544 facultatem,
718 2485 756 2528 ne
769 2465 912 2528 delictum
925 2475 986 2530 tam

27 2575 37 2608 r
55 2575 215 2622 enorme...
237 2565 406 2632 remaneat,
422 2558 462 2620 ob
476 2557 690 2638 probationum
704 2554 871 2631 deiectum,
889 2556 987 2635 impu-

25 2665 35 2696 ι
57 2647 209 2725 ritum...,
226 2647 408 2731 procedendi
423 2663 494 2710 cum
511 2646 637 2709 testibus
652 2643 743 2706 etiam
758 2642 984 2721 singularibus,

25 2735 219 2802 rdummodo
246 2737 516 2821 praesumptiones,
537 2733 648 2797 indicia
668 2736 699 2794 et
723 2729 781 2793 ulia
805 2727 985 2794 adminicula

23 2841 35 2876 r
55 2835 245 2892 concurrant.

56 2953 69 2986 r
85 2923 986 3016 llleminerinlpraetereaomnesetsingulisucerdolesadoon·

23 3035 36 3072 t
56 3017 197 3086 sessiones
205 3021 371 3086 audiendas
384 3022 554 3097 constituti,
567 3017 663 3081 teneri
675 3035 706 3078 se
717 3033 753 3078 ao
761 3014 898 3096 obligari,
914 3033 986 3078 suos

24 3125 35 3160 ¹¹
55 3113 245 3191 penitentes,
255 3129 333 3194 quos
342 3113 479 3174 noverint
488 3104 985 3186 abuliisluisse‚utsupresollicita-

23 3214 34 3252 r
55 3206 108 3273 tos,
118 3203 226 3266 sedulo
236 3221 372 3278 mouere,
382 3198 697 3282 juxtaocourrentium
709 3213 835 3258 casuum
843 3193 985 3257 circums-

21 3303 33 3340 Β
53 3293 170 3374 mutius,
185 3293 224 3358 de
236 3292 417 3376 obligatione
426 3286 661 3352 denuntiandi...
672 3285 808 3348 locorum
820 3283 983 3349 Ordinariis

48 3491 53 3518 ¹
67 3483 199 3543 Quomodo
211 3486 260 3538 sint
271 3483 437 3550 intelligendae
446 3479 495 3532 tue
505 3477 577 3532 rarle
589 3478 714 3544 iorruuln,
726 3479 782 3532 rirla
794 3495 928 3547 expensura
941 3494 980 3547 ap.

20 3549 40 3600 S.
52 3553 163 3622 lignos,
176 3560 218 3612 lib.
232 3561 255 3622 6,
270 3561 306 3609 1³¹⁸
318 3552 436 3608 tlt-tm
