2416 3954
888 1 892 3 ,
932 1 1099 64 W

195 166 252 227 tel
403 175 543 226 xaxutxs
562 170 667 226 acuns
685 178 767 226 ruars
788 177 935 226 aaronem.

195 289 248 372 qui
261 287 370 352 deindo
383 285 474 350 refert
486 287 576 348 verba
591 287 680 366 capit.
700 285 785 350 Inter
796 287 873 360 aliu,
890 285 981 350 modll
1000 285 1087 363 citati,
1101 289 1145 350 uhi

196 383 412 441 enumerantur
426 375 615 437 conditiones
628 375 821 438 observandae
836 381 870 436 ιιι
883 375 952 456 quis
972 376 990 438 e
1003 374 1069 438 loco
1082 376 1145 455 asyli

196 465 365 530 extrahatur
388 482 397 527 ι
421 485 438 524 ι
457 463 590 543 Fugiens
608 462 645 525 ad
664 463 833 536 ecclesiam,
860 471 911 526 aut
928 463 1005 526 liber
1025 471 1075 528 aut
1093 485 1147 526 ser·

196 579 211 615 x
235 574 288 616 rus
306 553 429 616 existit:
451 552 475 614 si
490 551 585 626 liber,
601 560 883 633 quantumcumque
898 553 1000 632 gravia
1013 553 1145 616 maleficia

196 668 210 702 a
237 641 467 723 perpetraverit,
491 659 553 702 uon
572 650 615 702 est
634 643 779 704 uiolenter
798 641 837 702 ab
855 641 981 704 eeclesia
1001 642 1145 704 extrahen-

196 755 210 790 ι
235 731 302 805 dus,
320 728 456 792 necinda
469 729 605 790 damnari
620 727 709 790 debet
721 729 758 792 nd
773 737 901 792 mortem
917 729 964 791 vel
978 731 1017 792 ad
1029 749 1145 811 poeuam,

196 843 210 879 n
235 818 288 882 sed
306 823 436 880 rectores
450 818 646 879 ecelesiarum
660 817 716 878 sibi
741 817 878 880 obtinere
898 817 1012 880 debent
1029 821 1110 882 ailam
1122 831 1146 881 et

196 932 210 968 ι
236 907 371 968 membra
393 923 402 968 ι
425 924 515 986 super
530 905 588 968 hoc
599 913 701 968 tamen
715 907 796 986 quod
811 907 916 988 iniqua
930 907 1011 984 lecit,
1030 917 1073 970 est
1085 909 1146 970 aliis

197 1022 211 1058 ι
237 996 372 1076 legitime
389 995 618 1075 puniendus...;
638 995 663 1056 si
678 996 748 1057 xerd
768 1014 871 1058 servus
885 995 985 1073 luerit,
1002 1005 1145 1078 postquam

197 1111 212 1148 a
236 1088 274 1148 de
293 1084 470 1164 impunitate
490 1085 545 1146 sua
566 1082 709 1146 dominus
723 1085 787 1162 ejus
812 1083 928 1147 clericis
950 1086 1143 1162 juramentum

196 1201 212 1238 a
238 1174 419 1258 praestiterit,
434 1170 473 1234 ad
488 1174 643 1236 seruitium
656 1173 771 1234 domini
785 1173 830 1236 sui
842 1173 939 1235 redire
950 1176 1145 1255 compellatur,

196 1289 211 1326 a
235 1265 324 1327 etiam
340 1263 493 1324 inritus.»

236 1355 335 1415 Poenae
354 1359 455 1412 autem
470 1349 662 1430 gravissima,
680 1351 951 1414 excommunicatio
966 1369 1085 1433 nempe,
1096 1353 1146 1434 pri·

196 1444 276 1505 vatio
291 1440 375 1520 asyli,
393 1446 463 1513 ele,
480 1439 510 1500 in
525 1458 577 1501 eos
591 1439 829 1502 decernebantur
841 1441 892 1520 qui
905 1442 955 1518 ius
969 1441 1043 1522 asyli
1060 1443 1146 1504 viola·
1192 1437 1193 1466 ⁴

197 1535 277 1594 baut.
294 1529 369 1590 Vide
383 1529 416 1590 S.
432 1527 566 1607 higuera,
580 1527 623 1589 De
636 1529 795 1610 Priviley.,
810 1541 844 1590 ιι0
858 1534 909 1605 28,
924 1535 954 1592 el
968 1531 1003 1598 C.
1013 1527 1143 1612 Ap.‚Sed.

236 1624 323 1683 4839.
347 1622 402 1683 lus
424 1619 519 1700 asyli,
541 1619 609 1698 jure
630 1618 833 1681 ecclesiastico
856 1625 886 1680 et
904 1620 1005 1697 civili,
1027 1621 1153 1684 omnihus

199 1709 329 1773 eeclesiis
342 1707 530 1790 competebat
540 1707 594 1770 etsi
610 1706 769 1770 interdicte
778 1707 939 1788 subjectis,
959 1709 1022 1772 sire
1035 1711 1152 1792 pollutis,

196 1799 285 1862 etiam
308 1798 434 1874 dirutis,
458 1797 515 1860 nisi
542 1797 668 1859 omniud
690 1795 829 1860 Praestdis
852 1799 1028 1860 auctoritate
1045 1799 1153 1862 luissent

196 1887 378 1968 prolanatae;
403 1887 474 1948 item
499 1903 603 1948 earum
624 1883 766 1966 capellis,
790 1885 942 1960 sacristiis,
967 1889 1152 1963 caemeteriis,

195 1976 430 2056 campanilibus,
447 1975 552 2047 tectis,
567 1974 668 2052 atriis,
690 1973 836 2035 atriorum
850 1973 995 2056 gradibus
1008 1995 1079 2039 cum
1091 1995 1153 2060 qua·

195 2065 332 2144 draginta
355 2063 492 2146 passibus
518 2063 594 2124 ultra
626 2081 681 2143 pro
712 2061 854 2126 Ecclesiia
872 2063 1111 2140 Cetlredralihus‚
1131 2077 1155 2128 et

195 2154 316 2232 triginta
329 2169 385 2232 pro
399 2151 531 2214 ecclesiis
544 2157 627 2212 extra
647 2151 752 2213 munia
766 2151 823 2213 loci
845 2151 1029 2216 cathedralis
1049 2155 1153 2238 positis,
1191 2211 1192 2234 ,

193 2240 361 2304 dummodo
375 2259 436 2302 non
451 2241 667 2302 intercessisset
679 2241 726 2303 via
740 2239 859 2322 publica
879 2247 931 2304 aul
951 2243 1053 2326 aliqua
1071 2262 1154 2306 secu·
1191 2241 1192 2280 l

194 2331 303 2394 larium
316 2329 426 2392 domus
437 2349 445 2406 ;
457 2347 555 2403 secus,
571 2329 595 2390 si
609 2329 720 2393 domus
733 2330 772 2392 sit
785 2329 911 2410 alicujus
926 2331 1039 2396 clerici.
1054 2333 1154 2396 Eadem

195 2420 384 2484 immunitate
399 2419 570 2500 gaudebant
580 2418 737 2500 hospitalia
751 2419 781 2482 in
796 2419 907 2500 quibus
921 2422 1055 2484 exstabat
1068 2423 1154 2503 aliqua

193 2511 306 2594 capella
316 2511 454 2593 publica;
468 2511 539 2572 item
550 2508 678 2570 oratoria
690 2508 728 2570 ab
738 2507 887 2590 Episcopo
898 2518 1009 2588 erecta,
1022 2513 1154 2574 Palatium

193 2601 385 2683 Episcopalc,
411 2605 441 2661 et
454 2598 563 2661 domus
585 2597 770 2678 regularium
790 2615 862 2660 cum
883 2599 945 2661 suis
962 2599 1153 2675 dormitoriis,

193 2691 346 2769 claustris,
357 2689 450 2751 hortis
461 2694 491 2750 et
504 2686 668 2768 porticibus
677 2693 746 2749 ante
758 2685 899 2750 ecclesias
910 2687 958 2750 vel
972 2692 1153 2752 monasteria.

193 2785 235 2844 lta
249 2783 280 2843 S.
304 2779 438 2860 Lignea,
454 2777 499 2842 De
521 2775 715 2856 Pra'cileqr'is,
739 2786 773 2836 ιιο
790 2779 847 2853 25,
870 2776 922 2857 qui
945 2777 1049 2859 addit,
1065 2781 1153 2854 mat,

193 2870 275 2951 qudd
291 2869 321 2930 in
336 2867 455 2930 casibus
468 2865 550 2928 olarb
560 2865 700 2946 exceptis,
714 2864 808 2944 judex
822 2867 974 2930 saecularis
988 2875 1153 2950 poteratper

193 2975 226 3020 se
238 2957 392 3020 extrahere
411 2955 638 3036 delinquentes,
651 2954 735 3035 juxta
749 2971 946 3017 communem
966 2958 1083 3038 praxim
1102 2977 1109 3018 ι
1128 2957 1151 3017 iu

192 3045 285 3108 dubio
299 3043 555 3122 antemiudieium
565 3044 749 3125 exceptionis
760 3043 798 3106 ad
808 3044 992 3126 Episcopum
1002 3047 1149 3130 spectabat

193 3133 345 3216 Quidquid
366 3133 437 3195 verb
462 3131 565 3195 dicant
589 3133 749 3210 nonnulli,
779 3135 862 3214 iuxta
883 3137 1151 3200 cornmunissimam

193 3224 372 3288 sententiam
401 3227 432 3283 et
461 3221 578 3302 praxim
603 3241 824 3300 ommonem,
854 3222 953 3286 elerici
976 3233 1007 3287 et
1036 3223 1152 3307 religiosi

193 3315 273 3376 dicto
290 3313 358 3391 iure
372 3311 445 3392 asyli
463 3329 524 3372 non
545 3311 716 3391 gaudebant
732 3319 869 3393 respectu
884 3331 1008 3376 suorum
1025 3317 1152 3377 Praelato

193 3420 278 3479 rum,
289 3400 341 3480 qui
356 3399 507 3460 habehant
517 3400 566 3478 jus
582 3417 634 3461 eos
643 3402 682 3462 ab
695 3401 828 3464 ecelesiis
841 3401 904 3464 suis
916 3405 1101 3484 extrahendi,
1111 3409 1153 3466 aut

193 3487 321 3554 laciendi
335 3487 447 3550 extrahi
461 3485 559 3565 (ibid,
575 3501 609 3548 n·
622 3491 683 3568 ἐι).
790 3539 793 3547 .

233 3581 321 3642 4840.
345 3575 503 3639 Sublatum
517 3573 570 3636 luit
582 3575 633 3654 jus
646 3577 719 3660 asyli
735 3597 798 3643 nou
811 3581 930 3644 mutum
944 3581 978 3646 in
992 3583 1094 3664 Gallia,
1108 3581 1151 3648 sed
