2498 3966
204 207 262 272 ¹190
421 221 562 272 usmete
582 222 685 273 tortas
705 225 787 272 turris
809 227 959 275 creomcr.

203 349 289 421 sunt,
301 348 368 404 tum
380 339 605 402 advocatorum
635 347 666 402 et
685 349 927 421 procuratorum
942 345 996 426 qui
1020 345 1052 406 in
1071 345 1186 408 iisdem

204 438 430 514 perterreant,
446 436 514 490 tum
529 427 657 490 demum
680 430 818 508 partium
833 430 986 512 ipsarum.
1010 433 1091 496 Tam
1117 453 1186 498 mo·

203 531 390 594 montosam,
403 518 708 599 tamquepracticem
723 519 933 600 quaestionem
942 525 1112 604 praeterire
1122 544 1185 588 acu

203 626 380 693 possumus.
393 605 427 668 in
443 617 639 670 antecessum
651 605 685 672 S.
705 602 794 670 Sedis
808 607 1045 675 declarationes
1065 631 1109 676 ec
1122 633 1186 678 res·

202 717 300 783 ponsa
320 697 498 761 referimus.

241 792 274 852 10
288 789 472 868 Responsum
484 786 520 848 S.
538 783 573 850 0.
590 787 631 850 ad
645 783 749 868 Epire.
762 785 1057 854 Sautittcerceuseua.

241 879 416 961 Episcopus
443 876 710 939 Southwarceneis
725 879 953 960 interrogarit:
982 882 1040 941 «i.
1076 891 1183 944 utrum

201 968 372 1032 advocatus
380 965 547 1028 detondere
559 966 657 1045 possit
684 983 774 1028 reum
789 974 899 1030 contra
914 979 1058 1032 errorem
1079 981 1184 1050 postu-

201 1055 496 1122 iantemdirortium
512 1077 539 1115 r.
554 1053 652 1136 iiesp.
671 1053 708 1119 C.
727 1053 1042 1121 adminuissea:
1061 1085 1077 1117 ι
1092 1061 1183 1124 iiam·
1239 1084 1240 1148 t

201 1147 296 1210 modo
309 1145 464 1227 Episcopo
490 1154 614 1206 constet
627 1144 667 1208 de
689 1144 846 1227 probitate
872 1145 1018 1210 advocati
1038 1159 1071 1210 et
1092 1151 1182 1212 dum·
1239 1149 1240 1154 ’

202 1237 297 1301 modo
311 1235 481 1299 advocatus
492 1233 572 1295 nihil
589 1245 673 1313 aget,
684 1233 797 1316 quoda
814 1236 981 1318 principiis
997 1238 1082 1315 juris
1098 1249 1183 1302 natu·

201 1327 315 1391 ralisct
330 1323 532 1390 ecclesiastici
549 1323 704 1397 deflectat,
728 1341 819 1407 posse
835 1325 979 1387 tolerari.
1003 1351 1016 1383 ι

246 1415 305 1478 ri.
322 1413 432 1476 Utrum
459 1411 552 1475 liceat
579 1414 722 1477 advocati
739 1423 769 1476 et
803 1415 919 1476 actoris
945 1423 1055 1496 partes
1082 1437 1181 1499 agere,
1240 1443 1241 1450 ¹

201 1505 330 1586 quando
353 1501 425 1564 finis
456 1501 521 1563 litis
550 1511 596 1564 est
617 1502 753 1582 simplex
793 1506 956 1585 separatio
982 1505 1110 1587 absque
1123 1508 1183 1570 ulit

201 1593 357 1657 sententia
373 1591 565 1654 matrimonii
583 1591 760 1654 nuiiitatem
778 1609 889 1654 secum
907 1595 975 1674 ipsa
991 1596 1141 1658 trahente
1157 1623 1181 1660 ι.

202 1685 293 1766 Resp.
311 1681 345 1744 C.
360 1685 390 1744 S.
405 1680 444 1747 0.
465 1681 590 1745 idiiec.
607 1680 708 1744 1860:
726 1705 738 1738 r
758 1681 1183 1762 Dummodoparscathoiicr
1241 1670 1242 1762 i

203 1775 328 1838 nulium
343 1771 431 1836 aliud
446 1770 585 1834 tribunal
613 1773 700 1833 adire
722 1774 821 1853 possit
848 1789 865 1832 a
894 1789 960 1853 quo
988 1777 1182 1839 sententiam
1241 1775 1242 1780 ’

203 1863 344 1928 obriraeat
369 1861 577 1942 separationis
615 1860 721 1941 quoad
764 1872 866 1923 torum
903 1871 933 1923 et
974 1880 1122 1926 mensam
1156 1875 1182 1926 et

203 1949 376 2016 dummodo
416 1949 569 2013 sententis
591 1949 686 2030 hujus
720 1948 888 2012 tribunalis
915 1949 1048 2012 nulium
1088 1953 1180 2016 alium

202 2043 316 2104 habeat
331 2039 490 2114 eflectum,
505 2056 600 2119 quam
630 2039 861 2119 separationem
880 2041 1080 2120 praedictam,
1097 2061 1180 2122 posse

203 2131 341 2206 tolerari,
355 2127 542 2191 utcatholici
559 2127 589 2189 iu
605 2143 643 2190 eo
663 2126 731 2190 ioro
746 2129 861 2190 actoris
876 2138 907 2190 et
917 2127 1066 2192 aduocati
1083 2141 1177 2210 partes

203 2228 297 2300 agant
314 2227 345 2280 et
368 2215 543 2280 dummodo
576 2217 679 2278 adsint
703 2217 796 2298 iustae
827 2218 1042 2298 separationis
1069 2239 1172 2292 cause,

199 2307 320 2392 judicio
334 2305 480 2388 Episcopi
493 2315 533 2382 et,
545 2305 658 2388 siquid
671 2305 787 2368 habeat
800 2314 946 2387 praeterea
955 2305 1065 2380 dubii.
1079 2327 1168 2372 recur-

202 2409 250 2462 rat
282 2413 444 2478 exponens
469 2413 579 2459 omnes
607 2393 862 2458 circumstantias
886 2402 919 2458 et
941 2395 1025 2466 ieais
1054 2399 1170 2480 disposi-

203 2491 348 2552 tiones.»

241 2579 273 2639 2⁰
284 2577 467 2658 Responsum
485 2572 521 2636 S.
551 2573 586 2638 0.
603 2576 642 2638 ad
663 2573 844 2656 Episcopum
869 2571 1117 2655 Senpoilerrseur.

243 2667 299 2730 Hic
313 2666 499 2750 quaesierat:
527 2663 627 2726 «aaa
645 2665 676 2727 V.
698 2663 832 2727 :Utrum
850 2663 976 2744 judices
991 2666 1179 2729 cathoiiciet

203 2755 348 2824 advocati
359 2757 389 2817 in
402 2753 615 2816 tribunatibus
624 2753 714 2818 iaicis
727 2769 838 2817 causas
850 2753 1109 2818 matrimoniales
1119 2765 1180 2818 tuta

202 2846 390 2912 conscientia
415 2842 575 2924 suscipere
597 2861 634 2905 ae
661 2841 830 2922 deiendere
851 2843 917 2905 sive
942 2855 1181 2924 cognoscereet

199 2938 344 3017 judicare
363 2935 492 3011 possint.

244 3051 258 3082 ι
276 3025 356 3087 Dub.
371 3023 413 3086 vt
431 3021 565 3085 :Utrum
592 3021 686 3084 iidem
711 3020 834 3100 jndices
848 3029 880 3083 et
895 3019 1054 3097 advocati,
1071 3041 1182 3088 secun

201 3115 277 3176 dum
292 3121 450 3174 recentem
480 3109 630 3174 Helvetiae
656 3111 768 3191 legem,
801 3109 995 3172 matrimonii
1012 3109 1180 3175 vinculum

202 3211 237 3264 ut
253 3201 489 3263 dissolvendum
507 3217 682 3284 proponere
693 3217 748 3262 seu
765 3207 798 3261 ut
810 3197 998 3262 desolutum
1019 3198 1182 3263 decimare

201 3296 268 3348 tnta
297 3290 487 3350 conscientia
523 3289 657 3370 possint,
687 3305 811 3350 necnon
837 3285 998 3351 decimare
1023 3286 1179 3370 ejusmodi

200 3375 347 3454 coniuges
362 3377 402 3439 ad
431 3375 518 3440 eliud
547 3377 785 3440 matrimonium
812 3375 1067 3440 contrahendum
1091 3395 1181 3460 posse

200 3462 343 3538 transire,
361 3463 441 3525 sicut
452 3464 502 3525 lex
518 3466 618 3527 civilis
634 3466 694 3527 hoc
710 3465 742 3527 in
773 3484 848 3528 casu
868 3465 1011 3546 indicere
1033 3475 1067 3528 et
1080 3465 1182 3530 decla·

200 3565 269 3610 rare
279 3551 401 3629 judices
421 3554 699 3632 expressejubetet
712 3563 812 3636 urget.
