2416 3954
224 209 282 274 tac
463 219 601 270 uenulae
621 219 722 268 renos
742 220 824 266 suere
845 218 992 266 cenoman

226 321 354 398 ibidem,
376 319 462 400 §83,
477 317 556 399 apud
572 319 604 379 S.
621 316 797 397 Liguorium
812 314 948 393 (ibidem,
965 325 999 378 n·
1014 319 1092 392 538,
1108 337 1140 398 q.
1156 320 1195 379 ill.

225 447 263 456 -
279 408 513 470 Controvertitur
527 406 617 467 ctiam
632 423 670 466 an
686 404 814 466 sulliciat
828 404 947 467 modica
961 405 1058 468 oratio
1070 406 1196 468 vocalis:

226 498 409 580 probabilius
423 495 524 578 plures
533 494 693 575 requirunt
705 494 811 555 saltem
821 495 959 574 quinque
972 495 1064 557 Pater
1077 502 1110 556 et
1124 499 1198 556 elce:

226 589 256 648 S.
273 588 408 667 lignee,
431 583 557 657 ididem
576 583 628 645 sed
646 581 670 644 si
691 582 861 644 mentaliter
881 591 1003 657 oretur,
1029 583 1152 646 ridetur
1169 603 1198 643 er

227 675 389 737 Benedicta
403 675 469 740 xlv
491 670 583 734 modd
605 670 695 733 citato
714 669 796 752 quod
811 669 940 734 sufficiat
960 671 1095 752 adiicere
1114 671 1199 736 mardi

227 783 292 826 cant
315 765 482 826 orationem
501 759 647 824 vocalem.
669 760 771 822 Oratio
796 767 899 824 autem
921 759 988 823 lieri
1010 759 1104 824 debet
1122 762 1198 840 juxa

227 859 363 915 mentem
378 854 409 915 S.
423 849 589 914 Postumis.

266 944 356 1002 4646.
379 940 464 1002 Circa
486 937 712 1018 eleemosynam,
732 936 910 1018 «praecipue
931 935 1115 1000 attendenda
1139 943 1200 999 sunt

227 1051 243 1088 s
268 1029 358 1091 rerba
371 1027 501 1100 indulti,
518 1026 615 1107 inquit
633 1027 664 1087 S.
686 1024 808 1106 Liguor.
822 1025 885 1102 (lib.
902 1029 933 1102 6,
955 1037 988 1087 n·
1002 1029 1074 1094 538,
1090 1045 1122 1107 q.
1140 1029 1198 1096 xta

228 1139 243 1177 n
268 1136 338 1180 nam
353 1117 378 1179 si
400 1118 430 1178 in
445 1135 482 1178 eo
496 1115 612 1178 dicatur
627 1133 635 1176 :
650 1116 792 1197 quantam
803 1135 861 1196 pro
875 1116 929 1176 suti
942 1115 1047 1197 cuique
1060 1115 1201 1196 facultate

229 1230 243 1266 a
269 1208 360 1268 uisam
370 1205 466 1285 suerit
476 1254 484 1279 ,
495 1211 569 1266 tunc
578 1205 731 1286 quantitas
740 1209 858 1284 oportet
871 1203 1096 1286 proportionari
1110 1207 1202 1283 cujus

229 1319 243 1352 s
268 1313 328 1376 que
342 1293 584 1370 facultatibus...;
601 1293 626 1354 si
640 1293 712 1355 verd
727 1292 852 1355 dicitur:
863 1300 956 1376 prout
969 1293 1124 1376 unicuiqae
1142 1313 1201 1372 sap

229 1407 244 1442 a
269 1393 350 1464 peret
363 1381 499 1451 devotio:
514 1381 573 1459 vel,
588 1383 731 1464 quautam
743 1381 867 1463 quisque
875 1401 934 1464 pro
946 1381 1079 1443 arbitrio
1084 1383 1201 1463 judiac-

228 1495 243 1529 n
269 1474 365 1536 uerit:
379 1477 453 1534 tunc
467 1471 583 1552 Pasq...
599 1470 672 1533 dicit
686 1472 909 1551 eleemosynam
924 1469 1110 1552 erogandam
1125 1473 1201 1551 juxti

228 1581 244 1620 r
268 1561 415 1642 cujusque
426 1559 590 1622 facultates.
605 1560 663 1621 Sed
676 1561 710 1621 F.
722 1559 837 1622 Theod.
851 1563 868 1621 a
880 1561 992 1640 Spiritu
1003 1562 1117 1622 Sancto
1130 1570 1202 1622 tene:

229 1671 244 1710 n
269 1648 406 1712 sullicere
429 1649 595 1724 quamlibet
617 1647 706 1710 etiam
728 1647 879 1710 modicam
899 1649 1099 1729 quantitatem
1114 1649 1201 1730 (quot

229 1762 244 1798 o
271 1737 454 1820 probabilius
467 1737 612 1814 videtur);
629 1737 653 1798 si
671 1736 794 1798 tandem
812 1735 922 1799 dicitur
940 1736 1120 1820 simpliciter
1137 1760 1143 1798 :
1160 1739 1203 1820 pei

230 1852 244 1888 o
270 1827 380 1890 dederit
394 1827 622 1908 eleemosynam,
637 1825 886 1906 distinguendum
899 1846 907 1886 ε
919 1827 944 1888 si
958 1828 1039 1908 Papa
1053 1845 1123 1888 mm
1140 1831 1205 1910 pisa

229 1941 243 1977 s
271 1917 345 1980 tutet
355 1918 472 1978 tantiam
487 1916 523 1977 ad
539 1913 738 1978 exercendam
754 1914 990 1977 misericordiam
1000 1916 1031 1977 in
1045 1933 1203 1998 pauperes,

229 2030 244 2063 s
270 2015 342 2067 tunc
356 2005 502 2066 sufficit...
522 2005 594 2066 dare
614 2003 780 2086 quamlibet
798 2022 971 2080 summam3
987 2023 1077 2068 secus
1090 2007 1117 2067 si
1132 2009 1204 2069 elec-

229 2117 244 2150 »
270 2111 397 2174 mosyna
410 2093 582 2173 exposcitur
596 2094 627 2153 in
642 2093 809 2156 subsidium
822 2093 948 2172 alicujus
962 2111 1064 2174 operae
1079 2095 1175 2176 pise...
1189 2119 1200 2152 .-

268 2185 357 2243 4650.
384 2181 429 2241 Ab
451 2181 642 2262 eleemosyna
662 2181 796 2244 laelandi
820 2181 1007 2263 probabilitas
1022 2201 1081 2264 per
1099 2203 1131 2245 se
1150 2203 1200 2246 noc

229 2271 404 2332 eximuntur
420 2287 583 2350 pauperes,
602 2289 660 2332 nec
673 2271 823 2352 religiosi,
840 2289 897 2334 nee
910 2289 1041 2348 uxores,
1067 2291 1125 2336 nec
1147 2275 1203 2344 titis

229 2359 366 2434 lnmililts3
381 2357 602 2422 sollicitantem
617 2367 650 2422 ut
663 2359 750 2422 detur
764 2363 781 2422 a
795 2359 1019 2442 Superioribus,
1036 2361 1097 2424 illis
1111 2367 1200 2426 scien·

229 2449 325 2524 tibus;
337 2449 362 2512 si
378 2448 521 2530 Superior
535 2448 665 2512 noluerit
678 2448 762 2524 dare,
779 2449 906 2530 petenda
920 2455 966 2511 est
978 2454 1200 2515 commutatioi

230 2539 424 2602 confessario.
440 2539 676 2600 Controvertitur
688 2555 727 2600 an
738 2537 898 2601 lubilaeum
909 2539 1050 2618 lucriliat,
1061 2559 1135 2604 casu
1147 2563 1202 2624 quit

229 2630 298 2691 data
309 2627 421 2690 famulo
429 2627 636 2708 eleemosyna,
652 2628 801 2708 posteaab
813 2629 877 2709 ipso
891 2603 1202 2716 pauperibusnondisl

229 2715 427 2796 tribuitur‚vel
438 2716 1201 2797 nonnisiclapsotemporeJubilaei:conceduntau-

229 2803 936 2888 temLugoctSporernonlraudnriindulgentia
947 2805 1201 2886 quidederitetea

229 2915 387 2976 mosynam
404 2895 527 2976 pauperi
550 2893 632 2956 siclo.
645 2893 731 2972 (Vide
746 2895 776 2956 S.
794 2895 872 2975 Lig.,
885 2893 936 2956 lib.
954 2899 983 2968 6,
1001 2897 1079 2967 538,
1097 2917 1128 2979 q.
1144 2889 1201 2970 llll

267 2987 357 3046 4654.
383 2983 466 3058 Circa
483 2981 659 3064 jejuniam,
679 2983 901 3045 observandum
924 2985 1030 3046 estad
1059 2985 1090 3048 id
1112 2995 1197 3050 tenen

229 3073 318 3132 ctiam
329 3072 474 3150 iuvenes,
490 3089 593 3148 senes,
609 3079 660 3134 aut
674 3071 827 3142 infirmos,
845 3071 869 3133 si
883 3071 975 3133 velint
992 3071 1106 3138 lucrari
1121 3075 1200 3146 luia-t

230 3159 335 3235 iseum3
347 3158 398 3221 sed
409 3177 464 3239 pro
474 3159 517 3220 eis
531 3160 563 3222 in
572 3161 653 3223 aliud
662 3179 739 3241 opus
752 3161 930 3224 commutari
947 3167 1047 3242 potest
1060 3166 1079 3226 d
1092 3147 1200 3228 costel

228 3267 317 3308 sarto.
336 3247 365 3309 Si
380 3255 501 3322 nutem,
522 3247 571 3308 die
585 3249 622 3309 ad
634 3249 834 3330 jejunandum
853 3251 1028 3332 praescripta
1041 3297 1052 3330 ,
1067 3273 1161 3318 occur

228 3335 327 3415 aliqua
350 3355 387 3398 ex
409 3335 671 3416 principalioribus
694 3339 765 3400 anni
789 3339 1030 3418 Festivitatibus,
1054 3343 1168 3424 jejunio

228 3422 265 3484 ad
279 3423 368 3485 aliam
382 3423 463 3485 diem
482 3441 536 3504 per
549 3425 743 3488 ordinarium
764 3435 810 3489 est
827 3427 1086 3494 transferendum.
1101 3431 1146 3495 'lb

228 3511 326 3573 Tolos.
343 3511 417 3571 Vide
433 3511 556 3591 insuper
569 3513 647 3575 dieta
662 3533 752 3596 supra
766 3519 877 3594 (4639).

267 3601 356 3664 4662.
373 3598 456 3662 Circa
481 3597 710 3682 consessionem,
726 3604 893 3668 notandum
909 3604 993 3667 illam
1013 3623 1084 3672 esse
1103 3629 1123 3672 n
