2434 3940
167 224 223 286 rat
383 232 520 285 atroam
540 229 641 278 rorrus
662 227 744 276 rums
764 225 913 274 aaronica

167 333 340 417 regulariter
360 329 433 394 levis
453 329 558 392 saltem
582 325 778 409 poenitentia;
798 344 827 388 v.
845 343 889 407 g,
905 323 1060 406 percussio
1073 341 1143 406 pec·

167 423 255 497 toris,
277 419 426 485 invocatio
449 417 579 482 nominis
599 416 686 486 desa,
711 415 795 478 aliive
815 415 856 496 pii
878 420 980 476 motus
995 433 1004 489 ;
1021 411 1145 475 Ilituale

167 521 267 577 autem
291 511 450 573 Romanam
465 506 556 570 dicit:
572 505 685 588 AEpris
707 524 763 566 aaa
776 523 833 566 esse
848 501 1055 585 injungendam
1070 521 1145 584 gra-

168 595 535 684 compatientiam
555 593 736 657 indicendam
762 594 875 654 tantiam
895 592 983 654 illum
1007 610 1096 674 quom
1119 591 1154 653 si.

169 689 385 762 convaluerint,
396 694 556 769 opportuno
571 693 697 766 tempore
710 687 858 764 peragant
873 701 883 742 .·
899 686 928 743 et
940 681 1020 742 idem
1034 679 1148 742 dicitur

171 783 201 842 in
216 798 284 862 cap.
300 777 348 841 At
360 774 507 858 infirmia,
521 777 559 836 26
570 821 578 852 ,
589 773 712 855 q.8;3⁰
728 771 915 833 nontantiun
930 769 1077 851 corporis,
1093 768 1149 831 sed

171 871 260 932 etiam
275 866 368 930 animi
382 865 518 926 debilitas
535 869 710 946 potestesse
725 860 875 922 sulliciens
893 859 969 921 ratio
983 877 1037 922 cur
1051 859 1151 940 poeni-

173 958 263 1020 tentia
273 958 438 1032 minuatur,
455 953 620 1035 praesertim
636 949 758 1033 quando
768 950 891 1012 timetur
905 948 986 1029 quad
997 950 1151 1030 poenitrns

173 1047 254 1110 illam
270 1065 331 1108 non
345 1043 508 1125 adimpleat
524 1061 531 1103 :
549 1041 629 1104 unde
643 1043 674 1104 S.
694 1039 863 1102 Antoninus
878 1037 998 1099 aiebat:
1023 1037 1152 1100 «Debet

172 1159 187 1196 a
212 1135 411 1198 confessarius
424 1133 496 1193 dare
509 1131 598 1193 talem
614 1130 820 1212 poenitennam
833 1145 942 1208 ,quam
957 1125 1062 1190 credat
1076 1127 1153 1189 reri-

172 1247 187 1283 a
213 1225 349 1285 similiter
363 1221 559 1303 penitentem
580 1219 721 1300 implere.
737 1237 776 1282 ne
797 1217 893 1298 ipsam
911 1216 1050 1278 violando
1065 1216 1152 1279 dete·

174 1336 188 1372 o
213 1312 275 1374 riirs
289 1313 315 1372 ei
330 1311 484 1390 contingat
498 1329 532 1370 a:
550 1328 611 1371 non
630 1310 712 1370 enim
732 1307 915 1390 poenitentiae
938 1314 1008 1369 sunt
1030 1309 1153 1368 matum

175 1399 368 1482 injungendae
392 1418 446 1482 pro
470 1399 611 1479 qualitate
631 1397 810 1471 criminum,
826 1414 863 1457 ex
882 1393 996 1458 concil.
1013 1395 1151 1458 Trident.

60 1525 71 1532 -
175 1509 266 1571 supra
280 1489 389 1566 relata,
401 1488 454 1550 sed
463 1489 551 1550 etiam
565 1486 675 1548 debent
686 1485 894 1547 essesatatares
903 1493 931 1546 et
941 1485 1152 1559 conuenienter,

174 1598 229 1661 prta
247 1578 452 1661 penitentiam
468 1576 638 1659 facultate:
660 1574 741 1656 quod
764 1571 1011 1636 confirmaturos
1032 1573 1157 1636 Ritaali

180 1669 321 1741 Rolnam,
334 1666 522 1729 ubidicitur:
538 1687 553 1722 ι
567 1665 722 1727 Postremo
735 1661 934 1726 confessarius
947 1661 1111 1724 salutarem
1126 1672 1157 1726 et

177 1782 192 1818 a
218 1756 447 1819 convenientem
465 1749 714 1829 satisfactionem,
731 1754 878 1834 quantiam
901 1751 1022 1835 spiritus
1035 1759 1067 1814 et
1081 1773 1156 1836 pru-

178 1869 193 1906 n
218 1847 317 1907 dantia
332 1846 530 1926 suggesserit,
547 1843 699 1923 injungat,
716 1841 813 1902 lraltitlt
829 1841 1068 1921 neocaesarius,
1084 1861 1159 1906 con·

179 1957 193 1994 a
218 1935 360 2007 ditionis,
376 1937 482 2007 saxia,
498 1933 631 1995 etaetatis
646 1940 675 1992 et
688 1930 887 2012 dispositionis
898 1931 1121 2013 paenitentiam.
1138 1958 1154 1991 u

180 2021 234 2084 Ubi
256 2020 386 2082 notanda
405 2029 474 2082 sunt
496 2022 601 2082 ultima
615 2020 705 2081 rerba
723 2019 922 2101 dispositionis
931 2021 1156 2102 poear'teruium.

219 2113 308 2171 3832.
327 2113 448 2183 iterem,
460 2117 491 2170 ut
502 2109 625 2170 adrertit
638 2111 669 2172 S.
685 2109 816 2171 Thomas
830 2107 977 2186 (Ouadlr'b.
988 2113 1023 2182 3,
1035 2119 1093 2172 art.
1109 2117 1157 2192 l):

183 2223 198 2258 ιι
220 2199 248 2260 Si
264 2198 418 2279 contingat
433 2197 512 2279 quod
528 2198 667 2260 sacerdos
681 2199 831 2260 mitiorem
846 2197 1078 2262 satisfactionem
1097 2202 1159 2264 im-

180 2311 195 2347 o
220 2295 348 2369 ponat...
366 2285 561 2348 nihilominus
576 2291 727 2369 paenitens
747 2287 784 2349 ad
805 2287 918 2369 aliquid
933 2288 1059 2352 ulterius
1076 2291 1160 2354 obli-

181 2399 196 2436 n
221 2386 317 2456 gutur,
333 2375 414 2457 quod
438 2376 462 2438 si
485 2377 514 2438 in
536 2375 592 2438 laic
608 2379 665 2439 vita
681 2395 741 2440 non
758 2377 912 2459 perficiat,
928 2377 959 2439 in
979 2379 1160 2461 purgatorio

180 2487 195 2524 o
221 2463 351 2528 exsolvet
365 2485 399 2542 a;
415 2465 467 2528 sed
482 2465 645 2529 dicendum
669 2471 714 2528 est
733 2485 803 2529 cum
819 2474 933 2529 ticrson
950 2487 957 2530 :
975 2470 1098 2532 rtatilrs
1114 2479 1161 2534 cst

181 2577 195 2614 o
220 2571 291 2644 eum
316 2557 405 2636 parari
428 2555 621 2636 paenitentia,
637 2575 705 2636 quae
726 2562 832 2637 sponte
852 2557 1014 2639 suscipitur·
1031 2567 1060 2620 et
1079 2563 1159 2623 reri-

181 2668 195 2704 a
222 2639 357 2706 similiter
378 2643 569 2726 adimpletur,
581 2645 692 2708 ducere
706 2647 858 2709 confessos
873 2645 910 2708 ad
925 2650 1159 2730 Purgatorium,

180 2757 196 2792 a
221 2739 325 2816 quim,
338 2753 410 2797 cum
424 2739 533 2817 magna
548 2752 610 2797 non
631 2729 799 2816 implenda,
815 2729 1001 2819 praecipitare
1015 2739 1047 2800 in
1061 2739 1160 2804 lnior·

27 2885 29 2890 ,
181 2846 195 2884 a
222 2843 340 2885 num.»

222 2914 311 2974 3833.
335 2910 503 2990 Caeterum,
527 2913 624 2994 inqua
646 2918 678 2976 S.
704 2913 826 2996 Lignor.
848 2915 911 2986 (lib.
934 2919 973 2995 6,
997 2919 1032 2979 n⁰
1051 2921 1114 2982 509
1129 2921 1161 2984 in

25 3051 29 3058 ,
181 2999 272 3084 fiam:
292 3022 307 3058 ι
329 2995 418 3062 Extra
441 3019 545 3063 casum
567 3003 749 3084 gravissima
773 3005 972 3082 infirmitatis,
993 3023 1044 3070 aut
1067 3009 1158 3074 reho-

181 3111 197 3149 ιι
223 3081 417 3150 mantissimtr
427 3091 652 3155 contritionis...
666 3111 729 3155 non
741 3093 819 3155 bene
832 3103 934 3176 ageret
944 3094 1160 3180 confessarius,

6 3205 43 3274 „3
72 3259 73 3262 Ἴ
182 3201 196 3236 a
222 3173 246 3239 si
262 3195 316 3258 pro
330 3177 426 3258 culpis
441 3179 616 3242 mortalibus
631 3181 801 3265 injungeret
819 3183 1030 3248 Paenitentiam
1050 3205 1107 3270 per·
1130 3210 1162 3254 se

182 3287 196 3326 a
222 3259 339 3344 levem,
355 3285 423 3352 quaa
438 3267 533 3329 lovem
548 3267 655 3330 inierat
668 3273 894 3354 obligationem.
910 3277 993 3337 Licet
1012 3279 1120 3358 enim,
1137 3281 1160 3343 si

182 3377 197 3413 u
222 3347 406 3456 eamdent,
422 3356 595 3438 impanatur
608 3377 685 3440 opus
699 3361 780 3443 quod
792 3363 1001 3446 respectiread
1016 3376 1159 3450 peccata,

183 3463 197 3503 a
222 3452 260 3505 srt
273 3446 337 3506 leve
348 3491 357 3523 ‚
369 3452 468 3508 tamon
484 3449 660 3529 regulariter
669 3469 788 3534 semper
802 3453 988 3535 injungenda
1001 3462 1046 3517 eat
1058 3457 1162 3541 aliqua

183 3551 198 3593 a
223 3535 398 3616 poenitentia
412 3537 525 3616 gravia,
541 3555 610 3617 quaa
622 3557 744 3618 gravent
761 3542 883 3604 inducat
897 3543 1125 3626 obligationem.
1141 3569 1157 3608 a

223 3623 321 3708 ³834..
336 3623 430 3687 Porro
450 3631 596 3709 tanquam
610 3625 683 3689 laris
697 3631 876 3701 ooenitentia
888 3636 1092 3699 communiter
1104 3636 1159 3700 hn-
