2474 3946
398 243 483 289 tissa
504 243 661 290 00000000.
960 230 1018 290 465

18 409 20 424 ‚
58 343 81 403 S.
97 340 213 420 Lipunr.
232 341 299 420 (4444.
314 345 346 412 a,
360 353 392 403 n⁰
406 346 481 416 864,
496 341 612 424 prodat.
629 344 670 418 5⁰)
682 362 689 418 ;
699 340 780 405 unde
793 340 1019 405 Matrimonium

18 427 20 508 ζ
59 432 82 491 in
96 430 267 493 intidoiitato
281 439 481 505 contractum,
495 429 664 494 efficeretur
677 438 897 494 sacramentum
914 431 938 492 si
954 437 1020 513 post

18 509 20 582 ἰ
59 519 234 601 baptismum
259 529 416 601 ouansque
440 519 599 602 conjugis,
622 537 789 583 consensus
814 527 1017 584 renovaretur.

18 599 19 660 4
59 609 124 669 bicit
137 616 239 671 tarncn
253 609 387 671 Carribre
399 610 429 670 in
444 627 500 672 suo
516 607 745 690 Compendio(n⁰
760 609 829 687 278)
843 626 905 670 non
921 609 1020 690 vigere

60 697 163 776 praxim
178 698 223 760 sic
234 697 628 760 renovandioonsensumin
640 696 819 758 missionum
829 697 1019 777 regionibus3

60 783 116 846 tide
128 785 218 848 etiam
235 785 322 862 ittet,
338 794 371 848 n·
386 790 455 850 tau.

93 877 177 936 tros.
199 875 435 938 Controvertitur
448 894 487 938 an
501 874 577 938 adsit
591 879 813 938 sacramentum
833 891 872 936 ex
890 881 973 956 parte
987 874 1022 935 44-

60 961 140 1038 detis,
159 981 232 1026 casu
250 982 312 1044 quo
334 982 388 1046 per
410 963 685 1045 dispensationem,
700 963 751 1026 ubi
766 969 811 1024 est
833 964 1021 1039 neccssaria,

62 1052 278 1114 matrimonium
290 1052 344 1114 init
353 1071 423 1115 cum
435 1051 841 1116 intideli:haeccontroversia
851 1069 912 1113 non
924 1070 1025 1132 proce·

18 1187 19 1194 ,
61 1137 98 1201 dit
116 1139 146 1204 in
169 1141 319 1203 sententia
341 1160 410 1223 quae
432 1147 515 1204 tenet
532 1141 718 1204 sacerdotem
741 1158 807 1203 esse
829 1139 1023 1218 ministrum,

18 1289 19 1296 ,
61 1229 138 1306 cim,
154 1229 185 1291 in
199 1247 272 1292 casu
293 1230 463 1312 supposito,
478 1231 705 1293 matrimonium
716 1247 777 1292 non
796 1227 833 1291 sit
847 1227 1026 1291 benedicen-

18 1333 19 1370 2
62 1315 137 1378 dnm.
148 1319 304 1396 (Carribre,
321 1318 407 1394 idid,
423 1329 457 1380 n⁰
468 1321 549 1398 454.)

18 1435 19 1484 1
95 1409 180 1468 4463.
204 1407 264 1468 Pro
284 1408 478 1470 matrimonio
498 1407 706 1470 hereticorum
727 1407 773 1470 vel
792 1425 863 1471 oum
876 1407 1025 1472 haereticis

63 1493 144 1571 inito,
158 1493 225 1556 ride
248 1496 382 1558 Carribre
411 1494 507 1573 titio..
533 1508 567 1558 0ο
587 1501 670 1576 4640
688 1515 750 1558 000
773 1505 818 1559 004
837 1504 937 1559 autern
951 1517 1024 1559 con-

18 1559 20 1652 i
62 1583 179 1646 suetudo
190 1584 271 1665 apud
286 1603 341 1648 nos
355 1586 436 1666 quod
451 1593 518 1668 post
535 1587 764 1648 conversionem
782 1585 1025 1648 benedictionem

18 1689 20 1760 p
64 1671 218 1751 nuptialem
237 1673 395 1755 accipiant.
563 1745 565 1749 ,

18 1817 19 1854 ,
97 1764 182 1825 4464.
204 1763 248 1824 440
262 1761 508 1843 dispositionibus
524 1768 624 1826 autern
638 1763 788 1844 requisitis
801 1761 839 1824 ad
851 1760 943 1842 digne
953 1763 1028 1824 reoi-

18 1917 19 1934 ,
66 1846 199 1926 piendum
224 1851 407 1913 Matrimonii
428 1858 677 1927 sacramentum,
705 1850 772 1911 ride
798 1849 965 1930 theologos.
994 1853 1028 1912 ln

67 1937 157 2000 mattis
169 1939 350 2002 dioecesiirns
362 1940 510 2002 consessio
526 1939 746 2021 praescribitur:
763 1957 832 2019 quae
846 1939 1029 2021 praescriptio

19 2039 21 2080 t
67 2031 105 2083 est
115 2025 297 2090 observanda
310 2029 362 2090 ubi
376 2030 472 2110 riget3
488 2029 541 2090 sed
557 2025 676 2090 [4440040
689 2027 851 2090 Romanum
872 2027 932 2090 vuit
949 2029 1027 2091 dun-

67 2116 136 2175 taxat
148 2122 181 2178 04
194 2117 297 2198 sponsi
311 2117 531 2181 admoneantur
545 2126 588 2192 ut,
604 2125 758 2198 antequam
773 2117 961 2193 contradant,
976 2139 1028 2181 sao

65 2213 168 2278 peccato
180 2205 344 2287 dr'lt'peater
357 2207 551 2290 emrfiteontur
560 2215 589 2269 et
599 2207 651 2290 pie
663 2207 1028 2289 recipiantsonctiosr'mom

68 2287 291 2357 Euetoristr'om.
315 2295 406 2358 Jubet
423 2303 524 2358 autem
538 2303 571 2358 ut
584 2295 733 2378 parochus
746 2305 860 2378 quaerat
873 2315 911 2359 an
927 2299 1029 2378 sponsi

20 2389 23 2484 p
67 2377 150 2440 seiont
163 2382 331 2446 rudimento
343 2383 415 2465 [idei
423 2430 433 2458 ,
448 2387 511 2446 cam
524 2404 557 2446 eo
571 2385 672 2448 deinde
684 2385 765 2467 filios
782 2405 846 2447 suos
865 2386 964 2448 dooere
980 2387 1029 2449 de·

20 2487 22 2564 p
70 2463 152 2531 40004.
167 2471 245 2534 Vide
255 2473 300 2535 De
308 2471 398 2556 Syn..
415 2472 467 2534 lib.
484 2477 520 2551 8,
536 2491 564 2538 o.
581 2477 633 2550 44;
650 2475 743 2553 Gury,
759 2481 833 2534 tom.
850 2478 885 2546 2,
899 2484 932 2534 n⁰
947 2479 1028 2551 585;

68 2555 220 2634 Analecta,
234 2561 316 2640 janu.
333 2566 431 2641 4854,
446 2562 504 2625 004.
515 2566 649 2625 aot-ror
662 2583 670 2638 ;
682 2569 712 2623 et
725 2579 817 2642 supra
829 2559 907 2622 dicta
918 2565 1029 2640 43446).

20 2637 22 2727 i
101 2649 187 2712 4465.
211 2650 256 2712 440
273 2651 453 2713 coeremoniis
472 2655 503 2713 in
526 2651 726 2713 celebratione
747 2649 929 2709 matrimonii
951 2649 1033 2710 adhi-

21 2727 23 2818 4
69 2731 180 2816 bondis,
196 2738 240 2801 sic
254 2738 345 2802 habet
358 2740 479 2803 Rttaole
495 2741 655 2802 Romanam
672 2758 709 2798 :o
724 2739 868 2798 Caveat...
884 2735 1031 2816 parochus

21 2819 23 2870 4
69 2842 81 2878 r
103 2843 158 2905 ne,
182 2828 306 2909 quando
319 2830 463 2910 conjuges
484 2830 515 2891 in
536 2827 641 2910 primis
664 2825 777 2906 nuptiis
791 2823 1032 2888 benedictionem

69 2915 290 2997 racoeperint,
314 2935 367 2980 eos
396 2919 428 2978 in
454 2917 596 2980 secundis
625 2914 806 2992 benedicat,
837 2913 898 2977 siva
924 2915 1033 2976 mulier

70 3019 82 3056 r
101 3003 159 3067 sire
170 3005 262 3068 etiam
276 3005 320 3068 vir
333 3005 372 3068 ad
386 3006 534 3068 secundas
548 3006 669 3087 nuptias
684 3009 834 3079 transeat3
851 3002 902 3066 sed
916 3002 967 3066 ubi
987 3003 1030 3065 vi-

70 3109 83 3144 r
102 3101 148 3172 get
165 3095 372 3174 consuetudo,
387 3105 420 3157 ut
435 3096 458 3158 si
474 3095 582 3156 mutier
597 3093 712 3156 nemini
726 3111 863 3174 unquam
878 3093 1031 3174 nupserit,

71 3198 83 3232 r
102 3181 216 3244 etiamsi
225 3183 270 3245 vir
283 3183 373 3246 atium
389 3203 515 3246 uxorem
525 3183 672 3259 habuerit,
685 3183 797 3265 nuptiae
805 3183 1032 3264 benedicantur,

70 3286 83 3322 r
103 3287 134 3332 ea
155 3271 302 3334 servanda
322 3280 387 3350 est,
415 3272 468 3336 sed
495 3271 612 3334 04000Ι
630 3271 749 3354 nuptias
777 3291 839 3335 nou
860 3272 1031 3352 benedicat,

98 3425 105 3452 ⁰
120 3423 144 3474 Si
161 3425 212 3492 jam
230 3426 304 3478 {uerit
323 3426 461 3488 benedicta,
475 3427 531 3478 ride
544 3427 577 3479 iia
590 3427 681 3489 Herdt,
698 3443 723 3494 p.
740 3427 765 3489 6,
778 3430 805 3478 n⁰
815 3427 860 3488 344,
878 3427 907 3488 44,
919 3425 978 3481 noto
990 3431 1033 3490 t·;

71 3490 177 3558 Ferraria,
188 3509 217 3544 vo
227 3498 386 3559 Benedicerc,
404 3506 452 3548 art.
464 3499 487 3559 4,
500 3509 529 3548 n⁰
544 3497 584 3550 44.
597 3499 793 3551 controvertitur
810 3507 891 3550 utrum
908 3503 954 3548 iub
965 3499 1034 3563 gravi

71 3565 336 3702 probitpeapppopptmm
350 3570 506 3622 benedicere.
519 3569 655 3640 Laqueus,
669 3582 699 3620 ιο
709 3571 771 3631 art,
786 3571 813 3621 tn
828 3573 886 3634 fiac.
899 3569 958 3618 4400
972 3569 1033 3615 intra

86 3649 165 3688 runa
263 3676 269 3690 .
