2482 3944
423 293 509 341 unrn
530 293 687 342 succubus.
1027 275 1044 342 i

72 391 191 452 minime
205 389 366 474 corrumpi
379 393 495 474 species
508 392 568 454 vini
581 440 588 466 ,
600 390 673 454 alias
684 389 833 455 desineret
845 411 910 456 csse
924 393 1047 474 sangnis

72 480 207 555 Domini3
224 499 283 542 nec
304 498 445 557 rursum,
460 482 526 544 sine
550 485 627 544 nova
641 485 866 545 consecratione
879 483 1045 548 etlioorctur

72 568 158 648 ipsius
174 570 311 650 sanguis.
328 568 405 632 Vide
419 571 450 632 S.
466 572 587 652 Liguor.
604 569 669 648 (ib,
686 574 799 646 midi,
816 591 846 653 q.
863 575 904 648 2).

106 657 185 719 Nulli
207 665 312 720 tamen
334 658 451 722 licitum
474 667 519 722 est
541 660 573 721 in
585 659 657 721 vino
671 660 828 741 congelato
850 679 1043 739 consecrare;

72 745 119 805 sed
132 745 220 808 ratde
229 747 387 827 probabile
401 755 447 810 est
458 748 538 812 licite
551 766 640 830 posse
653 749 820 810 consecrari
835 750 939 811 vinum
952 750 1047 830 tique·

73 832 180 896 tactum
195 851 232 898 ex
248 837 333 916 prius
347 839 505 920 congelato
522 859 529 900 ι
546 855 619 900 casu
641 843 743 899 autem
757 855 818 918 quo
836 837 938 900 illicite
952 855 1047 900 secer-

74 922 122 984 dos
135 932 344 987 consecrasset
356 927 460 988 vinum
480 933 548 990 actu
563 926 774 1007 congelatum,
789 925 956 988 tenendum
969 933 1048 989 esset

74 1029 124 1091 pro
137 1019 328 1090 consecrato,
340 1015 422 1094 quia,
435 1016 475 1077 ait
488 1016 519 1078 S.
535 1015 671 1095 Lignor.,
687 1015 834 1076 sententia
848 1033 962 1096 negans
973 1015 1046 1076 illud

73 1101 165 1163 aalide
182 1119 272 1182 posse
292 1106 483 1182 consecrari,
506 1105 589 1166 nulla
608 1102 700 1185 pollet
723 1103 818 1164 solida
841 1104 1046 1186 probabilitate

73 1189 132 1265 (lib.
145 1193 184 1260 6,
201 1199 235 1250 n⁰
250 1195 319 1264 207,
333 1192 364 1252 in
378 1191 460 1273 fine).

108 1281 199 1340 3366.
224 1279 303 1342 Vino
318 1279 525 1344 consecrando
539 1281 658 1344 modica
678 1299 756 1362 aqua
771 1287 814 1342 est
834 1279 1045 1360 admiscenda,

73 1385 130 1428 non
157 1369 334 1430 necessitate
354 1371 551 1446 sacramenti,
567 1371 620 1432 sed
639 1377 740 1432 tarmn
763 1370 904 1452 praecepti
919 1371 1046 1451 graviter

72 1455 232 1536 obligantis
247 1477 254 1531 ;
271 1459 313 1518 sic
332 1459 414 1519 enim
438 1458 527 1520 babet
550 1459 669 1521 rubrica
689 1460 838 1521 Missatis:
860 1481 875 1518 c
899 1459 966 1521 Si...
984 1479 1046 1521 non

71 1565 85 1600 n
108 1544 200 1605 tuerit
222 1545 353 1608 admixta
374 1566 471 1626 aqua,
487 1547 534 1610 vel
554 1547 641 1609 luerit
656 1547 786 1610 admixta
809 1565 887 1628 aqua
906 1565 1045 1624 rosacea,

71 1654 85 1689 ι
107 1651 161 1694 seu
183 1633 305 1695 atterius
328 1633 545 1712 distillationis,
561 1637 721 1700 coniicitur
739 1643 978 1716 sacramentum,
994 1637 1047 1700 sed

72 1743 85 1778 r
107 1721 274 1784 conficiens
288 1725 417 1804 graviter
432 1733 571 1806 peccat...

109 1831 123 1868 n
149 1813 182 1874 Si
197 1811 365 1890 celebrans,
377 1821 446 1875 ante
461 1815 721 1877 consecrationem
729 1813 1048 1889 calicis‚advertatnon

71 1921 86 1958 r
109 1899 203 1963 luisse
219 1903 387 1983 appositam
410 1921 541 1984 aquam,
557 1903 656 1964 statim
681 1907 772 1982 ponat
794 1919 861 1961 eam
876 1907 905 1962 et
919 1901 1049 1982 proterat

72 2011 86 2046 ι
108 1992 199 2052 rerba
213 1993 448 2054 consecrationis
465 2015 471 2054 :
488 1993 512 2054 si
528 1991 557 2054 id
568 1991 700 2053 advertat
713 1995 778 2071 post
792 1991 1047 2052 consecrationem

72 2100 85 2135 ι
106 2079 231 2152 calicis,
249 2081 332 2141 nutto
356 2080 447 2144 modo
471 2089 603 2163 apponat
618 2098 625 2140 :
642 2081 713 2162 quia
731 2097 792 2140 non
807 2085 852 2142 est
864 2079 902 2143 de
917 2081 1046 2143 necessi·

72 2188 85 2223 n
107 2175 168 2229 tate
184 2171 377 2230 sacramenti.
394 2191 409 2228 s

108 2255 284 2338 Disputatur
306 2275 345 2319 an
373 2259 430 2322 hnc
452 2263 637 2342 praeceplum
664 2259 703 2322 sit
722 2257 857 2320 divinum
878 2258 923 2320 vel
947 2257 1046 2320 solium

71 2345 333 2424 ecclesiasticum
362 2354 490 2429 utraque
517 2347 664 2410 sententia
692 2354 737 2409 est
758 2346 942 2429 probabitis,
961 2347 1046 2427 juxta

71 2434 101 2494 S.
117 2435 240 2516 Lignor.
257 2435 323 2513 (it,
341 2446 374 2498 n·
388 2441 469 2515 208).

109 2527 199 2586 3367.
224 2525 370 2596 Quaenam
381 2529 451 2588 ιειὸ
465 2526 615 2610 quantitas
631 2543 718 2606 aquae
732 2525 769 2586 sit
783 2525 814 2586 in
829 2523 920 2588 calice
934 2524 1048 2588 immis-

72 2613 165 2674 cenda
175 2613 190 2672 ‘l
200 2647 239 2657 -
249 2614 401 2694 Quidquid
416 2615 495 2679 dicat
510 2615 619 2691 Haber,
632 2614 748 2676 videtur
762 2612 845 2695 qudd
861 2613 944 2675 liceat
957 2615 1047 2676 etiam

74 2703 191 2763 unicam
211 2701 361 2782 guttulam
383 2703 542 2766 infundere
569 2722 576 2763 :
600 2702 673 2764 dicit
695 2703 778 2763 enirn
808 2703 962 2781 Eugenius
990 2705 1045 2764 IV:

77 2809 91 2845 a
111 2790 189 2852 Vino
204 2799 273 2854 ante
294 2792 552 2855 consecrationem
575 2809 654 2872 aqua
674 2787 869 2850 modicissima
889 2787 1048 2853 admisceri

74 2897 87 2932 n
111 2879 196 2941 solet.
214 2903 228 2938 n
246 2883 290 2942 Ex
304 2899 370 2961 cap.
392 2887 493 2943 autem
516 2879 700 2942 Pemict'asus
714 2880 763 2953 t3‚
779 2874 813 2936 de
826 2873 929 2936 celebr.
947 2877 1044 2947 miss.,

75 2966 186 3029 videtur
199 2967 283 3050 quod
297 2987 376 3050 aque
390 2971 560 3052 pertingere
574 2967 668 3051 possit
681 2984 778 3048 usque
793 2963 830 3026 ad
849 2964 968 3026 tertiam
984 2983 1050 3045 par-

75 3059 151 3132 tem;
165 3059 212 3128 ¹sic
227 3057 310 3120 onim
325 3059 366 3120 ait
387 3059 537 3122 Honorius
550 3061 588 3120 lit
603 3059 634 3119 in
648 3057 728 3118 dioto
743 3055 839 3137 capite
855 3073 863 3115 ι
886 3075 901 3112 ιι
919 3054 990 3116 Plus
1006 3055 1048 3132 (in

76 3165 90 3198 a
113 3145 214 3224 calice)
229 3146 268 3208 dc
281 3146 351 3209 vino
366 3151 457 3229 quam
472 3147 510 3208 de
524 3150 602 3229 aqut
620 3145 796 3228 ponendum
811 3163 840 3220 »3
857 3149 887 3206 et
900 3143 930 3204 in
953 3143 1045 3207 Cone.

77 3231 187 3294 Tiburt.
205 3253 213 3295 :
233 3237 338 3297 «Duae
356 3245 427 3298 sunt
444 3235 636 3318 pertesum,
651 3234 846 3312 tertiaeque.
863 3251 878 3290 n
895 3233 1048 3295 Verumta-

76 3335 142 3381 men
158 3323 259 3403 ptures
285 3325 317 3385 in
338 3325 423 3407 praxi
443 3325 501 3386 hoo
524 3341 586 3385 non
609 3323 790 3394 admittunt,
808 3321 863 3382 nisi
884 3321 988 3383 vinum
1010 3324 1049 3386 sit

77 3424 255 3486 generosum
269 3414 310 3491 (S.
326 3415 463 3495 Ligunu,
482 3413 536 3490 ab,
550 3422 583 3476 n⁰
597 3417 678 3490 tto).
696 3409 770 3472 Vide
783 3410 840 3472 alia
855 3411 941 3492 plura
954 3411 986 3473 in
1000 3429 1048 3475 ru·

77 3491 157 3559 brici
170 3499 351 3582 ‚dedcsect.‚
367 3503 416 3582 §l
432 3509 460 3564 et
477 3504 525 3563 t0.

116 3585 205 3649 3368.
222 3591 259 3652 ll.
272 3589 319 3652 ed
329 3590 509 3652 validitatem
517 3595 618 3652 autem
628 3587 863 3652 consecrationis
871 3587 1046 3667 requiritur.

78 3672 108 3731 l·
117 3681 150 3735 ut
163 3679 286 3741 materia
299 3679 337 3740 sit
350 3679 539 3742 consecranti
551 3679 703 3740 moraliter
716 3692 849 3756 presens
863 3682 894 3736 et
906 3675 1049 3736 demona-
