2462 3972
193 246 252 308 652
419 263 557 308 annuens
577 261 677 308 sonus
697 261 779 307 sunus
799 259 950 306 canonum.

194 385 210 422 s
233 357 1170 442 tioneslobeot,etconsontientsseis...laicos.»ltapropositio

196 453 235 514 36
248 451 266 513 d
279 451 392 515 Concil.
415 449 635 513 constantiensi
658 448 810 512 damnata.
832 449 994 529 Itemque:
1010 446 1172 528 Insperato

197 557 258 602 rem
271 548 300 601 et
308 539 438 602 domitus
450 537 603 602 saeuum
614 537 708 620 sutus
723 535 879 600 seuuemo
892 533 1009 598 diodoto
1021 544 1058 598 ut
1070 533 1173 598 oete

196 627 270 690 sium
283 628 420 692 dolarent
434 627 515 690 bonis
529 625 755 711 temporalibus:
772 625 812 690 ito
824 643 946 708 propos.
962 627 1002 689 39
1011 624 1052 688 ob
1064 622 1174 690 eodem

198 717 311 781 Concil.
326 717 480 782 damnata.

239 806 297 869 Alii
311 811 414 870 autem
434 806 509 870 talsd
528 805 686 889 opinantes
698 809 875 888 potestatem
895 803 1040 867 Emlesiae
1058 803 1100 867 ad
1113 803 1176 867 sola

149 945 157 954 .
198 895 361 978 spiritualia
372 896 440 977 juro
453 895 724 978 divinopertinere,
740 913 803 958 non
814 894 937 977 quidem
947 893 1096 957 dixerunt
1108 909 1175 956 enm

77 1055 94 1066 ,Ι
194 985 319 1066 ‚nullum
330 986 381 1066 jus
394 985 503 1064 habere
518 1001 605 1066 posse
619 985 652 1046 in
666 1002 714 1046 res
727 983 925 1065 temporales,
939 981 995 1045 sed
1006 981 1176 1066 praetende·

201 1081 273 1137 runt
286 1093 353 1137 eam
368 1093 430 1137 non
451 1091 539 1156 posse
552 1072 673 1154 aliquod
690 1073 740 1153 jus
753 1072 864 1134 haltere
881 1073 913 1133 in
927 1089 977 1133 ns
998 1070 1174 1150 hujusmodi

203 1163 259 1226 nisi
273 1183 310 1226 ex
324 1163 519 1226 concessione
533 1161 724 1244 Principum,
735 1179 866 1242 quorum
879 1159 1006 1242 proinde
1021 1167 1101 1223 nutu
1115 1179 1177 1223 om·

205 1245 353 1315 nino'h'oc
368 1253 418 1333 jus
428 1250 565 1334 pendet,
580 1256 611 1313 et
623 1267 755 1332 quorum
768 1249 890 1312 arbitrio
906 1267 1028 1331 semper
1042 1252 1175 1313 rovocari

204 1349 299 1423 potest
318 1343 383 1403 :ita
403 1340 504 1424 plnres
523 1339 666 1402 Gallicani
681 1346 710 1402 et
728 1338 914 1420 iurisperiti,
935 1339 997 1400 sino
1020 1340 1104 1421 apud
1124 1357 1177 1402 nos

203 1429 263 1492 sive
286 1429 429 1492 extranei.
444 1429 509 1491 Htc
523 1427 690 1510 praesertim
714 1427 850 1490 doctrint
872 1427 1080 1491 innitebantur
1104 1431 1178 1511 qui,

203 1521 395 1595 nnnol'188,
415 1535 593 1599 promovere
612 1518 714 1582 conati
728 1523 798 1580 sunt
819 1517 1006 1579 invasionem
1026 1516 1179 1581 bonorum

203 1607 485 1671 ecclesiasticorum.
498 1605 573 1669 Vide
585 1605 1047 1688 Carrieretlleluslitidparsl,
1057 1615 1133 1671 sect.
1147 1611 1177 1680 l,

159 1701 167 1710 “
204 1697 575 1779 c.l‚puoct.2‚n⁰9li.

244 1793 276 1850 2⁰
297 1788 407 1848 Contra
419 1783 592 1865 hujusmodi
612 1803 730 1848 errores
743 1783 881 1848 tenendo
894 1790 967 1848 sunt
979 1785 1121 1850 veritates
1131 1805 1179 1850 se-

227 1883 354 1941 nentes:
1229 1911 1230 1926 .

205 1899 225 1961 q
246 1967 419 2030 tutte-l.
433 1963 566 2027 Ecclesia
574 1961 706 2045 legitime
717 1982 766 2027 res
777 1963 960 2047 temporales
969 1970 1070 2048 potest
1080 1967 1182 2050 acqui·
1229 1939 1230 1967 ¹

208 2075 271 2120 rere
285 2062 312 2118 et
323 2053 495 2136 possidere:
510 2051 549 2115 dc
563 2051 623 2116 lide
632 2059 677 2115 est
687 2060 790 2116 contro
805 2053 970 2117 Wiclesum
982 2061 1013 2117 et
1023 2054 1181 2120 haeretios

207 2161 296 2226 supro
308 2147 500 2205 memoratos.
517 2140 664 2204 Probatur
678 2161 715 2204 ex
728 2141 922 2206 damnatione
933 2145 1177 2226 propositionum

206 2251 298 2313 supra
320 2231 556 2309 enuntiatarum,
585 2236 615 2293 et
641 2231 766 2312 insuper
792 2231 986 2314 sequentium
1005 2235 1173 2314 ejusdem:
1227 2277 1228 2310 p

211 2343 226 2381 u
247 2325 296 2385 m.
312 2320 617 2404 ContraScripturam
631 2325 677 2383 est
689 2319 834 2402 quodnisi
844 2321 1039 2385 ecclesiastici
1051 2323 1168 2386 hahent
1227 2315 1228 2399 i

208 2435 222 2471 n
246 2427 486 2494 possessiones...
504 2443 541 2456 -
555 2413 604 2471 32.
621 2408 720 2472 Ditare
732 2408 848 2472 clerum
862 2415 907 2472 est
923 2417 1032 2474 contro
1045 2413 1174 2494 reundum

208 2525 223 2562 o
245 2499 457 2564 Christi-33.
471 2499 618 2578 sylvester
630 2500 710 2576 Papa
732 2503 762 2562 et
782 2498 995 2561 Constantinus
1016 2503 1180 2579 Imperator

207 2585 345 2648 errtrunt
359 2584 525 2649 Ecclesiam
541 2586 684 2650 doundo.
699 2610 715 2650 s
732 2585 771 2652 V.
784 2589 909 2670 insuper
923 2607 970 2670 pr.
985 2587 1177 2672 sospitati.

248 2675 369 2737 Constat
386 2676 477 2738 etium
490 2693 528 2739 ex
540 2673 694 2759 Scriptum
706 2711 713 2740 ι
725 2678 768 2741 sic
777 2677 867 2740 habet
876 2679 908 2740 S.
922 2677 1034 2740 Paulus
1047 2679 1078 2761 (l
1093 2681 1179 2748 Cor..

208 2779 236 2825 c.
252 2780 293 2844 u,
314 2783 343 2830 v.
362 2767 394 2840 3,
409 2764 508 2847 eto.)s
533 2767 723 2847 «Numquid
742 2785 803 2830 non
826 2767 972 2830 habemus
992 2775 1181 2848 potestatem

209 2871 224 2908 o
249 2852 451 2916 manducandi
478 2861 507 2917 et
534 2853 679 2918 bibendi?
702 2857 777 2929 Quis
795 2855 901 2918 militat
923 2855 987 2919 suis
1014 2855 1182 2938 stipendiis

69 3009 79 3028 .
208 2959 223 2996 o
249 2942 409 3022 unquam?
428 2944 502 3017 Quis
520 2943 635 3026 plantat
655 2946 776 3008 vineam
793 2952 823 3009 et
842 2945 881 3008 de
898 2945 999 3008 fructu
1023 2945 1097 3027 ejus
1118 2965 1181 3010 non

208 3049 221 3084 o
247 3028 333 3091 editt
345 3032 418 3101 Quis
432 3034 526 3114 pascit
539 3052 663 3115 gregem
677 3035 753 3098 etde
767 3035 842 3099 lacto
852 3035 951 3118 gregis
965 3053 1028 3098 non
1044 3038 1183 3100 mandu-

208 3135 222 3170 o
247 3116 352 3181 east...
369 3119 399 3181 Si
416 3139 471 3184 nos
485 3123 569 3186 vobis
582 3123 747 3204 spiritualia
760 3125 978 3189 seminavimus
994 3171 1004 3203 ‚
1020 3143 1178 3206 magnum

208 3223 220 3251 υ
243 3205 400 3266 ostrinos
424 3208 563 3270 carnalia
590 3219 694 3272 vestra
711 3209 930 3272 metamust...
959 3205 1097 3274 Nescitis
1115 3229 1195 3290 quo-

208 3309 218 3340 »
243 3289 329 3350 niam
344 3293 399 3371 qui
416 3292 446 3353 in
463 3296 601 3358 sacrario
615 3307 788 3378 operantur
802 3315 874 3379 quc
885 3293 925 3359 ds
942 3297 1087 3360 sacrario
1118 3306 1193 3360 sunt

205 3394 219 3425 a
243 3373 352 3449 edunt,
367 3381 459 3460 etqui
472 3381 561 3444 altari
577 3383 759 3446 deserviunt
774 3403 847 3448 cum
863 3384 954 3447 altari
969 3385 1194 3468 participant?

205 3481 219 3512 s
243 3457 1193 3558 ltaotItominusordinavitiisquiEvangeliumannuntiant,

205 3567 218 3600 s
241 3547 281 3609 do
297 3549 468 3631 Evangelio
491 3558 605 3621 vivero.
628 3583 641 3618 ι

242 3633 279 3697 Et
293 3639 399 3702 renent
410 3641 552 3707 Clnistus
563 3647 721 3728 Apostolis
736 3652 801 3718 suis
818 3651 957 3718 dixerat:
976 3677 990 3710 ι
1005 3651 1133 3734 Dignus
1146 3657 1193 3717 est
