2416 3954
349 191 434 239 uase
454 189 610 238 securave.
916 173 974 236 50³

12 304 72 352 curn
94 290 234 353 clausulis
263 295 295 354 et
319 289 444 353 lndultis
465 290 616 352 consuetis
636 287 695 370 (Be
721 288 875 372 Beatisie„
900 294 972 365 ete,

12 375 55 438 lib.
71 382 101 455 l,
117 397 183 460 cap.
197 381 256 456 22,
272 389 306 440 n‘
323 381 388 458 alt.
405 379 486 442 Solet
500 385 600 441 autern
619 376 710 440 indici
724 397 779 460 pro
798 377 974 458 hujusmodi

11 466 189 529 solemnitate
203 467 330 530 Basilica
343 468 504 544 Vaticana3
521 466 691 540 publicatur
703 467 774 530 verb
788 465 974 548 indulgentia

11 554 144 618 lucranda
155 555 194 618 ab
206 555 349 618 omnihus
366 555 504 618 fidelibus
518 555 570 636 qui
589 555 718 617 confessi
737 560 768 618 et
784 559 868 618 sacrl
891 575 974 619 com·

13 643 149 706 munione
159 643 262 708 reiecti
271 692 280 722 ‚
290 643 478 710 caeremonias
488 643 719 707 Beatilrcationis
731 650 784 706 aut
794 645 893 708 missae
906 653 974 728 post

10 749 68 815 eam
82 732 228 796 canendae
241 733 425 810 intererunt,
436 740 488 796 aut
498 731 728 796 Beatilrcationis
742 731 790 794 die
799 735 972 798 vaticanam

12 822 160 884 Basilicam
173 821 344 884 visitabunt.
357 823 541 885 Caeremonia
556 829 656 884 aulem
671 821 735 883 lieri
747 821 836 884 debet
849 823 881 884 in
896 843 972 904 prae-

10 911 98 972 sentit
115 917 181 974 tum
192 910 395 973 Cardinalium
408 911 500 974 sacris
518 911 624 974 ritihus
637 909 886 993 prepositorum,
901 931 975 974 nec·

11 1017 64 1060 non
79 1001 293 1062 consultorum
307 1000 443 1080 ejusdem
456 999 717 1082 Congregationis‚
732 1005 796 1062 lum
810 999 975 1063 Cardinalis

10 1088 259 1170 archipresbyteri
277 1088 429 1166 Basilicae,
448 1089 669 1152 canonicorum
693 1095 723 1150 et
744 1087 820 1150 Cleri
839 1088 975 1166 ejusdem

9 1177 148 1240 ecclesiae.
166 1179 200 1240 ln
210 1180 246 1239 eb
257 1177 350 1240 Breve
364 1177 571 1258 Apostolicum
583 1177 739 1239 exhihetur
758 1179 776 1239 a
792 1177 975 1240 Postulatore

8 1281 102 1328 causae
126 1265 275 1328 cardinali
304 1265 447 1329 Praeiecto
474 1268 505 1328 S.
534 1267 644 1348 Gongr.
677 1267 729 1349 qui
757 1265 982 1328 Postulatorem-

8 1353 126 1416 remittit
144 1353 182 1416 ad
196 1355 384 1417 cardinalem
408 1355 707 1437 archipresbyterum
725 1355 873 1418 vaticanae
897 1357 976 1417 Basi-

8 1439 66 1504 licae
79 1461 137 1524 pro
152 1441 291 1507 facultate
303 1443 376 1505 illud
388 1443 418 1505 in
434 1443 559 1506 Basilica
570 1444 742 1526 publicandi
751 1464 760 1521 ;
776 1445 853 1507 lecto
866 1443 974 1508 deinde

8 1532 125 1610 publice
141 1529 222 1594 dicto
236 1533 340 1608 Brevi,
354 1533 493 1614 Hymnus
508 1531 546 1595 Te
562 1534 656 1596 Deum
672 1533 825 1595 intonatur
838 1532 876 1594 ab
888 1533 974 1614 Bpis-

7 1637 79 1701 copo
99 1619 224 1682 missam
248 1621 415 1683 solemnem
438 1621 644 1699 celebratur03
673 1621 856 1704 deteguntur
874 1629 976 1704 postea

6 1709 152 1790 inregines
169 1707 253 1771 Servi
269 1710 322 1772 Bei
334 1728 427 1792 „quae
447 1710 531 1792 prlirs
544 1711 608 1773 velo
631 1716 780 1792 coopertae
791 1717 896 1788 erant,
912 1718 975 1773 tum

4 1813 94 1878 super·
116 1795 203 1858 altari
230 1803 297 1860 tum
326 1797 493 1862 adfaciem
521 1799 645 1880 templi,
668 1807 698 1862 et
721 1799 760 1861 ab
789 1798 975 1864 adstantibus

1 1893 203 1962 venerantur-3
225 1887 366 1951 recitatur
385 1887 510 1951 dembm
524 1888 562 1950 ab
583 1887 733 1969 Episcopo
755 1886 878 1950 missam
897 1887 974 1952 cele·

2 1973 128 2037 breturo
140 1973 269 2038 collecta
284 1975 474 2040 inhonorem
489 1975 582 2055 Beati,
595 1984 626 2038 et
636 1975 674 2038 ab
685 1973 791 2039 eodem
802 1977 975 2042 celebrante

1 2079 104 2127 coram
118 2062 252 2145 imagine
266 2063 347 2128 Beati
361 2065 450 2144 thus,
464 2066 544 2128 trino
561 2065 675 2144 ductu,
690 2064 845 2144 adoletur;
872 2073 974 2149 postea

4 2153 94 2216 missa
107 2151 255 2216 solemnis
270 2152 456 2232 celebratur,
477 2159 509 2218 et
520 2154 643 2217 tandem
657 2159 725 2236 post
735 2156 882 2236 vesperas
894 2157 974 2236 eius·

6 2258 72 2302 em
83 2240 146 2304 diei
157 2288 166 2318 ‚
178 2240 295 2304 accedit
306 2241 442 2306 Pontilex
453 2241 493 2306 ad
506 2243 662 2307 Basilicam
674 2245 849 2308 vaticanam
862 2245 972 2329 imagi·

7 2354 32 2382 r·
40 2347 73 2390 m
86 2329 172 2392 Beati
182 2337 388 2394 veneraturus.

39 2419 150 2481 Solent
158 2417 230 2480 verb
238 2434 344 2481 curare
350 2418 551 2484 postulatores
560 2439 659 2484 causae
672 2422 733 2483 utb
747 2421 868 2483 Notario
882 2423 913 2484 S.
937 2423 976 2486 B.

27 2513 187 2589 ngregat.
219 2505 373 2589 publicum
403 2507 579 2574 conficiatur
606 2509 842 2570 instrumentum
863 2508 901 2570 de
923 2527 976 2590 pe·

18 2602 84 2658 cta
94 2595 296 2659 solemnitate.
306 2596 431 2675 (Bened.
441 2600 519 2679 xlv,
527 2599 572 2662 De
580 2596 733 2679 Bectific„
744 2595 795 2658 lib.
808 2598 838 2675 l,
848 2613 915 2676 cap.
927 2600 977 2676 Bt,

3 2685 41 2739 ¹⁸
56 2689 119 2748 oet
131 2688 177 2765 l.)

39 2777 137 2838 4866.
147 2807 188 2820 -
202 2776 234 2838 tt·
246 2773 369 2838 Peracta
381 2774 618 2853 Beatiilcatione‚
635 2792 698 2838 non
710 2777 809 2855 potest
831 2775 977 2835 reassumi

22 2904 26 2915 .
37 2880 96 2925 usa
107 2861 146 2926 ad
159 2862 423 2928 Canonizationem
436 2863 650 2947 perficiendam
666 2863 724 2925 nisi
743 2867 844 2945 postea
857 2867 977 2943 operata

8 2952 119 3014 uerint
141 2968 220 3015 nove
246 2952 400 3016 miracula.
430 2954 469 3016 lis
490 2959 592 3018 autem
613 2953 751 3034 patratis,
774 2950 977 3016 sollicitatores

19 3059 107 3103 usae
117 3040 273 3124 postulant
285 3043 445 3106 Decretum
454 3061 510 3125 pro
519 3041 730 3105 informatione
740 3039 821 3103 deiis
830 3039 976 3120 faciendi,

0 3129 177 3212 ·odemque
191 3129 282 3194 modo
295 3149 331 3193 ae
345 3131 444 3212 priora
456 3131 667 3214 expenduntur
682 3130 714 3194 in
733 3129 829 3193 tribus
848 3131 977 3214 Congre-

0 3247 3 3264 r
37 3218 190 3281 tionibus.
211 3217 289 3282 Olim
310 3238 414 3282 rursus
433 3219 656 3302 expendebatur
673 3221 799 3302 quaestio
811 3220 976 3300 virtutum,

1 3307 55 3370 »ἀ
78 3305 239 3370 bodiehoc
250 3308 412 3379 omittitur,
427 3316 530 3390 utpote
550 3309 674 3388 inutile,
686 3311 758 3372 cirm
776 3308 808 3371 in
822 3307 976 3374 Beatilim-

2 3399 88 3460 'one
100 3396 171 3459 satis
183 3395 272 3460 fuerit
283 3399 451 3460 examinata
461 3398 527 3460 base
537 3398 673 3480 quaestio.

35 3487 139 3548 4867.
160 3520 201 3532 -
220 3490 253 3547 ‘1⁰
273 3487 363 3548 Facta
375 3491 477 3550 autem
486 3485 698 3554 deliberatione
706 3487 737 3550 in
747 3486 975 3570 congregatione

0 3573 141 3635 onerati
162 3591 202 3636 an
214 3573 282 3638 tutb
298 3575 420 3657 procedi
434 3577 527 3658 possit
544 3577 581 3639 ad
598 3576 680 3640 Beati
698 3577 967 3642 canonizationem.
