2498 3966
282 234 365 281 ttnsts
388 231 546 282 sueonum.
570 248 610 268 -·
629 229 818 280 suessones.
976 217 1034 280 805

62 349 136 426 quid
154 350 212 415 sibi
226 369 283 438 pto
298 353 363 418 suis
387 361 417 417 et
434 352 573 418 instituti
600 352 696 416 totius
710 349 950 415 necessitatibus
982 350 1035 415 de·

62 457 145 504 creto
159 443 321 506 communi
335 442 488 508 libuerit?
505 456 521 501 ι·

100 531 351 612 Responsumest
363 543 468 596 antem
484 551 493 596 t

100 643 116 678 e
131 619 177 682 sd
193 625 330 702 primum
341 621 475 685 dubium
492 622 552 697 sub
567 621 670 684 littera
690 619 741 702 (Α)
755 638 763 682 :
778 617 970 702 affirmatius.

100 735 115 766 s
134 707 182 770 Ad
212 709 387 774 secundum
413 712 546 774 dubium
577 710 636 772 sub
665 707 766 772 littera
793 707 1036 791 (B):quatenus

28 802 30 806 ”
61 799 222 881 privilegia
243 800 426 884 dequibus
440 801 543 881 agitur
559 797 721 881 generalia
735 800 817 861 sint:
835 797 1035 880 affirmantium

60 899 217 971 quatenus
228 889 291 951 sint
305 889 453 970 specialia
469 899 500 952 et
516 883 711 970 pessonaiiat
727 888 877 966 nepetino.

101 1002 112 1034 s
131 977 179 1039 Ad
197 977 324 1040 tertium
340 976 476 1039 dubium
488 976 548 1039 sub
565 976 669 1039 littera
681 975 751 1059 (G):
766 974 955 1058 affirmatius.

99 1089 114 1123 ι
138 1066 185 1129 nd
201 1075 350 1147 quartum
366 1065 501 1128 dubium
517 1064 578 1128 sub
598 1065 701 1130 littere
720 1064 790 1148 (D):
808 1065 864 1128 Per
879 1074 1036 1128 recentem

59 1156 319 1218 constitutionem
334 1155 415 1217 nihii
439 1163 597 1217 mutatum
613 1171 679 1218 esse
704 1155 808 1236 quoad
835 1151 1038 1218 fundationes

58 1242 202 1310 locorum
218 1244 344 1327 pinsum
358 1245 557 1326 aliarumque
570 1243 852 1314 ecclesiastieorum
867 1243 1037 1316 institutio·

58 1335 201 1409 num‚de
216 1335 332 1415 quibus
355 1333 486 1418 proinde
493 1333 705 1417 judicandum
729 1351 797 1398 esse
811 1331 1037 1415 proutjudica-

57 1419 151 1486 hatur
163 1431 237 1487 ante
249 1423 538 1508 promulgationem
552 1421 648 1505 nujus
659 1421 904 1491 constitutionis.
915 1443 933 1480 s

386 1797 579 1863 snnuuotx
593 1797 703 1866 xxut.

190 1963 277 2014 cauus
291 1963 477 2010 utnutconutt
495 1959 706 2024 tsstssunstttt
723 1963 763 2008 ΑΒ
776 1961 906 2010 RUNBRA.

353 2161 356 2166 ι
446 2085 563 2152 (Λάρος.
585 2082 658 2146 ¹1⁰2.)

95 2236 196 2316 Rigor
223 2225 475 2312 responsionistt
504 2223 576 2290 Maii
606 2225 682 2290 teet
707 2225 909 2311 aliquatenus
925 2237 1043 2313 tempe·

57 2338 146 2388 ratus
161 2322 234 2399 suit,
251 2320 338 2400 juata
363 2315 395 2378 id
423 2315 509 2398 quod
528 2315 613 2398 opud
629 2332 688 2380 nos
711 2316 816 2397 quoad
836 2313 949 2383 iunesa
974 2320 1043 2386 fieri

57 2415 148 2492 solet,
166 2413 423 2494 persequentem
449 2405 690 2484 responsionem
705 2403 737 2467 S.
751 2405 789 2467 R.
805 2405 839 2469 G.
862 2408 904 2471 ad
916 2407 1043 2490 Episco-

57 2521 134 2583 pum
157 2500 391 2562 mimatensem.

97 2617 113 2650 a
124 2591 303 2672 Episcopus
318 2582 480 2646 iiimsten.
490 2579 552 2646 ..S.
561 2581 598 2645 tt.
609 2579 642 2646 ss.
655 2581 840 2664 exposuitin
854 2584 1043 2654 suadioeoesi

57 2701 155 2746 usum
183 2677 354 2740 invaluisse
387 2670 589 2756 presbyteros
618 2671 651 2734 in
682 2671 788 2738 officio
820 2672 1042 2744 defunetorum

57 2774 165 2835 missas
180 2765 374 2840 assistentes,
386 2763 443 2826 etsi
464 2759 622 2844 gaudeant
635 2769 750 2828 statuta
765 2762 920 2841 mercede,
936 2770 1043 2832 tamen

57 2881 122 2925 non
140 2852 384 2938 sempeaeantui
401 2852 612 2936 participem
628 2852 890 2936 proprinmenim
902 2852 1042 2920 officium

57 2949 211 3036 privatim
231 2943 392 3007 interdum
411 2941 547 3006 essitare
567 2941 682 3016 solent,
705 2959 780 3006 eum
799 2959 916 3026 nempe
935 2951 1043 3013 cantui

59 3059 129 3106 sese
142 3036 316 3120 adjungere
340 3045 470 3097 neeesse
487 3032 534 3095 sis
557 3048 623 3095 noa
654 3031 790 3108 videtui,
814 3039 846 3096 et
873 3038 986 3116 putant
1012 3061 1043 3107 ss

58 3129 184 3193 habere
208 3123 407 3207 personalem
429 3121 570 3202 aliquam
595 3120 751 3184 sationem
780 3119 923 3188 officinm
950 3142 1043 3188 suum

57 3216 253 3282 canonicum
268 3225 335 3276 non
357 3209 536 3274 differendi.
564 3208 669 3284 Quum
700 3217 807 3280 autem
824 3210 865 3274 ab
880 3211 941 3277 hae
956 3213 1043 3296 proxi

57 3305 209 3370 recedens
225 3301 452 3368 difficillimum
477 3299 529 3378 sit,
546 3301 658 3362 saitem
673 3297 705 3362 in
723 3298 869 3382 pluribus
892 3301 1042 3364 eiacums·

58 3397 213 3470 tentiis..‚
224 3393 261 3458 tt.
275 3393 386 3458 Orator
400 3388 574 3474 postulavit
588 3401 623 3454 ut
634 3389 999 3473 praaisipsaeontinuari
1011 3393 1042 3456 in

58 3499 227 3572 posterum
243 3482 353 3566 possit.

102 3601 118 3634 ι
136 3575 171 3638 S.
188 3589 283 3658 pomo
303 3569 363 3636 nu.
385 3567 525 3653 Congu...
543 3567 715 3633 rescribere
731 3575 798 3632 asta
812 3576 859 3634 eat
874 3584 883 3630 t
897 3567 1042 3652 sinuatus

166 3688 232 3738 sut
897 3669 960 3736 tu·
