2434 3940
208 187 268 252 234
429 205 567 252 urucam
587 203 688 253 ro'nus
708 204 790 252 rurus
811 197 982 252 cononici..

209 326 224 364 n
251 305 308 368 uisi
321 303 407 387 priirs
419 302 458 366 da
472 303 631 387 utriusque
644 301 848 367 contrahentis
860 301 956 367 libero
964 319 1119 368 consensu
1133 303 1186 368 sibi

210 417 224 455 a
250 393 328 456 irene
344 399 471 455 constat.

249 505 265 542 a
291 483 320 546 Si
337 483 407 544 vero
421 481 497 544 infra
516 480 593 544 duos
607 499 727 544 menses
740 487 809 564 post
822 480 914 545 iactas
927 481 1187 558 denuntiationem

211 594 226 631 a
252 571 479 634 matrimonium
495 589 556 633 non
570 571 775 646 contrahatur,
790 570 1034 634 denuntiationes
1048 579 1187 654 repeton·

213 684 227 720 a
252 667 321 738 tur,
338 659 394 722 nisi
410 659 495 722 aliter
508 660 659 743 Episcopo
672 659 817 724 videatur.
833 683 849 720 a
866 659 943 723 Vide
954 660 1044 722 etiam
1058 661 1093 722 S.
1111 660 1188 741 Lig„

214 751 265 812 nb.
282 754 300 812 6
313 797 321 827 ,
334 750 367 811 η’)
380 751 450 812 993.

254 837 356 912 Quoad
375 837 503 900 sormam
524 836 556 899 in
580 835 796 901 denuntiandis
817 837 1188 900 matrimoniisobserran

214 928 284 990 dnm
295 975 304 1006 ‚
314 926 381 990 ride
396 925 478 990 idem
493 925 628 1007 Rituale,
642 931 673 990 et
685 928 809 990 consule
823 928 938 990 Statum
950 925 1139 990 dioecerenu.

655 1105 743 1189 sur.

216 1243 261 1308 De
273 1237 503 1322 oblr'putr'ont'bur
515 1257 582 1322 quoe
594 1237 734 1300 oriuntur
748 1255 787 1299 eu
797 1235 995 1319 publicatione
1004 1236 1189 1299 Bonnonun.

254 1393 344 1453 tout.
363 1425 397 1434 —
412 1389 436 1450 Ι.
453 1385 648 1448 Proclamatis
667 1383 791 1460 bonnis,
811 1385 864 1466 qui
891 1384 973 1446 novit
988 1383 1191 1466 impedimen-

216 1485 296 1554 tum,
307 1478 368 1540 sire
378 1476 523 1538 dirimens
538 1477 598 1537 sire
608 1473 781 1556 prohibens,
793 1479 912 1536 tenetur
922 1474 979 1536 sub
988 1473 1110 1536 mortali
1122 1475 1193 1538 iilud
1213 1504 1214 1568 p

216 1568 315 1632 statim
338 1565 536 1642 denuntiare,
552 1563 744 1644 quantumvis
763 1569 912 1624 secretum
932 1569 1027 1638 essot;
1043 1561 1070 1624 si
1091 1571 1193 1626 tnnrru
1213 1573 1214 1646 ξ

217 1657 288 1720 inde
302 1655 385 1717 alteri
402 1653 568 1736 periculum
587 1651 719 1714 infamiae
742 1658 934 1729 nasceretur,
954 1651 979 1712 is
998 1669 1034 1712 ex
1047 1651 1195 1714 charitate

216 1745 388 1808 monendus
413 1749 491 1805 esset
522 1741 621 1820 (etiarn
646 1740 778 1822 pluries,
799 1739 855 1802 nisi
877 1739 1046 1821 periculum
1069 1751 1152 1804 esset
1166 1743 1194 1802 in

217 1839 316 1912 niort)
338 1835 400 1896 uta
416 1830 607 1894 matrimonio
623 1829 787 1891 desisteret.
810 1831 853 1890 Ita
872 1829 1096 1906 communiter,
1115 1830 1194 1912 apud

216 1927 246 1986 S.
265 1924 400 2004 Lignor„
416 1921 467 1982 lib.
483 1923 525 1998 6,
542 1929 574 1980 n⁰
589 1923 667 1995 9943
683 1920 834 1993 Caruere,
851 1917 895 1981 De
910 1918 1061 1992 Macrim„
1076 1930 1114 1979 n⁰
1125 1923 1193 1982 403.

256 2015 347 2073 4065.
370 2009 446 2070 Casu
461 2015 559 2070 autern
575 2027 652 2088 quo,
669 2007 791 2070 obtentu
804 2007 1043 2088 dispensatione,
1064 2025 1131 2068 non
1147 2027 1194 2088 pu·

218 2099 403 2160 blioarentur
413 2097 525 2170 banna,
536 2095 642 2158 dicunt
652 2097 737 2158 multi
749 2101 821 2158 tunc
833 2113 893 2157 non
904 2113 969 2157 esse
978 2095 1196 2176 obligationem
1214 2099 1215 2102 ’

219 2186 434 2269 impedimenta
448 2183 598 2246 revelandi
614 2185 642 2247 vi
658 2184 965 2266 agamemnonicae,
981 2182 1034 2244 sed
1047 2183 1198 2246 duntaxat

219 2295 256 2338 ex
270 2275 426 2351 charitate3
453 2273 577 2353 quidam
598 2280 699 2335 tumen
722 2272 820 2336 adhuc
844 2273 875 2334 in
897 2272 954 2334 hoe
974 2289 1046 2334 casu
1060 2275 1200 2336 sentiunt

220 2363 385 2447 quomiibet
393 2365 488 2424 teneri
504 2362 540 2424 ad
551 2361 745 2424 revolandum
755 2362 782 2423 ri
798 2361 872 2444 legis
883 2360 1032 2442 generalis
1040 2361 1196 2425 Ecclesia.

219 2453 295 2516 Vide
310 2451 459 2528 Caruere,
477 2451 519 2514 De
534 2450 683 2526 Matrini„
701 2459 735 2511 n·
748 2453 819 2514 418.

255 2541 345 2602 4066.
368 2537 489 2596 Certum
505 2541 568 2595 est:
584 2538 615 2593 ιθ
629 2533 711 2614 quod
725 2547 912 2612 cognoscens
932 2523 1192 2608 impedimentum

217 2630 333 2690 tanturn
350 2625 522 2694 exauditu,
540 2641 599 2683 nou
616 2623 776 2682 recordans
792 2620 808 2680 d
824 2637 885 2701 quo
899 2617 1055 2690 didicerit,
1071 2615 1118 2674 vei
1136 2615 1194 2676 ad·

216 2719 335 2781 discens
347 2718 364 2777 a
376 2715 569 2795 personanon
585 2709 759 2790 tidadignd,
770 2727 829 2770 non
839 2711 976 2769 teneatur
989 2703 1187 2766 denuntiare.

257 2807 377 2871 Cortum
393 2813 455 2866 est:
471 2807 503 2865 2·
517 2799 600 2883 qudd
615 2801 638 2861 si
658 2799 910 2880 impedimentum
921 2795 958 2858 sit
974 2793 1132 2858 occuitum
1145 2799 1193 2866 ‚et

216 2883 1191 2981 jamsueritproeoobtentadispensatioqunadioruminternum‚

218 2986 290 3049 iilud
304 2984 402 3044 sciens
413 2999 471 3041 non
481 2989 617 3042 teneatur
627 2979 806 3040 denuntiare
818 2995 826 3038 ι
836 2993 924 3037 secus
938 2973 962 3034 si
976 2973 1095 3035 adesset
1107 2967 1196 3030 famu

219 3071 338 3155 publica
353 3069 390 3130 de
401 3069 628 3149 impedimento,
640 3075 670 3129 ct
682 3067 864 3147 dispensatio
878 3069 955 3125 esset
963 3061 1093 3124 occulta.

261 3163 400 3222 Certum:
417 3158 537 3237 3⁰quou
547 3158 570 3218 si
586 3155 838 3238 impedimentum
848 3149 1081 3235 possitprobari
1094 3147 1196 3227 quili-

220 3251 285 3323 bet,
301 3251 393 3312 etiarn
407 3247 706 3319 oxnadnrcesanus,
722 3245 796 3309 iliud
812 3245 931 3319 sciens,
951 3239 1133 3303 denuntiare
1150 3243 1197 3297 te·

221 3347 337 3408 nentur,
355 3337 409 3398 etsi
421 3335 456 3395 sit
466 3335 618 3396 occuitum
631 3342 661 3394 at
671 3335 895 3396 int'arnatorium
909 3353 915 3394 :
931 3325 1138 3394 obediendum
1149 3327 1199 3386 est

222 3429 545 3504 enirnjustopraeccpto
555 3425 724 3499 Superioris
740 3423 862 3484 nomine
878 3423 1021 3484 Ecciesiae
1033 3413 1197 3496 imposito,

222 3517 411 3600 prasertim,
435 3514 486 3576 ubi
506 3513 543 3575 de
557 3513 678 3575 vitando
693 3514 806 3575 damno
820 3513 948 3578 rrroxirni
963 3511 1062 3592 egitur
1074 3551 1083 3584 ‚
1096 3511 1198 3586 prout

223 3623 254 3668 ιιι
268 3623 350 3666 casu.
