2416 3954
185 193 244 256 362
405 209 544 256 uenulae
565 209 666 257 rorrus
686 209 768 255 runis
787 207 936 254 euuourcr.

185 308 320 390 urgentis
343 307 547 384 necessitatis,
568 327 630 371 non
653 311 698 370 est
711 305 927 368 discedendum
946 305 1122 388 eprlmlsea·
1189 307 1200 350 'l

185 397 298 471 tentia,
314 395 370 458 nisi
388 396 509 458 obtenta
524 397 613 460 luerit
625 395 808 480 dispensatio
822 393 854 455 ie
868 395 976 457 radice.
1199 397 1200 438 l

224 490 315 547 4444.
338 485 496 557 Quomodo
510 493 611 550 autem
626 503 694 568 para
712 484 816 565 ignara
833 483 1037 564 impedimenti
1049 484 1132 548 debeat
1199 485 1200 528 l

185 575 336 638 certiorari
369 574 408 636 de
439 575 574 638 nullitate
596 575 704 656 prioris
732 572 940 635 matrimonii?
967 576 1009 636 lta
1032 575 1134 655 quiden
1199 575 1200 618 t

185 663 336 726 certiorari
356 663 455 735 debet,
468 665 554 746 juxta
567 663 808 728 communiorem
823 679 859 724 ao
877 662 1023 724 veriorem
1037 673 1136 726 seuten-
1199 655 1200 706 l

185 753 275 832 tiam,
290 758 323 814 ut
337 771 433 816 novus
445 759 476 816 et
490 753 725 835 independensa
741 750 832 832 priori
851 751 1138 832 praeteriturorum
1198 755 1200 814 l

185 860 258 904 sus:
275 842 346 923 quia
360 841 445 905 facile
460 842 635 924 contingere
645 846 742 922 potest
751 846 784 901 ut
793 841 845 921 qui
860 845 944 920 putat
957 841 1041 922 prius
1054 843 1138 904 matri·
1199 839 1200 886 l

187 927 1032 1010 moniumluissevalidum,nonverevelitmatrimonium
1044 939 1141 994 eontra
1198 931 1200 978 l

188 1020 271 1100 here,
292 1019 344 1082 sed
358 1020 442 1102 prius
454 1021 572 1082 tantum
585 1019 695 1082 habere
709 1025 822 1093 ratum,
838 1017 920 1098 quod
935 1021 1097 1100 praesertim
1109 1027 1142 1082 est
1198 1005 1200 1066 l

188 1109 432 1196 praesumendum
446 1109 484 1172 de
497 1127 534 1170 eo
547 1109 600 1190 qui
614 1108 644 1170 in
659 1110 694 1170 et
706 1106 900 1188 dispositione
913 1113 992 1169 esset
1005 1115 1042 1173 ut
1058 1109 1141 1170 urani·

187 1201 324 1264 monium
338 1198 510 1260 dissolveret
523 1217 594 1260 casu
602 1216 663 1280 quo
672 1195 710 1258 de
722 1197 815 1278 ipsius
823 1195 957 1258 nullitate
970 1196 1141 1261 edoceretur.
1199 1203 1200 1246 l

227 1288 314 1354 Unde
331 1289 416 1367 juxta
436 1289 466 1349 S.
489 1288 625 1368 Lignea,
649 1292 753 1348 eontra
774 1285 907 1347 Sanohez
925 1289 957 1346 et
976 1287 1073 1364 elios,
1094 1305 1143 1348 non
1199 1361 1200 1370 ἵ

187 1377 337 1443 sufficeret
359 1376 459 1438 dicere
480 1377 556 1458 parti
578 1373 785 1457 impedimenti
806 1373 942 1456 ignarae:
963 1373 1028 1451 dic,
1044 1395 1142 1460 quero,
1199 1379 1200 1424 l

187 1465 344 1529 rinellum
357 1465 463 1546 fuisset
485 1473 615 1526 nostram
629 1462 870 1534 matrimonium,
886 1483 979 1526 nonne
993 1465 1098 1526 iterem
1110 1485 1144 1525 me

186 1556 317 1638 occipere
343 1552 499 1617 intendis?
520 1555 591 1635 quia
617 1559 691 1616 tuno
719 1571 780 1614 non
806 1554 969 1634 apponitur
990 1571 1144 1618 consensus
1199 1557 1200 1606 l

188 1643 395 1726 independens
409 1647 426 1706 tr
441 1643 538 1726 primo
555 1662 563 1704 ι
579 1645 670 1719 cum,
700 1647 820 1724 propter
843 1640 1067 1723 ignorantiam,
1089 1662 1146 1726 pars
1199 1647 1200 1692 l

189 1736 284 1800 inscie
298 1732 505 1815 impedimenti
520 1737 637 1814 reputet
650 1730 773 1793 alteram
784 1732 846 1810 jam
861 1749 926 1794 esse
947 1751 1040 1795 suum
1053 1734 1145 1812 eonju-
1199 1737 1200 1780 l

190 1843 271 1908 gem,
283 1830 312 1886 et
326 1841 387 1886 non
401 1821 491 1884 debet
504 1821 645 1904 praesumi
659 1819 733 1882 velle
747 1819 822 1881 inire
832 1820 1009 1901 eonjugium
1027 1842 1036 1884 :
1050 1822 1146 1903 exeipit
1199 1831 1200 1894 t

188 1922 289 1976 tamen
312 1913 343 1974 S.
366 1911 488 1992 Liguor.
514 1929 618 1972 rasum
640 1928 713 1991 quo,
736 1927 773 1971 ex
787 1909 837 1970 itta
852 1910 1006 1991 petitione,
1031 1929 1146 1992 sponsus

189 2003 331 2082 ignorans
352 1999 602 2078 impedimentum
623 1999 655 2060 in
672 1999 874 2079 suspicionem
887 1997 1000 2062 veniret
1020 2001 1059 2063 de
1074 2001 1146 2064 nulli--

187 2096 246 2150 tate
268 2085 469 2162 matrimonii;
485 2104 542 2148 neo
562 2088 653 2148 etiarn
668 2089 818 2150 sullioeret
835 2087 935 2151 dieere
950 2109 958 2150 ι
973 2089 1002 2152 ai
1015 2091 1092 2152 mili
1103 2109 1146 2151 roa

187 2173 344 2256 nupsisses,
367 2192 459 2235 nonne
485 2174 604 2236 nuberes
625 2175 724 2239 nunc?
746 2179 816 2259 quia
843 2197 904 2241 non
928 2177 1012 2241 adest
1030 2199 1147 2244 eonsen-

187 2281 239 2327 sus
262 2261 419 2345 positivus;
444 2281 501 2325 neo
520 2263 609 2324 etiam
631 2264 657 2326 si
683 2264 856 2330 diceretur:
880 2285 938 2350 pro
957 2269 1022 2330 med
1035 2270 1150 2332 consola·

188 2353 265 2414 tione
279 2349 341 2411 uolo
355 2349 389 2412 de
403 2370 474 2414 nouo
488 2352 658 2416 contradere
666 2376 676 2425 ,·
687 2355 744 2430 eia,
759 2355 965 2419 contrairemus
975 2381 985 2418 .·
994 2360 1069 2441 quia
1079 2359 1151 2421 nulla

187 2448 260 2504 tune
274 2439 421 2522 ingeritur
434 2441 564 2524 suspicio
577 2443 616 2505 de
631 2444 766 2506 nullitate
780 2446 887 2526 prioris
902 2448 1096 2510 matrimonii.

227 2533 317 2594 4443.
342 2531 1153 2618 Siautemsponsusdioeret:eripuere-epulirdenustri

186 2621 369 2685 matrimonii
378 2622 486 2700 valore,
502 2621 621 2705 ideoque
630 2642 795 2686 renouenus
807 2643 971 2686 conseruere
986 2645 1065 2709 :pro
1075 2635 1153 2692 eerto

186 2719 270 2776 tenet
289 2713 321 2776 S.
336 2711 471 2795 lignee,
486 2719 592 2775 eontra
603 2711 772 2796 Tournely,
786 2719 861 2777 tune
873 2732 961 2797 posse
974 2733 1152 2781 eonsensum

186 2803 259 2884 poni
278 2800 563 2883 independenteme
585 2801 700 2883 primo,
720 2803 858 2884 quamvis
876 2820 1005 2886 sponsus
1019 2823 1082 2868 non
1097 2825 1153 2870 rer

188 2891 312 2957 tioretur
321 2889 359 2952 de
374 2891 508 2953 nullitate
522 2891 629 2972 prioris
643 2891 836 2953 matrimonii.
853 2891 884 2954 Si
898 2895 969 2956 vero
982 2893 1130 2959 diceretur
1144 2914 1150 2954 :

186 2977 299 3058 wando
318 2979 418 3058 nopai,
443 2997 500 3039 uon
513 2978 602 3041 dabui
615 2997 911 3056 vermeriensem
927 3001 1004 3046 nune
1011 2995 1153 3066 prester

187 3064 249 3126 uolo
261 3111 268 3141 ,
280 3064 323 3126 vis
336 3071 366 3125 et
380 3073 412 3127 tu
421 3067 588 3148 prestaret
600 3069 807 3132 Communiter
820 3069 926 3133 dieunt
939 3073 1001 3134 DD.
1016 3073 1061 3136 sio
1071 3091 1152 3158 pesse

186 3153 320 3215 renovari
335 3171 537 3233 eonsensum,
553 3163 583 3218 et
595 3157 717 3238 quidem
732 3159 796 3222 sine
810 3159 980 3240 mendacio,
1000 3165 1074 3226 cum
1087 3182 1152 3228 con·

185 3259 292 3304 sensus
310 3242 411 3305 nullus
432 3261 494 3306 non
508 3245 546 3306 sit
561 3263 647 3308 verus
661 3267 837 3313 consensus.

224 3333 315 3392 4444.
338 3332 369 3392 Si
390 3338 492 3394 tamen
506 3331 552 3396 his
573 3337 786 3414 posterioribus
807 3340 904 3404 modis
926 3341 1012 3404 loeus
1024 3359 1093 3407 esse
1106 3361 1151 3406 ne

185 3424 291 3499 queat,
307 3425 338 3481 et
352 3419 505 3483 immineat
519 3422 687 3502 perieulum
697 3427 795 3506 gravis
807 3428 923 3507 damni,
938 3431 963 3492 si
977 3449 1048 3513 pars
1063 3434 1150 3496 inscia

185 3513 396 3570 admoneretur
408 3508 447 3570 de
461 3509 594 3572 nullitate
604 3507 797 3595 matrimonii,
811 3517 987 3582 videlieetsi
1001 3537 1098 3598 mors,
1108 3521 1149 3586 vel

185 3594 282 3674 gravis
302 3595 423 3658 infamio
434 3641 445 3678 ,
457 3601 513 3660 aut
528 3597 703 3662 scandalum
721 3619 759 3664 ex
773 3608 959 3688 separatione
972 3615 1053 3672 esset
1065 3627 1151 3688 serp⁴
