2498 3966
300 215 382 264 trunn
404 212 565 260 secundus.
590 228 627 241 -
650 209 838 256 arruunrcos
1001 197 1054 254 731

68 323 71 350 ¹
118 321 240 388 Interea
265 325 440 388 coelestium
471 343 640 387 muncrum
656 327 860 406 auspiccmet
889 322 1060 402 singularis

79 415 308 478 benevolentis
328 414 448 478 Nostrae
471 423 592 486 testem,
622 413 718 476 Vobis
737 413 899 486 omnibus,
922 409 1060 474 Venera-

77 505 162 566 biles
184 503 319 578 Fratres,
346 513 375 566 et
394 503 519 583 populis
536 502 709 581 vigilantiae
725 500 839 564 llestrae
864 501 1057 578 commissis,

77 593 284 673 apostolicam
298 589 548 656 benedictionem
563 591 718 652 exanimo
730 591 939 671 impertimus.

123 683 235 744 Datum
251 681 357 744 Romae
368 682 450 763 apud
468 679 503 742 S.
526 679 663 744 Petrum.
683 679 735 743 die
759 697 779 742 x
796 679 956 742 Februarii
978 697 1062 742 anno
1085 753 1087 760 Α

32 799 35 802 ⁴
77 787 259 836 nucccnrxx
273 771 475 834 Pontiliratus
493 771 593 832 bostri
615 786 701 830 atino
722 772 876 832 secundo.

644 901 719 964 tub
742 902 797 966 PP.
823 903 902 966 Xlll.

423 1297 615 1362 arrbnutx
648 1297 718 1360 Xll.

272 1461 356 1508 GlllGA
377 1460 583 1508 reoutrtottttlt
609 1459 715 1506 bBll'US
737 1459 885 1507 contbots.

317 1584 322 1594 ’
365 1605 534 1668 lnstruottb
555 1604 587 1668 S.
604 1603 663 1684 Off.
680 1624 710 1666 α.
737 1603 824 1666 1868.

480 1746 526 1810 (ra
541 1761 596 1812 pag.
606 1745 673 1810 res.)

125 1921 235 1985 Totam
250 1918 416 1982 materiam
430 1916 470 1980 de
483 1916 711 1998 impedimento
726 1915 884 1998 ligaminis
899 1927 929 1981 et
943 1919 983 1982 de
993 1939 1065 2002 pro-

83 2030 177 2075 cessu
192 2009 387 2072 instituendo
402 2006 441 2068 ad
457 2005 656 2087 probandam
684 2016 818 2068 mortem
847 2008 1004 2089 conjugis,
1032 2019 1066 2072 ut

84 2100 261 2183 quisnoras
271 2096 398 2175 nuptias
413 2095 493 2157 inire
521 2097 631 2176 possit,
648 2101 818 2176 pertractat
848 2115 982 2178 sequens
1005 2101 1066 2161 ins·

85 2191 239 2253 tructioa.
257 2184 335 2247 l868
350 2203 367 2247 a
384 2185 413 2247 S.
432 2183 470 2248 G.
489 2184 522 2247 S.
535 2183 634 2247 Officii
648 2185 731 2264 data,
760 2203 855 2266 quam
880 2188 1013 2268 proinde
1027 2209 1064 2252 ex

86 2273 473 2357 integrotrsnscribimus.

131 2365 349 2430 «Matrimonii
364 2363 492 2427 vinculo
513 2363 593 2428 duos
616 2365 851 2439 tantummodo,
876 2365 1000 2431 Christo
1024 2369 1065 2430 ita

86 2453 382 2534 docente,copulari
394 2463 423 2514 et
436 2455 584 2532 conjungi
599 2471 708 2533 posse;
735 2455 885 2516 atterutro
897 2474 972 2518 vero
987 2475 1066 2519 cou-

44 2586 48 2594 ·
83 2543 239 2629 jugevita
255 2542 375 2616 iuncto,
405 2542 574 2614 secundas,
605 2543 668 2604 imo
679 2551 709 2604 et
730 2541 898 2604 ulteriores
925 2547 1063 2626 nuptiae,

88 2635 191 2700 licitas
204 2649 283 2707 esse,
298 2629 476 2710 dogmatica
490 2629 636 2692 Ecclesiae
661 2629 831 2692 catholicas
845 2629 990 2694 doctrina
1007 2644 1065 2696 cst.

133 2747 144 2780 s
162 2719 278 2784 Verum
289 2717 328 2781 ad
345 2716 500 2780 secundas
516 2728 546 2780 et
560 2718 725 2782 ulteriores
741 2719 870 2800 nuptias
889 2722 974 2802 quod
996 2723 1067 2784 atti-

90 2819 156 2886 net,
168 2827 239 2872 cum
260 2808 347 2870 dere
365 2815 478 2887 agatur
491 2825 562 2888 quae
577 2807 817 2870 difficultatibus
839 2825 876 2871 ec
901 2810 1066 2876 fraudibus

90 2898 175 2962 baud
197 2914 270 2960 raro
288 2904 344 2959 est·
360 2895 511 2971 obnoxia,
534 2895 609 2958 binc
629 2895 659 2958 S.
685 2896 781 2961 Sedes
796 2896 906 2960 sedulo
932 2903 1065 2976 curavit,

89 2987 186 3050 modo
195 2985 477 3048 constitutionibus
496 2985 707 3066 generalibus,
738 2987 853 3066 saepius
868 2997 972 3051 autem
1000 3009 1066 3055 res·

91 3077 199 3160 ponsis
212 3076 243 3136 in
257 3075 380 3136 casibus
395 3075 643 3154 particularibus
657 3075 749 3150 datis,
766 3086 801 3138 ut
826 3076 955 3142 libertas
968 3087 1067 3144 'novas

88 3167 220 3247 nuptias
232 3163 361 3225 ineundi
377 3163 421 3224 ita
436 3163 552 3242 cuique
567 3165 653 3226 salva
666 3174 760 3240 esset,
786 3175 821 3227 ut
836 3168 984 3247 praedicta
1002 3189 1067 3232 rna-

88 3253 234 3319 trimonii
248 3253 352 3315 unitas
366 3253 398 3314 in
417 3250 587 3316 discrimen
602 3271 666 3316 non
684 3253 903 3318 adduceretur.

133 3341 235 3405 »lnde
247 3343 417 3405 constituta
428 3359 591 3406 sacrorum
608 3361 780 3420 canonum,
795 3345 924 3426 quibus,
940 3355 975 3410 ut
996 3348 1067 3429 quis

91 3433 189 3518 possit
203 3431 288 3494 licite
297 3429 337 3494 ed
350 3430 411 3494 alia
421 3439 493 3496 vote
506 3432 653 3510 transire,
662 3433 797 3513 exigitur
810 3436 895 3513 quod
905 3435 944 3496 dc
966 3447 1067 3497 morte

90 3519 235 3603 coniugis
251 3527 336 3584 certo
351 3529 485 3598 constet,
515 3520 559 3583 uti
580 3537 644 3601 cop.
679 3523 839 3596 dominus,
866 3523 1067 3586 desecando

920 3629 987 3690 22⁸
