2498 3966
295 269 381 316 cissa
403 271 559 318 succesus.
584 251 833 315 -nrecumces,
998 252 1057 310 '163

79 389 209 444 matrem
223 403 320 457 suom,
346 391 374 446 ct
389 383 657 448 animositatem
678 403 750 461 susc,
773 389 802 447 ct
831 390 920 446 anns
934 381 995 444 duo
1020 385 1053 444 in

79 491 171 532 corne
194 493 269 533 uno.
296 471 530 536 Sacramentum
558 473 614 534 too
634 481 855 554 moprrumest:
876 492 930 555 epo
952 479 1054 536 autem

81 562 150 622 dico
165 561 199 622 in
213 561 336 625 Christo
350 571 379 624 et
393 563 427 623 in
450 561 593 624 Ecclesia
613 562 640 626 ¹.
660 594 696 610 -
725 563 875 624 Similiter
898 563 1053 641 Apostotis

79 651 265 714 auctoribus
280 652 450 715 didicimus
463 651 631 725 unitatem,
653 661 901 731 perpetuamque
921 650 1053 713 firmita-

12 819 13 822 ,
78 751 154 814 tem,
166 759 238 821 quae
249 740 287 803 ad
303 742 369 820 ipsa
383 741 799 822 requirebaturnuptiarum
814 741 946 816 origine,
961 758 1053 803 sanc-

77 837 143 890 tam
156 847 224 891 esse
237 839 266 890 et
280 830 370 892 nulio
384 829 714 910 temporeviotabitern
731 827 889 891 Christum
910 829 1051 909 jussisse.

76 917 122 978 lis
137 919 191 1000 qui
204 919 401 980 matrimonio
410 918 516 1002 juncti
530 925 612 992 sunt,
636 919 719 978 idem
745 915 860 978 Paulus
876 914 928 986 ait,
940 916 1053 997 pracci-

75 1007 132 1090 pio
148 1027 208 1067 non
219 1027 283 1088 eqo,
298 1007 350 1069 sed
366 1006 526 1080 Dominus,
543 1025 669 1068 umorem
685 1026 703 1066 o
719 1006 784 1068 uiro
799 1023 860 1066 non
875 1002 1028 1066 discedere
1042 1023 1054 1084 ,·

77 1095 161 1178 quod
169 1097 197 1157 si
218 1096 399 1172 discesserit,
415 1115 537 1158 monere
549 1095 714 1178 innuptum
730 1102 785 1156 out
799 1094 866 1156 viro
880 1114 935 1156 suo
951 1114 1054 1156 recon-

77 1184 182 1248 ciliari
205 1186 227 1247 ².
245 1185 282 1248 Ec
308 1203 443 1250 rursus:
467 1183 583 1250 Mulier
610 1185 746 1268 oliipoto
770 1192 813 1248 cst
836 1183 907 1266 topi,
936 1193 1052 1268 quanto

76 1285 214 1357 tompore
226 1276 274 1336 uir
289 1276 354 1358 ejus
371 1275 470 1337 uiuit:
485 1275 571 1358 quod
584 1275 610 1336 si
626 1273 789 1338 dormierit
803 1275 852 1336 cir
876 1273 954 1357 ejus,
981 1273 1052 1336 tite·

76 1373 150 1428 rato
162 1371 205 1426 est
218 1365 242 1426 ³.
258 1363 348 1428 Hisce
362 1365 455 1446 igitur
466 1367 568 1428 causis
586 1365 822 1428 matrimonium
838 1365 941 1426 extitit
953 1381 1052 1426 socro-

76 1460 213 1514 mentum
236 1473 380 1536 moqnnm
396 1453 420 1528 ⁴,
437 1451 616 1515 honorabile
628 1453 662 1514 in
677 1453 815 1515 omnibus
830 1453 854 1529 ⁵,
871 1453 970 1535 pium,
981 1469 1050 1516 cas·

77 1557 161 1616 turn,
199 1561 304 1604 rerum
335 1543 559 1606 altissimorum
588 1543 725 1624 imagine
759 1554 790 1606 ct
821 1541 1052 1624 significatione

77 1631 263 1694 serendum.

117 1721 226 1803 Neque
241 1721 278 1782 iis
299 1720 452 1782 duntaxat
467 1739 538 1800 quse
561 1729 806 1781 commemorata
830 1727 917 1798 sunt,
948 1719 1051 1783 chris·

76 1813 163 1874 tiana
174 1813 240 1890 eJus
253 1807 400 1890 perfectio
415 1807 636 1886 absolutisque
650 1809 841 1870 susstinetur.
858 1807 935 1870 Nam
947 1809 1049 1888 primo

74 1897 207 1981 quidem
231 1895 366 1976 nuptiali
389 1895 531 1958 societati
546 1895 699 1958 excelsius
727 1896 931 1975 quiddamst
959 1897 1050 1960 nobi-

75 1990 141 2051 tius
156 1985 353 2070 propositum
375 1994 432 2058 est,
449 2001 543 2064 quam
561 1993 650 2046 antea
667 1983 774 2047 inisset
789 2003 845 2062 ;ea
860 1988 947 2050 enim
963 2005 1051 2068 spec-

75 2092 144 2141 tare
156 2076 242 2156 jussa
253 2085 299 2136 est
313 2093 375 2136 non
394 2074 486 2136 niodo
502 2073 541 2133 ad
564 2075 802 2151 propagandum
821 2093 921 2154 genus
940 2079 1050 2138 buma-

74 2184 169 2240 num‚
197 2164 250 2227 sed
276 2163 313 2224 ad
343 2163 591 2242 ingeneramtam
617 2161 764 2226 Ecclesiae
792 2163 941 2240 sobolem,
970 2166 1047 2228 ciues

72 2257 261 2320 Sanctomcm
276 2262 304 2314 ct
320 2249 496 2313 domesticos
511 2249 567 2311 Dei
583 2249 596 2287 ⁶
612 2271 620 2330 3
637 2260 672 2314 ut
695 2252 844 2316 nimirum
858 2253 994 2338 populus
1009 2254 1051 2315 od

73 2355 141 2408 vert
154 2343 209 2405 [tei
231 2353 258 2404 et
273 2341 447 2405 Salvatoris
462 2341 560 2402 nostri
572 2339 688 2404 Christi
704 2341 820 2404 cultum
835 2344 1050 2426 etreliqionem

71 2440 292 2519 procrearetur
314 2437 406 2513 atquo
421 2427 605 2491 educaretur
626 2430 650 2488 ⁷.
673 2465 712 2474 -
738 2430 884 2494 Secundo
907 2434 976 2494 loco
993 2452 1050 2496 sua

73 2526 205 2606 utrique
219 2521 389 2602 conjugum
406 2529 480 2582 sunt
507 2519 611 2580 officia
627 2517 766 2598 definita,
793 2538 851 2582 sua
868 2522 941 2600 jura
973 2524 1050 2584 inte-

73 2633 131 2694 gre
154 2612 319 2692 descripta.
350 2609 411 2671 Eos
431 2606 549 2670 scilicet
577 2607 662 2688 ipsos
686 2626 812 2670 necesse
836 2619 881 2672 ost
910 2612 955 2673 sic
979 2629 1047 2673 esse

73 2703 184 2766 animo
199 2718 322 2780 semper
335 2697 472 2770 affectos,
487 2705 520 2758 ut
537 2713 676 2758 amorem
696 2698 882 2774 maximum²
897 2709 1046 2762 constan·

72 2803 141 2855 tem
156 2791 263 2862 fidem,
280 2789 377 2850 solers
398 2785 622 2868 assiduumque
655 2789 838 2867 praesidium
855 2789 943 2850 alteri
974 2790 1049 2852 alte-

73 2899 148 2944 rum
159 2879 272 2942 dobere
287 2875 475 2958 intelligant.
496 2875 606 2938 -Vis
622 2887 667 2938 est
694 2875 819 2941 tamiliae
835 2879 992 2960 princeps,
1016 2890 1047 2941 et

72 2977 173 3052 caput
193 2967 360 3045 mutieris;
386 2981 457 3045 quae
478 2973 596 3044 tamen,
621 2967 699 3048 quia
726 2985 799 3031 caro
819 2977 866 3032 ost
890 2968 930 3032 de
952 2987 1047 3030 carne

107 3187 133 3236 t.
148 3184 183 3234 td
195 3185 291 3246 Ephes„
301 3193 337 3240 v.‚
353 3179 393 3242 25,
405 3179 436 3229 ΞΒ
452 3185 478 3230 et
490 3193 536 3246 seq

105 3259 133 3307 2·
151 3257 230 3314 idon,
245 3267 289 3314 stt,
304 3253 342 3315 10,
357 3253 397 3303 tt.

106 3327 129 3376 3.
148 3326 216 3379 thid..
229 3337 272 3381 vit,
285 3323 323 3373 39.

105 3399 128 3447 i.
142 3399 175 3446 nd
194 3399 266 3460 Eph.‚
283 3409 317 3457 t,
332 3393 369 3448 32.

104 3471 132 3518 5.
152 3471 187 3517 Ad
204 3471 292 3528 aaut„
306 3479 358 3524 xiii,
375 3467 398 3518 t.

105 3542 128 3591 6.
142 3542 176 3589 tu
191 3541 259 3603 Eph..
278 3551 305 3600 n,
316 3539 357 3592 ts.

106 3605 130 3662 i.
142 3611 240 3660 catasta
255 3611 314 3661 Rem
329 3623 400 3674 resp.
419 3617 463 3661 tm
