2498 3966
159 225 164 236 '
199 229 257 290 808
402 246 541 295 nennius
562 245 670 294 conns
690 245 771 294 eunte
793 245 941 296 ostentet.

200 344 405 408 concursibus
426 363 511 424 segne
536 344 709 408 admodum
736 363 774 408 ee
799 345 971 409 difficulter
992 323 1091 410 veniis
1115 347 1153 409 de

199 435 303 496 causis
318 451 411 514 posse
425 433 547 496 servari
561 439 593 497 et
607 434 723 496 domno
739 435 845 515 potins
857 435 1036 497 animarum
1058 453 1154 514 quem

198 525 290 585 saluti
302 523 447 604 pnaebene
468 521 667 586 occasionem
689 545 719 600 n,
733 523 793 586 tec.
809 524 851 585 lv
869 523 921 586 die
938 524 1154 588 5decembcis

200 615 286 690 sset,
297 613 438 676 decrevit
454 629 464 676 τ

239 701 520 782 «Supplicandun
540 701 743 765 sanctissimo
771 707 806 764 ut
826 701 990 782 Episcopis
1015 701 1153 782 niiisqne
1243 723 1244 766 t

196 790 521 854 loconumOndineniis
532 791 705 854 concedere
720 791 872 871 dignetur
881 790 1151 854 ineuitetemsnti·

197 881 321 961 cipandi
337 881 387 943 die
400 881 460 942 sibi
475 879 625 943 benevisa
639 884 736 960 etque
752 882 793 942 ob
816 881 1026 960 gravissimus
1039 899 1152 944 cenem

196 972 292 1032 etism
320 969 524 1050 dispensandi
536 987 635 1050 super
648 969 719 1049 iege
745 969 856 1049 jejunii
885 976 917 1032 et
939 969 1149 1044 abstinentiae,

196 1063 322 1138 quondo
338 1061 453 1122 testum
469 1060 529 1122 sub
553 1064 691 1139 uinoque
713 1065 872 1138 pnaecepto
888 1060 1086 1120 secundum
1099 1077 1150 1138 pa·

195 1151 279 1212 troni
305 1149 490 1230 principalis
518 1154 574 1211 eut
594 1147 746 1224 titularis,
773 1149 823 1210 vei
847 1147 990 1210 solemne
1021 1149 1148 1228 aliquod

196 1241 311 1301 festum
320 1239 394 1301 item
406 1256 524 1316 magno
533 1235 725 1318 populorum
739 1255 898 1298 concursu
911 1237 1147 1317 celebrandum,

197 1327 343 1389 inciderit
371 1329 404 1388 in
420 1326 517 1388 feries
539 1331 646 1388 sextas
660 1332 714 1386 sut
730 1325 867 1388 sshhnte
880 1343 938 1406 pet·
952 1343 1086 1398 ennom,
1100 1343 1149 1387 ex·

196 1423 287 1497 cepto
308 1423 451 1494 tempore
472 1413 745 1496 Quedmgeeimae,
767 1415 879 1476 diebus
904 1414 1050 1487 Qustuoc
1063 1416 1147 1477 Tem-

197 1523 311 1587 pocum
322 1511 352 1566 et
366 1503 482 1583 vigiliis
495 1521 681 1586 perannum
688 1503 813 1582 jejunio
828 1504 1023 1566 consecretis
1034 1520 1042 1577 3
1054 1509 1147 1582 etque

198 1593 350 1657 utesdem
364 1593 560 1674 enticipsndi
580 1610 639 1655 eeu
652 1591 749 1653 etiem
765 1591 963 1672 grauissimis
978 1591 1019 1654 de
1046 1592 1146 1653 oensis

196 1681 403 1763 dispensandi
428 1687 585 1762 potestate
600 1681 646 1742 nti
674 1683 797 1760 possint
820 1700 879 1762 pco
899 1681 1011 1744 diebus
1032 1681 1146 1762 quibus

195 1773 342 1835 nundinee
357 1771 615 1834 extraordinarie
631 1788 747 1849 magno
767 1771 843 1832 item
864 1771 1060 1852 populorum
1075 1789 1146 1832 cen·

195 1881 291 1925 cursu
313 1861 494 1923 habeantur
510 1883 542 1921 ι.
561 1859 786 1922 Sanctissimus
798 1866 907 1922 eutem
923 1861 1101 1927 comnibus
1114 1864 1146 1920 et

195 1952 329 2031 singulis
350 1950 494 2013 locorum
509 1948 687 2012 Ordineriis
699 1949 881 2010 facultatem
895 1949 935 2010 de
950 1967 1015 2029 qus
1029 1950 1144 2028 agitur,

195 2041 357 2121 perpetuis
382 2041 496 2104 tuturis
521 2036 718 2118 temporibus
745 2037 905 2099 concessit
931 2056 969 2099 sc
990 2039 1142 2108 attribuit,

194 2133 278 2191 tecte
301 2136 406 2191 temen
423 2131 456 2192 in
471 2128 604 2209 singulis
626 2128 751 2189 essibus
775 2125 936 2189 mentione
962 2126 1144 2208 apostolice

194 2219 440 2298 dispensationis
457 2243 486 2283 n.

522 2545 599 2590 sinis
621 2545 693 2591 nonu
714 2542 813 2602 nescit
