2498 3966
207 183 264 246 lit
421 201 559 248 uranias
579 201 683 248 aorrus
703 203 785 249 runis
807 203 962 252 crnourcr.

206 319 345 402 quotidie
373 335 500 400 serpeus
530 316 744 400 plurimorum
775 320 900 383 animos
928 321 1073 400 invadat,
1101 329 1186 407 quasi

205 409 336 496 morbus
353 409 539 486 contagione
556 407 712 488 uulgatus,
733 417 789 471 eut
808 425 921 490 agmen
938 429 1113 494 equarum,
1136 434 1185 479 su·

206 502 320 582 peratis
334 496 513 580 aggeribus,
529 498 707 560 exundans.

244 589 315 650 llaec
335 595 419 650 certe
439 593 514 650 sunt
536 587 644 648 omnia
669 605 726 670 per
746 605 780 650 sc
802 587 885 652 clam
900 607 909 662 ;
926 590 981 654 sed
1005 595 1185 658 renovanda

205 685 490 758 rerumgestarum
514 678 666 738 memoria
691 679 774 740 liunt
799 679 944 742 clariora.
969 680 1130 746 -Simul
1153 705 1186 747 ac

205 772 261 832 iter
270 766 522 831 divortiistutum
536 766 603 847 lege
614 769 756 848 praestari
769 767 874 849 coepit,
885 767 1034 848 dissidia,
1045 773 1185 835 simulta-

205 869 260 934 tes,
277 857 467 921 secessiones
487 855 664 938 plurimum
682 875 807 920 crevere
823 874 831 930 ;
849 867 880 920 et
894 868 982 920 tanta
997 871 1046 923 est
1061 865 1183 924 vivendi

203 947 368 1031 turpitudo
386 955 565 1020 consecuta,
591 955 624 1008 ut
647 963 699 1008 eos
720 948 816 1026 ipsos,
837 948 891 1027 qui
920 947 1048 1012 luerent
1077 953 1182 1014 talium

202 1039 429 1102 discessionum
442 1032 633 1109 defensores,
652 1033 725 1096 lacti
741 1037 926 1116 poenituerit
941 1055 951 1113 ς
968 1039 1024 1120 qni
1039 1041 1101 1103 nisi
1115 1061 1183 1105 con-

203 1128 296 1191 traria
306 1127 373 1206 lege
383 1125 557 1187 remedium
567 1133 688 1187 mature
699 1127 895 1205 quaesissent,
912 1128 1095 1190 timendum
1110 1141 1182 1198 erat,

204 1237 243 1281 ne
263 1233 402 1299 praeceps
423 1213 457 1275 iu
476 1228 567 1276 suam
583 1213 650 1295 ipsa
667 1215 839 1295 perniciem
863 1215 1045 1295 respublica
1064 1218 1183 1280 dilabe

203 1318 299 1370 retur.
324 1337 360 1354 ··
386 1303 518 1366 Romani
535 1311 655 1366 ueteres
679 1305 781 1384 prima
805 1304 1015 1368 divortiorum
1042 1311 1182 1390 exempla

201 1398 352 1460 dicuntur
364 1392 557 1456 inhorruisse
567 1411 575 1472 ;
586 1391 640 1455 sed
656 1409 719 1456 non
736 1393 829 1472 longa
845 1411 931 1454 mora
946 1413 1061 1458 sensus
1071 1396 1183 1460 hones-

202 1485 273 1548 tatis
284 1485 316 1546 in
327 1483 442 1546 animis
451 1481 684 1564 obstupescere,
698 1483 1072 1564 moderatorcupidiratis
1084 1489 1185 1567 pudor

201 1575 341 1648 interire,
368 1571 510 1653 fidesque
537 1570 689 1652 nuptialis
718 1581 804 1633 tenta
829 1589 903 1634 cum
925 1571 1053 1635 licentia
1071 1575 1182 1638 uiolari

201 1665 306 1746 coepit,
327 1671 362 1726 ut
380 1666 529 1741 mag'nam
549 1662 612 1724 reri
634 1658 877 1722 similitudinem
904 1661 1020 1723 habere
1040 1663 1184 1728 rideatur

201 1753 288 1838 quod
301 1773 318 1816 a
330 1750 496 1814 nonnullis
510 1749 662 1830 scriptum
676 1749 823 1828 legimus,
841 1747 991 1810 mulieres
1005 1763 1183 1818 normula·
1230 1827 1231 1840 χ

201 1846 286 1908 tione
309 1840 491 1915 consulum,
506 1837 560 1902 sed
579 1838 765 1901 maritorum
783 1856 972 1900 enumerare
991 1857 1095 1904 aranos
1114 1861 1184 1904 con·
1230 1873 1231 1931 ,

202 1933 350 1997 suerisse.
376 1965 412 1978 -
445 1929 513 1990 Pari
544 1928 637 1991 modo
671 1925 758 2008 apud
786 1925 997 1989 Protestantes
1026 1931 1182 2012 principio

201 2023 328 2106 quidem
344 2023 426 2102 leges
439 2025 619 2091 sanxerant,
636 2027 671 2080 ut
685 2016 819 2080 divortia
830 2015 897 2078 fieri
913 2016 1025 2080 liceret
1038 2023 1131 2082 certis
1143 2023 1181 2085 de

202 2113 315 2186 causis,
340 2110 442 2192 iisque
470 2125 534 2171 non
559 2125 634 2169 sane
659 2106 796 2170 multis:
823 2107 899 2168 istas
921 2115 1029 2168 tamen
1057 2121 1179 2190 propter

200 2217 306 2264 rerum
330 2199 483 2260 similium
506 2195 692 2259 allinitatem
711 2203 910 2277 compertum
932 2193 988 2258 est‘
1005 2196 1038 2258 in
1065 2207 1173 2260 tanum
1229 2239 1230 2242 κ

201 2285 438 2353 multitudinem
465 2287 640 2350 excrevisse
661 2285 744 2367 apud
766 2284 949 2358 Germanos,
968 2287 1165 2362 Americanos,

201 2381 353 2458 aliosque,
368 2383 403 2440 ut
413 2377 466 2458 qui
476 2393 539 2438 non
550 2376 644 2436 stulte
657 2375 846 2456 sapuissent,
857 2390 1058 2456 magnopere
1066 2373 1168 2437 dellen-

200 2470 274 2532 dam
302 2467 440 2549 putarint
466 2465 623 2528 infinitam
652 2479 777 2526 morum
800 2461 1065 2544 depravationem
1087 2473 1172 2544 atque
1228 2493 1229 2500 κ

202 2555 430 2622 intolerandam
447 2555 551 2636 legum
568 2553 785 2614 temeritatem.
1228 2549 1229 2597 l

239 2649 345 2727 Neque
371 2645 461 2706 aliter·
488 2661 522 2704 ee
550 2659 600 2704 res
628 2641 740 2703 babuit
769 2643 800 2702 in
828 2641 1012 2704 ciuitatibus
1035 2641 1177 2705 catholici

201 2739 338 2802 nominis
361 2737 417 2796 :in
440 2733 556 2815 quibus
583 2731 609 2794 si
631 2729 761 2812 quandb
781 2730 874 2794 datus
895 2741 941 2790 est
960 2731 1179 2812 conjugiorum
1227 2803 1228 2812 ἵ

199 2827 339 2891 dissidiis
363 2823 462 2899 locus,
490 2821 777 2896 incommodorum,
805 2837 877 2900 quae
901 2828 1074 2882 consecuta
1097 2829 1178 2894 sunt,

200 2915 371 2978 multitudo
403 2912 585 2994 opinionem
624 2908 837 2989 legislatorum
865 2910 958 2988 longe
986 2909 1076 2972 sicit.
1106 2911 1179 2971 liam

199 3007 300 3069 scelus
331 3003 541 3084 plurimorum
570 2997 640 3071 l'uit,
674 2999 712 3059 ad
745 3015 873 3061 omnem
909 2997 1064 3058 malitiam
1099 2997 1181 3059 laeu-

198 3097 335 3172 demque
360 3109 483 3153 versare
508 3096 644 3150 mentem
671 3105 708 3147 ae
731 3105 787 3167 per
814 3085 965 3150 saeuitiam
991 3085 1178 3149 adhibitam.
1226 3105 1227 3138 t

200 3201 254 3263 per
268 3178 410 3256 injurios,
424 3197 479 3260 per
490 3175 645 3240 adulteria
655 3175 894 3256 lingereoausas
905 3174 946 3238 ad
956 3173 1037 3237 illud
1051 3175 1179 3257 impune

198 3266 444 3342 dissolvendum,
461 3266 553 3344 quus
575 3275 743 3346 pertaesum
759 3272 841 3326 esset
854 3263 1094 3343 coniunctionis
1116 3281 1178 3326 ma·

197 3354 297 3415 ritulis
313 3353 477 3415 vinculum
493 3373 500 3415 :
517 3353 614 3433 idque
639 3371 713 3416 cum
735 3361 823 3415 tanto
847 3353 986 3436 publicae
1001 3351 1178 3414 honestetis

196 3443 395 3514 detrimento,
409 3451 578 3521 utoperam
588 3441 798 3504 emendandis
808 3440 1175 3522 legibusquamprimum

195 3530 261 3590 dari
277 3547 387 3592 omnes
399 3528 612 3608 judicaverint
626 3537 783 3610 oportere.
795 3560 835 3578 -ι-
849 3529 887 3591 Et
899 3529 1071 3610 quisquam
1085 3527 1176 3590 dubi·
