<?xml version="1.0" encoding="UTF-8"?>
<!DOCTYPE html PUBLIC "-//W3C//DTD XHTML 1.0 Transitional//EN"
    "http://www.w3.org/TR/xhtml1/DTD/xhtml1-transitional.dtd">
<html xmlns="http://www.w3.org/1999/xhtml" xml:lang="en" lang="en">
 <head>
  <title>
</title>
<meta http-equiv="Content-Type" content="text/html;charset=utf-8" />
  <meta name='ocr-system' content='tesseract 3.04.00' />
  <meta name='ocr-capabilities' content='ocr_page ocr_carea ocr_par ocr_line ocrx_word'/>
</head>
<body>
  <div class='ocr_page' id='page_1' title='image "./manualetotiusju00craigoog_0640.png"; bbox 0 0 2462 3972; ppageno 0'>
   <div class='ocr_carea' id='block_1_1' title="bbox 415 151 1020 208">
    <p class='ocr_par' dir='ltr' id='par_1_1' title="bbox 415 151 1020 208">
     <span class='ocr_line' id='line_1_1' title="bbox 415 151 1020 208; baseline 0 0"><span class='ocrx_word' id='word_1_1' title='bbox 415 163 499 208; x_wconf 75' lang='lat' dir='ltr'>svera</span> <span class='ocrx_word' id='word_1_2' title='bbox 512 161 671 207; x_wconf 80' lang='lat' dir='ltr'>sacoaras.</span> <span class='ocrx_word' id='word_1_3' title='bbox 962 151 1020 208; x_wconf 79' lang='grc'>633</span> 
     </span>
    </p>
   </div>
   <div class='ocr_carea' id='block_1_2' title="bbox 10 256 1031 3645">
    <p class='ocr_par' dir='ltr' id='par_1_2' title="bbox 39 256 1019 430">
     <span class='ocr_line' id='line_1_2' title="bbox 41 256 1019 340; baseline 0.004 -23"><span class='ocrx_word' id='word_1_4' title='bbox 41 256 183 320; x_wconf 81' lang='lat' dir='ltr'>hovvorari</span> <span class='ocrx_word' id='word_1_5' title='bbox 205 257 262 320; x_wconf 89' lang='lat' dir='ltr'>nisi</span> <span class='ocrx_word' id='word_1_6' title='bbox 286 276 341 340; x_wconf 92' lang='lat' dir='ltr'>per</span> <span class='ocrx_word' id='word_1_7' title='bbox 363 256 394 320; x_wconf 93' lang='lat' dir='ltr'>id</span> <span class='ocrx_word' id='word_1_8' title='bbox 408 256 491 339; x_wconf 89' lang='lat' dir='ltr'>qnod</span> <span class='ocrx_word' id='word_1_9' title='bbox 511 257 539 319; x_wconf 90' lang='lat' dir='ltr'>ei</span> <span class='ocrx_word' id='word_1_10' title='bbox 561 257 678 339; x_wconf 90' lang='lat' dir='ltr'>placet:</span> <span class='ocrx_word' id='word_1_11' title='bbox 696 262 726 318; x_wconf 88' lang='lat' dir='ltr'>at</span> <span class='ocrx_word' id='word_1_12' title='bbox 744 256 935 338; x_wconf 86' lang='lat' dir='ltr'>Deoplacere</span> <span class='ocrx_word' id='word_1_13' title='bbox 959 277 1019 321; x_wconf 91' lang='lat' dir='ltr'>non</span> 
     </span>
     <span class='ocr_line' id='line_1_3' title="bbox 39 344 1017 430; baseline 0.002 -22"><span class='ocrx_word' id='word_1_14' title='bbox 39 353 143 428; x_wconf 90' lang='lat' dir='ltr'>posset</span> <span class='ocrx_word' id='word_1_15' title='bbox 157 345 241 428; x_wconf 82' lang='lat' dir='ltr'>qudd</span> <span class='ocrx_word' id='word_1_16' title='bbox 255 347 325 430; x_wconf 88' lang='lat' dir='ltr'>quis</span> <span class='ocrx_word' id='word_1_17' title='bbox 336 365 369 410; x_wconf 87' lang='lat' dir='ltr'>se</span> <span class='ocrx_word' id='word_1_18' title='bbox 380 346 526 429; x_wconf 73' lang='lat' dir='ltr'>obligaret</span> <span class='ocrx_word' id='word_1_19' title='bbox 540 344 578 407; x_wconf 94' lang='lat' dir='ltr'>ad</span> <span class='ocrx_word' id='word_1_20' title='bbox 589 345 619 407; x_wconf 92' lang='lat' dir='ltr'>id</span> <span class='ocrx_word' id='word_1_21' title='bbox 634 345 716 426; x_wconf 88' lang='lat' dir='ltr'>quod</span> <span class='ocrx_word' id='word_1_22' title='bbox 732 364 792 408; x_wconf 92' lang='lat' dir='ltr'>non</span> <span class='ocrx_word' id='word_1_23' title='bbox 807 351 884 410; x_wconf 89' lang='lat' dir='ltr'>osset</span> <span class='ocrx_word' id='word_1_24' title='bbox 899 345 1017 410; x_wconf 89' lang='lat' dir='ltr'>melius.</span> 
     </span>
    </p>

    <p class='ocr_par' dir='ltr' id='par_1_3' title="bbox 39 434 1019 963">
     <span class='ocr_line' id='line_1_4' title="bbox 81 434 1019 520; baseline 0.004 -24"><span class='ocrx_word' id='word_1_25' title='bbox 81 435 133 498; x_wconf 88' lang='lat' dir='ltr'>Sic</span> <span class='ocrx_word' id='word_1_26' title='bbox 146 436 280 498; x_wconf 89' lang='lat' dir='ltr'>validum</span> <span class='ocrx_word' id='word_1_27' title='bbox 294 435 418 520; x_wconf 92' lang='lat' dir='ltr'>quidem</span> <span class='ocrx_word' id='word_1_28' title='bbox 432 441 510 498; x_wconf 88' lang='lat' dir='ltr'>esset</span> <span class='ocrx_word' id='word_1_29' title='bbox 524 441 625 497; x_wconf 89' lang='lat' dir='ltr'>votum</span> <span class='ocrx_word' id='word_1_30' title='bbox 635 434 673 496; x_wconf 91' lang='lat' dir='ltr'>dc</span> <span class='ocrx_word' id='word_1_31' title='bbox 684 454 744 498; x_wconf 88' lang='lat' dir='ltr'>non</span> <span class='ocrx_word' id='word_1_32' title='bbox 757 436 887 517; x_wconf 84' lang='lat' dir='ltr'>petendt</span> <span class='ocrx_word' id='word_1_33' title='bbox 900 434 1019 519; x_wconf 90' lang='lat' dir='ltr'>dispen-</span> 
     </span>
     <span class='ocr_line' id='line_1_5' title="bbox 40 522 1018 605; baseline 0.003 -19"><span class='ocrx_word' id='word_1_34' title='bbox 40 524 157 587; x_wconf 83' lang='lat' dir='ltr'>satione</span> <span class='ocrx_word' id='word_1_35' title='bbox 171 524 236 586; x_wconf 77' lang='lat' dir='ltr'>sind</span> <span class='ocrx_word' id='word_1_36' title='bbox 253 526 333 605; x_wconf 83' lang='lat' dir='ltr'>justt</span> <span class='ocrx_word' id='word_1_37' title='bbox 351 526 459 602; x_wconf 79' lang='lat' dir='ltr'>coust,</span> <span class='ocrx_word' id='word_1_38' title='bbox 480 529 511 586; x_wconf 87' lang='lat' dir='ltr'>et</span> <span class='ocrx_word' id='word_1_39' title='bbox 523 522 709 605; x_wconf 83' lang='lat' dir='ltr'>probabitius</span> <span class='ocrx_word' id='word_1_40' title='bbox 723 524 799 586; x_wconf 90' lang='lat' dir='ltr'>valet</span> <span class='ocrx_word' id='word_1_41' title='bbox 812 525 903 588; x_wconf 88' lang='lat' dir='ltr'>etiam</span> <span class='ocrx_word' id='word_1_42' title='bbox 917 533 1018 590; x_wconf 89' lang='lat' dir='ltr'>votum</span> 
     </span>
     <span class='ocr_line' id='line_1_6' title="bbox 39 611 1018 696; baseline 0.005 -23"><span class='ocrx_word' id='word_1_43' title='bbox 39 611 77 674; x_wconf 90' lang='lat' dir='ltr'>de</span> <span class='ocrx_word' id='word_1_44' title='bbox 91 612 150 676; x_wconf 80' lang='lat' dir='ltr'>hdr</span> <span class='ocrx_word' id='word_1_45' title='bbox 164 632 225 676; x_wconf 92' lang='lat' dir='ltr'>non</span> <span class='ocrx_word' id='word_1_46' title='bbox 234 613 364 696; x_wconf 80' lang='lat' dir='ltr'>petenda</span> <span class='ocrx_word' id='word_1_47' title='bbox 377 614 468 676; x_wconf 85' lang='lat' dir='ltr'>etiarn</span> <span class='ocrx_word' id='word_1_48' title='bbox 479 630 551 676; x_wconf 89' lang='lat' dir='ltr'>cum</span> <span class='ocrx_word' id='word_1_49' title='bbox 561 612 641 693; x_wconf 84' lang='lat' dir='ltr'>juattl</span> <span class='ocrx_word' id='word_1_50' title='bbox 655 615 745 676; x_wconf 78' lang='lat' dir='ltr'>causa</span> <span class='ocrx_word' id='word_1_51' title='bbox 758 633 765 675; x_wconf 91' lang='lat'>:</span> <span class='ocrx_word' id='word_1_52' title='bbox 779 613 832 676; x_wconf 90' lang='lat' dir='ltr'>sed</span> <span class='ocrx_word' id='word_1_53' title='bbox 846 613 904 677; x_wconf 90' lang='lat' dir='ltr'>hoc</span> <span class='ocrx_word' id='word_1_54' title='bbox 915 623 1018 678; x_wconf 90' lang='lat' dir='ltr'>votum</span> 
     </span>
     <span class='ocr_line' id='line_1_7' title="bbox 40 701 1018 786; baseline 0.009 -27"><span class='ocrx_word' id='word_1_55' title='bbox 40 701 232 786; x_wconf 16' lang='lat' dir='ltr'>non-obligat</span> <span class='ocrx_word' id='word_1_56' title='bbox 245 721 319 766; x_wconf 86' lang='lat' dir='ltr'>casu</span> <span class='ocrx_word' id='word_1_57' title='bbox 338 720 400 785; x_wconf 91' lang='lat' dir='ltr'>quo</span> <span class='ocrx_word' id='word_1_58' title='bbox 419 701 522 764; x_wconf 90' lang='lat' dir='ltr'>utilius</span> <span class='ocrx_word' id='word_1_59' title='bbox 538 707 617 765; x_wconf 88' lang='lat' dir='ltr'>esset</span> <span class='ocrx_word' id='word_1_60' title='bbox 630 701 746 764; x_wconf 86' lang='lat' dir='ltr'>voventi</span> <span class='ocrx_word' id='word_1_61' title='bbox 762 702 1018 785; x_wconf 77' lang='lat' dir='ltr'>dispensationem</span> 
     </span>
     <span class='ocr_line' id='line_1_8' title="bbox 40 788 1018 874; baseline 0.006 -22"><span class='ocrx_word' id='word_1_62' title='bbox 40 798 154 874; x_wconf 89' lang='lat' dir='ltr'>petere.</span> <span class='ocrx_word' id='word_1_63' title='bbox 171 790 325 871; x_wconf 82' lang='lat' dir='ltr'>Quidquid</span> <span class='ocrx_word' id='word_1_64' title='bbox 334 797 436 854; x_wconf 89' lang='lat' dir='ltr'>autem</span> <span class='ocrx_word' id='word_1_65' title='bbox 450 788 535 852; x_wconf 89' lang='lat' dir='ltr'>sitde</span> <span class='ocrx_word' id='word_1_66' title='bbox 548 788 617 866; x_wconf 90' lang='lat' dir='ltr'>hoc,</span> <span class='ocrx_word' id='word_1_67' title='bbox 627 791 707 854; x_wconf 77' lang='lat' dir='ltr'>certa</span> <span class='ocrx_word' id='word_1_68' title='bbox 715 790 782 853; x_wconf 90' lang='lat' dir='ltr'>talis</span> <span class='ocrx_word' id='word_1_69' title='bbox 795 809 906 856; x_wconf 88' lang='lat' dir='ltr'>vovens</span> <span class='ocrx_word' id='word_1_70' title='bbox 922 799 1018 874; x_wconf 89' lang='lat' dir='ltr'>potest</span> 
     </span>
     <span class='ocr_line' id='line_1_9' title="bbox 39 879 950 963; baseline 0.004 -21"><span class='ocrx_word' id='word_1_71' title='bbox 39 879 312 944; x_wconf 89' lang='lat' dir='ltr'>commutationem</span> <span class='ocrx_word' id='word_1_72' title='bbox 326 879 472 962; x_wconf 77' lang='lat' dir='ltr'>llagdme.</span> <span class='ocrx_word' id='word_1_73' title='bbox 487 880 530 958; x_wconf 86' lang='lat' dir='ltr'>(S.</span> <span class='ocrx_word' id='word_1_74' title='bbox 546 879 682 961; x_wconf 74' lang='lat' dir='ltr'>Lignum,</span> <span class='ocrx_word' id='word_1_75' title='bbox 696 879 747 942; x_wconf 89' lang='lat' dir='ltr'>lib.</span> <span class='ocrx_word' id='word_1_76' title='bbox 764 883 803 957; x_wconf 85' lang='lat'>3,</span> <span class='ocrx_word' id='word_1_77' title='bbox 820 889 852 944; x_wconf 89' lang='lat' dir='ltr'>n·</span> <span class='ocrx_word' id='word_1_78' title='bbox 865 885 950 963; x_wconf 74' lang='lat'><strong>208.)</strong></span> 
     </span>
    </p>

    <p class='ocr_par' dir='ltr' id='par_1_4' title="bbox 40 968 1021 1763">
     <span class='ocr_line' id='line_1_10' title="bbox 81 968 1019 1054; baseline 0.006 -24"><span class='ocrx_word' id='word_1_79' title='bbox 81 972 173 1032; x_wconf 77' lang='lat' dir='ltr'>orat.</span> <span class='ocrx_word' id='word_1_80' title='bbox 185 969 216 1032; x_wconf 91' lang='lat' dir='ltr'>Si</span> <span class='ocrx_word' id='word_1_81' title='bbox 230 987 279 1032; x_wconf 90' lang='lat' dir='ltr'>res</span> <span class='ocrx_word' id='word_1_82' title='bbox 289 975 358 1032; x_wconf 89' lang='lat' dir='ltr'>voto</span> <span class='ocrx_word' id='word_1_83' title='bbox 367 968 515 1051; x_wconf 91' lang='lat' dir='ltr'>promissa</span> <span class='ocrx_word' id='word_1_84' title='bbox 525 969 634 1049; x_wconf 87' lang='lat' dir='ltr'>partim</span> <span class='ocrx_word' id='word_1_85' title='bbox 651 969 689 1032; x_wconf 90' lang='lat' dir='ltr'>sit</span> <span class='ocrx_word' id='word_1_86' title='bbox 702 969 853 1052; x_wconf 89' lang='lat' dir='ltr'>possibilis</span> <span class='ocrx_word' id='word_1_87' title='bbox 866 977 897 1034; x_wconf 89' lang='lat' dir='ltr'>et</span> <span class='ocrx_word' id='word_1_88' title='bbox 909 974 1019 1054; x_wconf 88' lang='lat' dir='ltr'>partim</span> 
     </span>
     <span class='ocr_line' id='line_1_11' title="bbox 41 1057 1020 1154; baseline 0.007 -36"><span class='ocrx_word' id='word_1_89' title='bbox 41 1057 247 1154; x_wconf 86' lang='lat' dir='ltr'>impossibilis,</span> <span class='ocrx_word' id='word_1_90' title='bbox 255 1059 438 1122; x_wconf 89' lang='lat' dir='ltr'>valetvotum</span> <span class='ocrx_word' id='word_1_91' title='bbox 450 1057 480 1119; x_wconf 93' lang='lat' dir='ltr'>in</span> <span class='ocrx_word' id='word_1_92' title='bbox 491 1065 638 1140; x_wconf 90' lang='lat' dir='ltr'>quantum</span> <span class='ocrx_word' id='word_1_93' title='bbox 647 1057 796 1142; x_wconf 90' lang='lat' dir='ltr'>possibilis</span> <span class='ocrx_word' id='word_1_94' title='bbox 805 1061 1020 1140; x_wconf 85' lang='lat' dir='ltr'>estejusadim-</span> 
     </span>
     <span class='ocr_line' id='line_1_12' title="bbox 41 1147 1019 1231; baseline 0.006 -23"><span class='ocrx_word' id='word_1_95' title='bbox 41 1147 153 1228; x_wconf 80' lang='lat' dir='ltr'>plotio:</span> <span class='ocrx_word' id='word_1_96' title='bbox 169 1167 198 1211; x_wconf 90' lang='lat' dir='ltr'>v.</span> <span class='ocrx_word' id='word_1_97' title='bbox 215 1167 246 1231; x_wconf 79' lang='lat' dir='ltr'>g.</span> <span class='ocrx_word' id='word_1_98' title='bbox 259 1195 268 1225; x_wconf 95' lang='lat'>,</span> <span class='ocrx_word' id='word_1_99' title='bbox 283 1148 308 1210; x_wconf 89' lang='lat' dir='ltr'>si</span> <span class='ocrx_word' id='word_1_100' title='bbox 326 1148 436 1227; x_wconf 85' lang='lat' dir='ltr'>conjux</span> <span class='ocrx_word' id='word_1_101' title='bbox 452 1153 556 1210; x_wconf 86' lang='lat' dir='ltr'>voveat</span> <span class='ocrx_word' id='word_1_102' title='bbox 569 1148 756 1228; x_wconf 86' lang='lat' dir='ltr'>castitatem,</span> <span class='ocrx_word' id='word_1_103' title='bbox 772 1155 891 1212; x_wconf 90' lang='lat' dir='ltr'>tenetur</span> <span class='ocrx_word' id='word_1_104' title='bbox 904 1150 943 1214; x_wconf 92' lang='lat' dir='ltr'>ad</span> <span class='ocrx_word' id='word_1_105' title='bbox 957 1171 1019 1214; x_wconf 92' lang='lat' dir='ltr'>non</span> 
     </span>
     <span class='ocr_line' id='line_1_13' title="bbox 40 1235 1020 1320; baseline 0.007 -23"><span class='ocrx_word' id='word_1_106' title='bbox 40 1236 207 1316; x_wconf 85' lang='lat' dir='ltr'>petendum</span> <span class='ocrx_word' id='word_1_107' title='bbox 221 1235 357 1300; x_wconf 88' lang='lat' dir='ltr'>debitum</span> <span class='ocrx_word' id='word_1_108' title='bbox 371 1236 539 1318; x_wconf 80' lang='lat' dir='ltr'>conjugale.</span> <span class='ocrx_word' id='word_1_109' title='bbox 551 1237 631 1316; x_wconf 79' lang='lat' dir='ltr'>lmo,</span> <span class='ocrx_word' id='word_1_110' title='bbox 644 1237 729 1318; x_wconf 83' lang='lat' dir='ltr'>juxta</span> <span class='ocrx_word' id='word_1_111' title='bbox 739 1256 806 1320; x_wconf 89' lang='lat' dir='ltr'>cap.</span> <span class='ocrx_word' id='word_1_112' title='bbox 821 1237 966 1316; x_wconf 72' lang='lat' dir='ltr'>(levidam,</span> <span class='ocrx_word' id='word_1_113' title='bbox 986 1242 1020 1305; x_wconf 83' lang='lat' dir='ltr'>de</span> 
     </span>
     <span class='ocr_line' id='line_1_14' title="bbox 40 1323 1021 1409; baseline 0.007 -24"><span class='ocrx_word' id='word_1_114' title='bbox 40 1345 168 1390; x_wconf 80' lang='lat' dir='ltr'>conum.</span> <span class='ocrx_word' id='word_1_115' title='bbox 184 1325 324 1409; x_wconf 58' lang='lat' dir='ltr'>conjaq„</span> <span class='ocrx_word' id='word_1_116' title='bbox 343 1325 399 1388; x_wconf 90' lang='lat' dir='ltr'>etsi</span> <span class='ocrx_word' id='word_1_117' title='bbox 414 1323 560 1408; x_wconf 86' lang='lat' dir='ltr'>prolessio</span> <span class='ocrx_word' id='word_1_118' title='bbox 574 1326 733 1408; x_wconf 79' lang='lat' dir='ltr'>religiosa,</span> <span class='ocrx_word' id='word_1_119' title='bbox 749 1327 842 1391; x_wconf 81' lang='lat' dir='ltr'>invita</span> <span class='ocrx_word' id='word_1_120' title='bbox 853 1348 966 1406; x_wconf 84' lang='lat' dir='ltr'>uxore,</span> <span class='ocrx_word' id='word_1_121' title='bbox 983 1331 1021 1394; x_wconf 88' lang='lat' dir='ltr'>sit</span> 
     </span>
     <span class='ocr_line' id='line_1_15' title="bbox 42 1415 1017 1502; baseline 0.006 -26"><span class='ocrx_word' id='word_1_122' title='bbox 42 1415 142 1494; x_wconf 90' lang='lat' dir='ltr'>nulla,</span> <span class='ocrx_word' id='word_1_123' title='bbox 154 1421 275 1479; x_wconf 89' lang='lat' dir='ltr'>tenetur</span> <span class='ocrx_word' id='word_1_124' title='bbox 286 1422 389 1478; x_wconf 90' lang='lat' dir='ltr'>tamen</span> <span class='ocrx_word' id='word_1_125' title='bbox 398 1433 509 1477; x_wconf 86' lang='lat' dir='ltr'>vovens</span> <span class='ocrx_word' id='word_1_126' title='bbox 517 1433 579 1478; x_wconf 93' lang='lat' dir='ltr'>non</span> <span class='ocrx_word' id='word_1_127' title='bbox 594 1416 839 1497; x_wconf 87' lang='lat' dir='ltr'>petaredebitum</span> <span class='ocrx_word' id='word_1_128' title='bbox 848 1420 1017 1502; x_wconf 78' lang='lat' dir='ltr'>conjugale.</span> 
     </span>
     <span class='ocr_line' id='line_1_16' title="bbox 41 1503 1020 1590; baseline 0.011 -27"><span class='ocrx_word' id='word_1_129' title='bbox 41 1504 128 1568; x_wconf 79' lang='lat' dir='ltr'>Valet</span> <span class='ocrx_word' id='word_1_130' title='bbox 144 1505 237 1569; x_wconf 87' lang='lat' dir='ltr'>etiam</span> <span class='ocrx_word' id='word_1_131' title='bbox 251 1511 354 1568; x_wconf 89' lang='lat' dir='ltr'>votum</span> <span class='ocrx_word' id='word_1_132' title='bbox 377 1503 403 1567; x_wconf 90' lang='lat' dir='ltr'>si</span> <span class='ocrx_word' id='word_1_133' title='bbox 427 1504 591 1586; x_wconf 80' lang='lat' dir='ltr'>principale</span> <span class='ocrx_word' id='word_1_134' title='bbox 611 1503 691 1568; x_wconf 88' lang='lat' dir='ltr'>illius</span> <span class='ocrx_word' id='word_1_135' title='bbox 708 1505 745 1568; x_wconf 89' lang='lat' dir='ltr'>sit</span> <span class='ocrx_word' id='word_1_136' title='bbox 768 1508 931 1590; x_wconf 89' lang='lat' dir='ltr'>possibile,</span> <span class='ocrx_word' id='word_1_137' title='bbox 950 1510 1020 1574; x_wconf 90' lang='lat' dir='ltr'>licet</span> 
     </span>
     <span class='ocr_line' id='line_1_17' title="bbox 42 1593 1018 1682; baseline 0.007 -28"><span class='ocrx_word' id='word_1_138' title='bbox 42 1594 229 1676; x_wconf 82' lang='lat' dir='ltr'>impossibile</span> <span class='ocrx_word' id='word_1_139' title='bbox 242 1595 279 1656; x_wconf 90' lang='lat' dir='ltr'>sit</span> <span class='ocrx_word' id='word_1_140' title='bbox 292 1593 509 1670; x_wconf 78' lang='lat' dir='ltr'>accessorium3</span> <span class='ocrx_word' id='word_1_141' title='bbox 525 1612 631 1672; x_wconf 87' lang='lat' dir='ltr'>secus,</span> <span class='ocrx_word' id='word_1_142' title='bbox 648 1593 672 1656; x_wconf 86' lang='lat' dir='ltr'>si</span> <span class='ocrx_word' id='word_1_143' title='bbox 686 1595 867 1661; x_wconf 78' lang='lat' dir='ltr'>econverso.</span> <span class='ocrx_word' id='word_1_144' title='bbox 881 1599 924 1680; x_wconf 86' lang='lat' dir='ltr'>(S.</span> <span class='ocrx_word' id='word_1_145' title='bbox 936 1600 1018 1682; x_wconf 83' lang='lat' dir='ltr'>Lig.,</span> 
     </span>
     <span class='ocr_line' id='line_1_18' title="bbox 43 1683 295 1763; baseline 0 -19"><span class='ocrx_word' id='word_1_146' title='bbox 43 1683 93 1744; x_wconf 89' lang='lat' dir='ltr'>lib.</span> <span class='ocrx_word' id='word_1_147' title='bbox 116 1687 148 1758; x_wconf 82' lang='lat'>3,</span> <span class='ocrx_word' id='word_1_148' title='bbox 165 1687 295 1763; x_wconf 68' lang='lat' dir='ltr'>n0202.)</span> 
     </span>
    </p>

    <p class='ocr_par' dir='ltr' id='par_1_5' title="bbox 10 1770 1023 2836">
     <span class='ocr_line' id='line_1_19' title="bbox 81 1770 1019 1858; baseline 0.002 -22"><span class='ocrx_word' id='word_1_149' title='bbox 81 1777 175 1838; x_wconf 73' lang='lat'><strong>5195.</strong></span> <span class='ocrx_word' id='word_1_150' title='bbox 198 1774 243 1834; x_wconf 84' lang='lat' dir='ltr'>Ex</span> <span class='ocrx_word' id='word_1_151' title='bbox 253 1772 299 1836; x_wconf 88' lang='lat' dir='ltr'>his</span> <span class='ocrx_word' id='word_1_152' title='bbox 318 1770 467 1836; x_wconf 82' lang='lat' dir='ltr'>conclude</span> <span class='ocrx_word' id='word_1_153' title='bbox 481 1771 647 1834; x_wconf 91' lang='lat' dir='ltr'>invalidum</span> <span class='ocrx_word' id='word_1_154' title='bbox 660 1789 726 1834; x_wconf 87' lang='lat' dir='ltr'>esse</span> <span class='ocrx_word' id='word_1_155' title='bbox 741 1780 845 1837; x_wconf 90' lang='lat' dir='ltr'>votum</span> <span class='ocrx_word' id='word_1_156' title='bbox 863 1794 1019 1858; x_wconf 87' lang='lat' dir='ltr'>nunquam</span> 
     </span>
     <span class='ocr_line' id='line_1_20' title="bbox 41 1859 1020 1945; baseline 0.002 -19"><span class='ocrx_word' id='word_1_157' title='bbox 41 1861 192 1945; x_wconf 86' lang='lat' dir='ltr'>peccandi</span> <span class='ocrx_word' id='word_1_158' title='bbox 216 1862 391 1940; x_wconf 84' lang='lat' dir='ltr'>venialiter,</span> <span class='ocrx_word' id='word_1_159' title='bbox 415 1861 487 1923; x_wconf 80' lang='lat' dir='ltr'>cum</span> <span class='ocrx_word' id='word_1_160' title='bbox 506 1859 536 1922; x_wconf 95' lang='lat' dir='ltr'>id</span> <span class='ocrx_word' id='word_1_161' title='bbox 555 1861 592 1922; x_wconf 91' lang='lat' dir='ltr'>sit</span> <span class='ocrx_word' id='word_1_162' title='bbox 615 1860 799 1942; x_wconf 89' lang='lat' dir='ltr'>impossibile</span> <span class='ocrx_word' id='word_1_163' title='bbox 815 1883 822 1924; x_wconf 94' lang='lat'><strong>:</strong></span> <span class='ocrx_word' id='word_1_164' title='bbox 838 1863 896 1926; x_wconf 89' lang='lat' dir='ltr'>tale</span> <span class='ocrx_word' id='word_1_165' title='bbox 918 1873 1020 1928; x_wconf 91' lang='lat' dir='ltr'>votum</span> 
     </span>
     <span class='ocr_line' id='line_1_21' title="bbox 10 1947 1021 2035; baseline 0.004 -21"><span class='ocrx_word' id='word_1_166' title='bbox 10 1947 11 1956; x_wconf 74' lang='grc'>’</span> <span class='ocrx_word' id='word_1_167' title='bbox 41 1955 197 2032; x_wconf 82' lang='lat' dir='ltr'>emittam,</span> <span class='ocrx_word' id='word_1_168' title='bbox 210 1955 364 2015; x_wconf 87' lang='lat' dir='ltr'>teneretur</span> <span class='ocrx_word' id='word_1_169' title='bbox 377 1955 480 2013; x_wconf 68' lang='lat' dir='ltr'>nmen</span> <span class='ocrx_word' id='word_1_170' title='bbox 494 1949 531 2012; x_wconf 87' lang='lat' dir='ltr'>ad</span> <span class='ocrx_word' id='word_1_171' title='bbox 545 1949 664 2012; x_wconf 89' lang='lat' dir='ltr'>vitanda</span> <span class='ocrx_word' id='word_1_172' title='bbox 678 1949 833 2029; x_wconf 88' lang='lat' dir='ltr'>mortalia;</span> <span class='ocrx_word' id='word_1_173' title='bbox 848 1953 911 2017; x_wconf 80' lang='lat' dir='ltr'>imo</span> <span class='ocrx_word' id='word_1_174' title='bbox 920 2001 928 2034; x_wconf 95' lang='lat'>,</span> <span class='ocrx_word' id='word_1_175' title='bbox 937 1955 1021 2035; x_wconf 86' lang='lat' dir='ltr'>juxta</span> 
     </span>
     <span class='ocr_line' id='line_1_22' title="bbox 42 2039 1019 2125; baseline 0.003 -20"><span class='ocrx_word' id='word_1_176' title='bbox 42 2044 73 2105; x_wconf 83' lang='lat' dir='ltr'>S.</span> <span class='ocrx_word' id='word_1_177' title='bbox 87 2041 215 2125; x_wconf 57' lang='lat' dir='ltr'>ltiguor.</span> <span class='ocrx_word' id='word_1_178' title='bbox 230 2040 301 2123; x_wconf 78' lang='lat' dir='ltr'>(it,</span> <span class='ocrx_word' id='word_1_179' title='bbox 312 2049 345 2102; x_wconf 83' lang='lat' dir='ltr'>n⁰</span> <span class='ocrx_word' id='word_1_180' title='bbox 359 2040 428 2122; x_wconf 77' lang='lat'>203)</span> <span class='ocrx_word' id='word_1_181' title='bbox 439 2039 529 2102; x_wconf 86' lang='lat' dir='ltr'>etiarn</span> <span class='ocrx_word' id='word_1_182' title='bbox 540 2039 579 2102; x_wconf 91' lang='lat' dir='ltr'>ad</span> <span class='ocrx_word' id='word_1_183' title='bbox 585 2039 704 2102; x_wconf 91' lang='lat' dir='ltr'>vitanda</span> <span class='ocrx_word' id='word_1_184' title='bbox 711 2041 838 2105; x_wconf 90' lang='lat' dir='ltr'>venialia</span> <span class='ocrx_word' id='word_1_185' title='bbox 847 2042 1019 2125; x_wconf 86' lang='lat' dir='ltr'>deliberata,</span> 
     </span>
     <span class='ocr_line' id='line_1_23' title="bbox 45 2128 1020 2214; baseline 0.005 -22"><span class='ocrx_word' id='word_1_186' title='bbox 45 2151 117 2194; x_wconf 88' lang='lat' dir='ltr'>nam</span> <span class='ocrx_word' id='word_1_187' title='bbox 130 2129 283 2214; x_wconf 85' lang='lat' dir='ltr'>possibilis</span> <span class='ocrx_word' id='word_1_188' title='bbox 301 2135 346 2194; x_wconf 88' lang='lat' dir='ltr'>est</span> <span class='ocrx_word' id='word_1_189' title='bbox 359 2128 533 2211; x_wconf 86' lang='lat' dir='ltr'>adimpletio</span> <span class='ocrx_word' id='word_1_190' title='bbox 551 2129 610 2190; x_wconf 91' lang='lat' dir='ltr'>voti</span> <span class='ocrx_word' id='word_1_191' title='bbox 634 2135 755 2210; x_wconf 90' lang='lat' dir='ltr'>peccata</span> <span class='ocrx_word' id='word_1_192' title='bbox 766 2133 893 2196; x_wconf 89' lang='lat' dir='ltr'>venialia</span> <span class='ocrx_word' id='word_1_193' title='bbox 902 2133 1020 2198; x_wconf 83' lang='lat' dir='ltr'>delibe-</span> 
     </span>
     <span class='ocr_line' id='line_1_24' title="bbox 41 2217 1021 2307; baseline 0.004 -23"><span class='ocrx_word' id='word_1_194' title='bbox 41 2229 107 2284; x_wconf 88' lang='lat' dir='ltr'>rata</span> <span class='ocrx_word' id='word_1_195' title='bbox 120 2219 236 2284; x_wconf 89' lang='lat' dir='ltr'>vitandi</span> <span class='ocrx_word' id='word_1_196' title='bbox 248 2239 255 2280; x_wconf 94' lang='lat'><strong>:</strong></span> <span class='ocrx_word' id='word_1_197' title='bbox 266 2225 369 2282; x_wconf 89' lang='lat' dir='ltr'>votum</span> <span class='ocrx_word' id='word_1_198' title='bbox 383 2225 484 2281; x_wconf 85' lang='lat' dir='ltr'>autem</span> <span class='ocrx_word' id='word_1_199' title='bbox 494 2217 662 2281; x_wconf 88' lang='lat' dir='ltr'>abstinendi</span> <span class='ocrx_word' id='word_1_200' title='bbox 672 2221 689 2282; x_wconf 82' lang='lat' dir='ltr'>d</span> <span class='ocrx_word' id='word_1_201' title='bbox 698 2219 863 2285; x_wconf 88' lang='lat' dir='ltr'>venialibus</span> <span class='ocrx_word' id='word_1_202' title='bbox 877 2223 909 2285; x_wconf 93' lang='lat' dir='ltr'>in</span> <span class='ocrx_word' id='word_1_203' title='bbox 921 2224 1021 2307; x_wconf 82' lang='lat' dir='ltr'>aliqud</span> 
     </span>
     <span class='ocr_line' id='line_1_25' title="bbox 41 2309 1020 2392; baseline 0.001 -18"><span class='ocrx_word' id='word_1_204' title='bbox 41 2310 173 2374; x_wconf 76' lang='lat' dir='ltr'>materia</span> <span class='ocrx_word' id='word_1_205' title='bbox 197 2309 396 2372; x_wconf 76' lang='lat' dir='ltr'>determinata</span> <span class='ocrx_word' id='word_1_206' title='bbox 422 2309 624 2371; x_wconf 91' lang='lat' dir='ltr'>communiter</span> <span class='ocrx_word' id='word_1_207' title='bbox 651 2313 685 2372; x_wconf 91' lang='lat' dir='ltr'>ut</span> <span class='ocrx_word' id='word_1_208' title='bbox 710 2309 842 2374; x_wconf 90' lang='lat' dir='ltr'>validum</span> <span class='ocrx_word' id='word_1_209' title='bbox 869 2312 1020 2392; x_wconf 88' lang='lat' dir='ltr'>habetur,</span> 
     </span>
     <span class='ocr_line' id='line_1_26' title="bbox 42 2397 1022 2480; baseline 0.003 -18"><span class='ocrx_word' id='word_1_210' title='bbox 42 2400 183 2464; x_wconf 78' lang='lat' dir='ltr'>maxime</span> <span class='ocrx_word' id='word_1_211' title='bbox 197 2398 228 2461; x_wconf 94' lang='lat' dir='ltr'>in</span> <span class='ocrx_word' id='word_1_212' title='bbox 243 2397 379 2480; x_wconf 88' lang='lat' dir='ltr'>personis</span> <span class='ocrx_word' id='word_1_213' title='bbox 393 2415 513 2479; x_wconf 69' lang='lat' dir='ltr'>magnae</span> <span class='ocrx_word' id='word_1_214' title='bbox 526 2397 643 2460; x_wconf 88' lang='lat' dir='ltr'>virtutis</span> <span class='ocrx_word' id='word_1_215' title='bbox 656 2418 664 2475; x_wconf 91' lang='lat'>;</span> <span class='ocrx_word' id='word_1_216' title='bbox 680 2399 712 2460; x_wconf 92' lang='lat' dir='ltr'>in</span> <span class='ocrx_word' id='word_1_217' title='bbox 731 2399 795 2462; x_wconf 91' lang='lat' dir='ltr'>aliis</span> <span class='ocrx_word' id='word_1_218' title='bbox 808 2401 879 2464; x_wconf 85' lang='lat' dir='ltr'>verd</span> <span class='ocrx_word' id='word_1_219' title='bbox 895 2403 1022 2466; x_wconf 78' lang='lat' dir='ltr'>modicae</span> 
     </span>
     <span class='ocr_line' id='line_1_27' title="bbox 41 2486 1023 2570; baseline 0 -17"><span class='ocrx_word' id='word_1_220' title='bbox 41 2489 166 2554; x_wconf 85' lang='lat' dir='ltr'>virtutis</span> <span class='ocrx_word' id='word_1_221' title='bbox 179 2489 235 2551; x_wconf 91' lang='lat' dir='ltr'>erit</span> <span class='ocrx_word' id='word_1_222' title='bbox 255 2487 379 2550; x_wconf 90' lang='lat' dir='ltr'>materia</span> <span class='ocrx_word' id='word_1_223' title='bbox 393 2486 586 2570; x_wconf 91' lang='lat' dir='ltr'>impossibilis</span> <span class='ocrx_word' id='word_1_224' title='bbox 597 2507 605 2564; x_wconf 93' lang='lat'>;</span> <span class='ocrx_word' id='word_1_225' title='bbox 616 2486 679 2547; x_wconf 87' lang='lat' dir='ltr'>imd</span> <span class='ocrx_word' id='word_1_226' title='bbox 689 2487 720 2547; x_wconf 93' lang='lat' dir='ltr'>in</span> <span class='ocrx_word' id='word_1_227' title='bbox 730 2488 881 2569; x_wconf 86' lang='lat' dir='ltr'>aliquibus</span> <span class='ocrx_word' id='word_1_228' title='bbox 891 2492 1023 2553; x_wconf 88' lang='lat' dir='ltr'>materiis</span> 
     </span>
     <span class='ocr_line' id='line_1_28' title="bbox 42 2575 1023 2663; baseline -0.001 -20"><span class='ocrx_word' id='word_1_229' title='bbox 42 2585 119 2663; x_wconf 88' lang='lat' dir='ltr'>puta</span> <span class='ocrx_word' id='word_1_230' title='bbox 145 2577 362 2660; x_wconf 76' lang='lat' dir='ltr'>cogitationum</span> <span class='ocrx_word' id='word_1_231' title='bbox 380 2576 623 2654; x_wconf 87' lang='lat' dir='ltr'>inhonestarum,</span> <span class='ocrx_word' id='word_1_232' title='bbox 646 2575 830 2656; x_wconf 89' lang='lat' dir='ltr'>otiosarum,</span> <span class='ocrx_word' id='word_1_233' title='bbox 846 2586 928 2657; x_wconf 83' lang='lat' dir='ltr'>etc,</span> <span class='ocrx_word' id='word_1_234' title='bbox 951 2581 1023 2642; x_wconf 76' lang='lat' dir='ltr'>ciam</span> 
     </span>
     <span class='ocr_line' id='line_1_29' title="bbox 43 2663 1022 2750; baseline -0.002 -18"><span class='ocrx_word' id='word_1_235' title='bbox 43 2664 516 2750; x_wconf 83' lang='lat' dir='ltr'>aintvnevitabilesapudomnes,</span> <span class='ocrx_word' id='word_1_236' title='bbox 525 2663 874 2746; x_wconf 81' lang='lat' dir='ltr'>votumeritnnllum.(S.</span> <span class='ocrx_word' id='word_1_237' title='bbox 886 2667 1022 2750; x_wconf 75' lang='lat' dir='ltr'>Lignum,</span> 
     </span>
     <span class='ocr_line' id='line_1_30' title="bbox 44 2759 183 2836; baseline -0.007 -14"><span class='ocrx_word' id='word_1_238' title='bbox 44 2759 183 2836; x_wconf 77' lang='lat' dir='ltr'>itidem.)</span> 
     </span>
    </p>

    <p class='ocr_par' dir='ltr' id='par_1_6' title="bbox 47 2841 1026 3104">
     <span class='ocr_line' id='line_1_31' title="bbox 87 2841 1025 2930; baseline 0 -19"><span class='ocrx_word' id='word_1_239' title='bbox 87 2851 181 2911; x_wconf 77' lang='lat'><strong>5196.</strong></span> <span class='ocrx_word' id='word_1_240' title='bbox 203 2845 327 2909; x_wconf 90' lang='lat' dir='ltr'>Nullum</span> <span class='ocrx_word' id='word_1_241' title='bbox 341 2850 387 2908; x_wconf 92' lang='lat' dir='ltr'>est</span> <span class='ocrx_word' id='word_1_242' title='bbox 399 2849 502 2907; x_wconf 90' lang='lat' dir='ltr'>votum</span> <span class='ocrx_word' id='word_1_243' title='bbox 513 2841 727 2923; x_wconf 83' lang='lat' dir='ltr'>disjunctivam</span> <span class='ocrx_word' id='word_1_244' title='bbox 741 2844 863 2927; x_wconf 93' lang='lat' dir='ltr'>quando</span> <span class='ocrx_word' id='word_1_245' title='bbox 879 2865 940 2911; x_wconf 89' lang='lat' dir='ltr'>una</span> <span class='ocrx_word' id='word_1_246' title='bbox 955 2865 1025 2930; x_wconf 88' lang='lat' dir='ltr'>pars</span> 
     </span>
     <span class='ocr_line' id='line_1_32' title="bbox 47 2933 1026 3021; baseline -0.001 -20"><span class='ocrx_word' id='word_1_247' title='bbox 47 2947 94 3001; x_wconf 89' lang='lat' dir='ltr'>est</span> <span class='ocrx_word' id='word_1_248' title='bbox 108 2936 236 3021; x_wconf 88' lang='lat' dir='ltr'>quidem</span> <span class='ocrx_word' id='word_1_249' title='bbox 249 2941 328 3018; x_wconf 85' lang='lat' dir='ltr'>apta,</span> <span class='ocrx_word' id='word_1_250' title='bbox 344 2933 398 2998; x_wconf 87' lang='lat' dir='ltr'>sed</span> <span class='ocrx_word' id='word_1_251' title='bbox 408 2933 501 2996; x_wconf 88' lang='lat' dir='ltr'>altera</span> <span class='ocrx_word' id='word_1_252' title='bbox 514 2939 558 2994; x_wconf 89' lang='lat' dir='ltr'>est</span> <span class='ocrx_word' id='word_1_253' title='bbox 572 2934 692 3016; x_wconf 89' lang='lat' dir='ltr'>inepta,</span> <span class='ocrx_word' id='word_1_254' title='bbox 708 2951 736 2995; x_wconf 94' lang='lat' dir='ltr'>v.</span> <span class='ocrx_word' id='word_1_255' title='bbox 751 2954 796 3016; x_wconf 84' lang='lat' dir='ltr'>g.,</span> <span class='ocrx_word' id='word_1_256' title='bbox 807 2942 910 3000; x_wconf 88' lang='lat' dir='ltr'>votum</span> <span class='ocrx_word' id='word_1_257' title='bbox 919 2937 1026 3002; x_wconf 91' lang='lat' dir='ltr'>orandi</span> 
     </span>
     <span class='ocr_line' id='line_1_33' title="bbox 47 3024 317 3104; baseline -0.019 -13"><span class='ocrx_word' id='word_1_258' title='bbox 47 3029 96 3091; x_wconf 91' lang='lat' dir='ltr'>vel</span> <span class='ocrx_word' id='word_1_259' title='bbox 110 3024 250 3104; x_wconf 91' lang='lat' dir='ltr'>ludendi,</span> <span class='ocrx_word' id='word_1_260' title='bbox 261 3029 317 3088; x_wconf 88' lang='lat' dir='ltr'>eto.</span> 
     </span>
    </p>

    <p class='ocr_par' dir='ltr' id='par_1_7' title="bbox 48 3111 1031 3645">
     <span class='ocr_line' id='line_1_34' title="bbox 91 3111 1027 3195; baseline 0.004 -19"><span class='ocrx_word' id='word_1_261' title='bbox 91 3120 186 3180; x_wconf 61' lang='lat' dir='ltr'>alut.</span> <span class='ocrx_word' id='word_1_262' title='bbox 210 3112 377 3178; x_wconf 87' lang='lat' dir='ltr'>Invalidum</span> <span class='ocrx_word' id='word_1_263' title='bbox 395 3117 442 3175; x_wconf 92' lang='lat' dir='ltr'>est</span> <span class='ocrx_word' id='word_1_264' title='bbox 454 3117 557 3174; x_wconf 92' lang='lat' dir='ltr'>votum</span> <span class='ocrx_word' id='word_1_265' title='bbox 575 3111 624 3175; x_wconf 91' lang='lat' dir='ltr'>cui</span> <span class='ocrx_word' id='word_1_266' title='bbox 639 3111 813 3195; x_wconf 77' lang='lat' dir='ltr'>adiungitur</span> <span class='ocrx_word' id='word_1_267' title='bbox 825 3116 949 3182; x_wconf 89' lang='lat' dir='ltr'>llnisvel</span> <span class='ocrx_word' id='word_1_268' title='bbox 969 3117 1027 3180; x_wconf 92' lang='lat' dir='ltr'>alia</span> 
     </span>
     <span class='ocr_line' id='line_1_35' title="bbox 48 3203 1024 3290; baseline -0.001 -19"><span class='ocrx_word' id='word_1_269' title='bbox 48 3205 278 3272; x_wconf 85' lang='lat' dir='ltr'>circumstantia</span> <span class='ocrx_word' id='word_1_270' title='bbox 297 3203 376 3268; x_wconf 87' lang='lat' dir='ltr'>mala</span> <span class='ocrx_word' id='word_1_271' title='bbox 393 3219 461 3284; x_wconf 84' lang='lat' dir='ltr'>quae</span> <span class='ocrx_word' id='word_1_272' title='bbox 475 3219 508 3264; x_wconf 90' lang='lat' dir='ltr'>se</span> <span class='ocrx_word' id='word_1_273' title='bbox 520 3207 620 3264; x_wconf 88' lang='lat' dir='ltr'>teneat</span> <span class='ocrx_word' id='word_1_274' title='bbox 639 3221 677 3264; x_wconf 80' lang='lat' dir='ltr'>ea</span> <span class='ocrx_word' id='word_1_275' title='bbox 686 3205 832 3284; x_wconf 76' lang='lat' dir='ltr'>perteret</span> <span class='ocrx_word' id='word_1_276' title='bbox 845 3215 940 3271; x_wconf 83' lang='lat' dir='ltr'>votae:</span> <span class='ocrx_word' id='word_1_277' title='bbox 954 3229 982 3271; x_wconf 93' lang='lat' dir='ltr'>v.</span> <span class='ocrx_word' id='word_1_278' title='bbox 994 3230 1024 3290; x_wconf 81' lang='lat' dir='ltr'>g.</span> 
     </span>
     <span class='ocr_line' id='line_1_36' title="bbox 51 3289 1027 3376; baseline -0.001 -15"><span class='ocrx_word' id='word_1_279' title='bbox 51 3299 77 3362; x_wconf 94' lang='lat' dir='ltr'>si</span> <span class='ocrx_word' id='word_1_280' title='bbox 86 3313 196 3360; x_wconf 86' lang='lat' dir='ltr'>voveas</span> <span class='ocrx_word' id='word_1_281' title='bbox 203 3294 372 3376; x_wconf 77' lang='lat' dir='ltr'>ieiunium,</span> <span class='ocrx_word' id='word_1_282' title='bbox 389 3297 423 3356; x_wconf 91' lang='lat' dir='ltr'>ut</span> <span class='ocrx_word' id='word_1_283' title='bbox 438 3309 476 3354; x_wconf 88' lang='lat' dir='ltr'>ex</span> <span class='ocrx_word' id='word_1_284' title='bbox 493 3289 545 3353; x_wconf 91' lang='lat' dir='ltr'>illo</span> <span class='ocrx_word' id='word_1_285' title='bbox 562 3291 684 3374; x_wconf 87' lang='lat' dir='ltr'>plausus</span> <span class='ocrx_word' id='word_1_286' title='bbox 698 3299 798 3374; x_wconf 88' lang='lat' dir='ltr'>captes</span> <span class='ocrx_word' id='word_1_287' title='bbox 812 3315 819 3355; x_wconf 92' lang='lat'>:</span> <span class='ocrx_word' id='word_1_288' title='bbox 831 3295 902 3358; x_wconf 90' lang='lat' dir='ltr'>item</span> <span class='ocrx_word' id='word_1_289' title='bbox 919 3298 943 3360; x_wconf 88' lang='lat' dir='ltr'>si</span> <span class='ocrx_word' id='word_1_290' title='bbox 959 3298 1027 3360; x_wconf 86' lang='lat' dir='ltr'>linis</span> 
     </span>
     <span class='ocr_line' id='line_1_37' title="bbox 52 3380 1024 3467; baseline -0.002 -16"><span class='ocrx_word' id='word_1_291' title='bbox 52 3383 296 3460; x_wconf 84' lang='lat' dir='ltr'>sitinditlerens,</span> <span class='ocrx_word' id='word_1_292' title='bbox 315 3403 345 3446; x_wconf 91' lang='lat' dir='ltr'>v.</span> <span class='ocrx_word' id='word_1_293' title='bbox 357 3381 436 3464; x_wconf 76' lang='lat' dir='ltr'>g.,si</span> <span class='ocrx_word' id='word_1_294' title='bbox 457 3380 609 3461; x_wconf 87' lang='lat' dir='ltr'>jejunium</span> <span class='ocrx_word' id='word_1_295' title='bbox 631 3387 772 3444; x_wconf 90' lang='lat' dir='ltr'>voveatur</span> <span class='ocrx_word' id='word_1_296' title='bbox 791 3393 829 3444; x_wconf 91' lang='lat' dir='ltr'>ad</span> <span class='ocrx_word' id='word_1_297' title='bbox 843 3386 1024 3467; x_wconf 89' lang='lat' dir='ltr'>parcendum</span> 
     </span>
     <span class='ocr_line' id='line_1_38' title="bbox 54 3469 1028 3557; baseline -0.006 -15"><span class='ocrx_word' id='word_1_298' title='bbox 54 3473 249 3557; x_wconf 81' lang='lat' dir='ltr'>sumptibus3</span> <span class='ocrx_word' id='word_1_299' title='bbox 269 3489 357 3535; x_wconf 89' lang='lat' dir='ltr'>secus</span> <span class='ocrx_word' id='word_1_300' title='bbox 370 3471 395 3534; x_wconf 95' lang='lat' dir='ltr'>si</span> <span class='ocrx_word' id='word_1_301' title='bbox 412 3469 481 3532; x_wconf 85' lang='lat' dir='ltr'>ivnis</span> <span class='ocrx_word' id='word_1_302' title='bbox 500 3489 608 3552; x_wconf 90' lang='lat' dir='ltr'>pravus</span> <span class='ocrx_word' id='word_1_303' title='bbox 623 3475 701 3532; x_wconf 89' lang='lat' dir='ltr'>esset</span> <span class='ocrx_word' id='word_1_304' title='bbox 721 3489 757 3533; x_wconf 89' lang='lat' dir='ltr'>cx</span> <span class='ocrx_word' id='word_1_305' title='bbox 775 3481 858 3554; x_wconf 86' lang='lat' dir='ltr'>parte</span> <span class='ocrx_word' id='word_1_306' title='bbox 874 3476 1028 3552; x_wconf 89' lang='lat' dir='ltr'>voventis,</span> 
     </span>
     <span class='ocr_line' id='line_1_39' title="bbox 55 3559 1031 3645; baseline -0.009 -13"><span class='ocrx_word' id='word_1_307' title='bbox 55 3567 171 3632; x_wconf 87' lang='lat' dir='ltr'>scilicet</span> <span class='ocrx_word' id='word_1_308' title='bbox 180 3562 302 3645; x_wconf 89' lang='lat' dir='ltr'>quando</span> <span class='ocrx_word' id='word_1_309' title='bbox 312 3580 373 3624; x_wconf 93' lang='lat' dir='ltr'>non</span> <span class='ocrx_word' id='word_1_310' title='bbox 383 3579 431 3624; x_wconf 85' lang='lat' dir='ltr'>res</span> <span class='ocrx_word' id='word_1_311' title='bbox 440 3567 517 3632; x_wconf 89' lang='lat' dir='ltr'>vota,</span> <span class='ocrx_word' id='word_1_312' title='bbox 528 3559 580 3622; x_wconf 89' lang='lat' dir='ltr'>sed</span> <span class='ocrx_word' id='word_1_313' title='bbox 591 3560 654 3640; x_wconf 89' lang='lat' dir='ltr'>ipse</span> <span class='ocrx_word' id='word_1_314' title='bbox 663 3563 795 3622; x_wconf 89' lang='lat' dir='ltr'>voventis</span> <span class='ocrx_word' id='word_1_315' title='bbox 803 3562 1031 3641; x_wconf 83' lang='lat' dir='ltr'>actusdirigitur</span> 
     </span>
    </p>
   </div>
   <div class='ocr_carea' id='block_1_3' title="bbox 0 0 1244 3972">
    <p class='ocr_par' dir='ltr' id='par_1_8' title="bbox 0 0 1244 3972">
     <span class='ocr_line' id='line_1_40' title="bbox 0 0 1244 3972; baseline 0 0"><span class='ocrx_word' id='word_1_316' title='bbox 0 0 1244 3972; x_wconf 95' lang='lat' dir='ltr'> </span> 
     </span>
    </p>
   </div>
  </div>
 </body>
</html>
