2416 3954
175 225 231 288 3¹1⁰
390 242 531 292 utrumn
552 245 655 294 cortus
671 247 754 296 runis
767 245 917 298 sesemet.

167 357 357 420 eaeremoniis
370 359 494 439 alligare
509 369 605 443 petest
621 365 675 447 (S.
693 363 829 444 Liguor,
839 362 949 447 cotug
965 367 1119 428 nontamen

168 448 293 511 omnino
320 447 482 513 infallibilis
507 471 572 516 esse
600 455 715 516 videtur
736 455 908 533 hujusmodi
926 455 1062 528 effeetus,
1079 462 1120 517 aul

167 558 287 622 semper
306 544 476 627 completus
493 569 501 609 t
517 548 583 610 vide
597 546 678 610 Cure.
695 545 828 628 complet.
843 546 879 628 (l.
892 549 943 621 20,
958 545 1017 608 col.
1031 546 1118 648 4554).

207 631 297 712 Resp.
312 633 346 694 2⁶
367 633 452 709 Quod
473 637 548 702 alios
561 638 695 710 effectus,
714 642 861 717 unquam
882 645 999 698 certum
1019 636 1119 698 vtdelur

167 721 277 799 pariter
303 741 388 802 posse
411 724 552 790 affirmari
576 725 738 809 quamdam
766 725 905 826 virtatem
930 732 1119 827 sacramentu-

167 805 247 870 libus
260 812 390 889 annecti,
405 814 676 897 independentera
693 812 941 894 dispositionibus
962 822 1069 915 utentis
1080 815 1116 877 val

166 897 311 977 ministri,
322 919 360 964 ex
375 905 514 984 precibus
527 906 639 966 scilicet
651 903 793 965 Ecclesiae
806 919 874 1004 quar
888 919 923 963 ea
932 901 1116 1005 instatuatae!
1196 933 1197 940 ¹

166 985 319 1050 benedixit
344 999 374 1052 et
398 994 532 1067 sacravit,
549 995 588 1056 ita
602 1001 637 1058 ut
650 1011 712 1055 non
726 992 807 1053 idem
821 1000 874 1066 stt,
893 1009 921 1053 r.
938 1011 967 1072 g.
984 1001 1027 1054 uta
1040 993 1114 1096 epod,

164 1096 231 1160 pote
255 1097 292 1140 cc
308 1079 390 1160 sulsd
408 1084 592 1162 persuasione
609 1083 776 1147 crederetur
790 1077 966 1183 brumiate,
980 1100 1015 1143 uc
1026 1101 1050 1143 st
1061 1090 1117 1182 esset
1195 1144 1196 1169 ἶ

163 1169 288 1230 realiter
303 1171 450 1233 benedicto
466 1193 474 1234 :
491 1173 560 1254 quia
581 1173 612 1235 in
633 1175 691 1234 isto
703 1190 773 1235 casu
793 1170 936 1233 Ecclesiae
958 1178 1117 1234 intercessio

165 1255 274 1320 delicit.
305 1258 380 1322 Vide
401 1259 528 1324 Billuart
553 1262 609 1344 (De
626 1264 752 1339 Perit,
776 1260 848 1324 diss.
875 1262 906 1338 3,
920 1266 977 1324 aa.
1001 1263 1032 1337 2,
1050 1259 1114 1342 53)
1192 1317 1196 1375 3

163 1345 709 1433 collatitio,n⁰s3)postSytvium.
885 1441 891 1454 ¹
1071 1440 1078 1454 θ
1195 1378 1196 1385 ’

200 1438 290 1497 4464.
316 1437 374 1500 Sed
393 1437 563 1521 disputatur
590 1450 692 1505 utrum
711 1461 747 1505 ex
768 1441 953 1504 institutione
968 1441 1114 1515 dedaste,
1195 1462 1196 1467 ’

160 1521 203 1583 illi
230 1525 352 1589 effectus
376 1531 583 1611 producantur
608 1533 729 1614 proprie
749 1551 786 1594 ex
806 1549 897 1634 opere
918 1539 1050 1612 opetum,
1069 1547 1114 1634 ⁵9¹²
1194 1555 1195 1580 ¹

160 1609 416 1679 infallibiliterl-
428 1621 560 1692 Quaestio
573 1621 738 1686 instituitur
749 1629 915 1706 presertim
928 1621 1011 1704 quod
1025 1637 1114 1685 rema

160 1701 277 1764 sionem
292 1707 469 1774 venialium.
1194 1799 1195 1816 ζ

203 1794 276 1852 doe
290 1797 524 1860 serttsentenliae
536 1815 544 1858 :
556 1798 658 1860 Prima
669 1819 740 1864 cetea
749 1804 831 1882 Solo,
843 1807 1048 1889 Val.,Ledes.,
1058 1817 1117 1890 etc,

162 1877 240 1956 apud
266 1879 354 1940 Croix
370 1881 438 1959 (lib.
460 1884 490 1958 6,
513 1905 543 1966 p.
561 1890 575 1947 l
591 1933 598 1964 ,
615 1899 648 1948 n⁰
661 1891 741 1971 221),
763 1890 837 1954 dicit
852 1902 1072 1964 sacramentalia
1089 1921 1117 1962 cx

163 1962 347 2028 institutione
369 1970 511 2032 Ecclesiae
533 1974 594 2034 vim
615 1975 725 2040 haltere
748 1983 875 2047 venialia
898 1990 1117 2053 remittendi.—

161 2052 302 2126 Secooda
314 2074 382 2134 quae
395 2061 586 2122 communior
601 2073 628 2124 ct
639 2067 736 2129 verior
745 2068 854 2134 dieitur
867 2077 884 2135 'a
899 2077 930 2139 S.
947 2079 1011 2160 Lig.
1024 2081 1083 2159 (lib.
1092 2085 1117 2158 6,

161 2138 195 2194 n⁰
208 2142 256 2212 9⁹2)
271 2147 368 2216 tenet,
384 2161 455 2205 cum
469 2147 578 2223 Collet,
593 2153 753 2234 wigandi,
767 2161 798 2221 S.
812 2161 945 2243 Thema,
963 2171 1059 2251 Lnga,
1073 2189 1118 2251 per

159 2230 383 2292 sacramentalia
404 2251 465 2296 non
483 2237 593 2300 remitti
611 2245 737 2308 verrialia
755 2266 791 2308 cx
807 2268 897 2331 opere
920 2268 1058 2336 opera103
1074 2258 1117 2320 sed

158 2315 274 2375 tantum
293 2335 346 2398 per
367 2338 401 2382 ca
424 2325 489 2404 pios
510 2334 611 2391 motus
631 2331 743 2398 doloris
763 2345 815 2400 aut
832 2341 984 2408 eharitatis
998 2348 1027 2409 in
1044 2349 1119 2410 nobis

158 2403 278 2466 excitari
292 2407 403 2488 quihus
416 2414 543 2477 venialia
562 2420 772 2502 t‘etttittuntur3
788 2432 879 2510 porrd
895 2432 936 2494 illi
950 2446 1048 2499 motus
1061 2457 1120 2520 pur

156 2488 309 2558 ducuntur
322 2515 376 2578 per
390 2502 515 2566 medum
533 2506 765 2594 impetrationis,
781 2535 850 2599 quae
865 2539 927 2583 non
945 2529 1070 2590 otnnind
1083 2528 1120 2589 in-

156 2579 361 2649 lallibilitatem
385 2587 474 2654 habet
497 2611 505 2655 t
526 2595 570 2658 sic
592 2599 683 2661 etiam
703 2605 794 2666 sentit
813 2607 956 2691 Billuart,
975 2617 1027 2696 qui
1045 2617 1120 2679 addit

157 2669 200 2751 lde
217 2692 360 2758 sucrum„
376 2678 449 2744 diss.
469 2687 487 2744 7
500 2731 508 2761 ‚
523 2691 579 2747 art.
594 2691 624 2768 4)
645 2706 653 2750 :
679 2694 850 2764 «Quamvis
864 2701 1004 2766 Ecclesiae
1017 2705 1122 2770 tribua-

153 2765 242 2824 ntur
262 2774 390 2846 potestas
412 2771 565 2836 relaxandi
594 2795 698 2857 peenas
725 2788 905 2866 temporales
932 2803 1121 2873 peecatomm

152 2871 167 2908 o
192 2870 246 2931 per
259 2851 478 2940 indulgentias,
489 2865 526 2924 cd
539 2865 623 2946 quod
636 2867 691 2931 ista
706 2872 847 2938 relaxatio
860 2880 1004 2944 consistat
1016 2884 1047 2946 in
1061 2888 1123 2950 sold

151 2941 413 3009 »condonatione
446 2951 633 3034 extrinseca,
662 2966 792 3024 attamen
825 2976 982 3048 peceatum
1009 2975 1124 3040 veniale

150 3048 165 3085 a
190 3030 299 3090 remitti
316 3049 377 3094 non
395 3041 493 3115 polest
514 3043 588 3122 quin
607 3045 727 3112 tollatur
744 3053 809 3132 ejus
824 3059 943 3121 macula
956 3059 988 3123 in
1007 3065 1122 3148 anima,

150 3133 165 3175 o
189 3115 220 3176 in
234 3121 294 3198 qud
309 3119 441 3186 Ecclesia
456 3128 569 3192 nullam
586 3133 675 3198 habet
685 3145 871 3219 potestatem.
888 3169 903 3206 s

188 3205 334 3271 Praeterea
344 3257 353 3288 ,
364 3211 441 3275 bene
459 3218 582 3296 quidem
598 3242 651 3302 per
663 3227 853 3296 traditionem
867 3236 1126 3312 discimusliccle·

148 3291 221 3354 siam
237 3313 324 3374 posse
338 3317 375 3360 ax
387 3302 480 3380 juxtis
498 3309 597 3372 causis
617 3311 736 3380 haurire
753 3321 771 3382 ὸ
785 3321 925 3390 thesauro
945 3333 1124 3401 satisfactio·

148 3397 222 3441 nunt
236 3381 341 3447 Christi
356 3397 387 3449 et
400 3391 579 3457 Sanctorum
593 3407 626 3461 ut
640 3406 779 3489 easdem,
795 3431 849 3495 per
863 3417 1125 3504 indulgentiarum

146 3465 351 3554 largitionem,
374 3479 436 3540 Deo
458 3481 562 3544 offerat
584 3486 614 3548 in
638 3502 915 3575 compensationem
938 3509 1123 3590 injuriarum

142 3555 201 3635 ipsi
227 3578 281 3640 per
311 3573 433 3644 peccata
467 3569 636 3658 illatarum,
662 3582 715 3645 sed
740 3589 845 3653 nullibi
927 3597 933 3609 '

144 3644 309 3712 Feclesiam
318 3653 455 3718 similiter
467 3659 628 3744 disponere
642 3669 679 3732 de
693 3681 809 3744 meritis
821 3689 852 3748 et
