2416 3954
362 222 448 270 uana
469 221 626 269 secururs.
928 210 984 268 161

42 334 55 372 ι
76 311 151 394 tcta,
166 335 230 398 quae
244 320 360 382 stabant
370 322 408 383 ab
419 329 547 403 utroque
559 317 692 383 ecclesiae
705 317 797 382 latero
806 317 843 382 ad
853 323 990 384 extremi-

43 422 55 460 ι
75 409 155 465 tatem
176 409 366 486 orientalem,
383 417 412 472 et
425 410 586 473 custodum
603 425 639 471 ac
656 407 863 471 ministrorum
886 411 990 493 templi

43 509 55 548 r
74 489 258 558 domicilium.
281 497 437 562 Sebelaci
463 497 649 561 Bibliotheca
675 496 758 560 iocus
780 505 844 560 crat
863 497 894 560 in
928 519 991 582 quo

43 599 55 634 a
76 580 157 642 animi
170 581 270 646 litteris
288 593 378 667 atque
395 585 540 650 doctrinis
558 585 780 650 excolebantur.
795 607 812 646 ι
827 587 870 648 lta
888 589 989 653 Devoti

43 665 135 768 (ibid),
149 669 198 732 ubi
211 673 300 736 etiam
313 673 483 739 indicantur
496 675 577 739 varia
590 679 787 737 monumenta
802 677 913 757 quibua
925 676 991 742 haec

43 772 129 819 curura
141 765 284 825 constant.

433 935 515 1002 ART.
538 937 573 1001 u.

135 1081 199 1137 arun
219 1083 408 1141 recursurus
427 1084 466 1130 ro
487 1081 694 1129 corrrcrunru
714 1079 884 1128 recinuit.

72 1219 152 1284 1151.
174 1223 307 1295 Ouatuor
328 1221 367 1284 ad
389 1219 420 1283 id
434 1219 603 1284 necessario
623 1217 817 1302 requiruntur
838 1240 845 1282 r
870 1225 991 1285 100οη-

42 1321 132 1371 sensus
143 1311 293 1393 Episcopi,
304 1315 463 1374 utconstat
472 1329 509 1372 ex
518 1309 688 1390 variisjuris
696 1309 833 1372 canonici
844 1310 991 1392 capitulis,

41 1392 321 1462 ndeticetexconcit.
331 1397 481 1469 Chalced„
495 1417 523 1462 c.
534 1403 565 1476 43
577 1417 643 1480 cap.
660 1398 990 1475 tremo‚decons.‚‹tist.

41 1483 53 1542 i
62 1501 108 1558 ;·c.
121 1485 189 1550 com
202 1487 275 1549 olim
285 1491 335 1564 11,
350 1487 384 1550 de
393 1487 575 1569 pricileqiis,
591 1487 609 1569 §
625 1489 762 1558 Praeter:
777 1505 844 1568 cap.
859 1488 993 1551 Auctori-

42 1577 101 1649 tate,
114 1573 147 1636 de
157 1575 314 1658 prr'oilep.,
329 1575 410 1650 ind,
427 1577 458 1638 in
473 1595 533 1658 quo
546 1575 674 1639 dicitur:
690 1576 896 1638 «auctoritate
909 1576 993 1639 Sedit

40 1681 52 1716 r
72 1663 278 1743 apostolicae...
295 1666 454 1728 statuimus
468 1664 550 1744 qudd
569 1665 698 1726 oratoria
717 1665 785 1742 ,rei
800 1665 948 1746 capellas,
964 1667 994 1728 in

40 1767 52 1804 ι
72 1747 137 1812 locis
151 1771 211 1814 non
221 1753 381 1834 exemptis,
393 1753 707 1816 sinddioecesanorum
717 1753 994 1834 locorumipsorum

40 1857 51 1894 a
73 1835 199 1918 licentia,
216 1841 348 1922 exempti
368 1849 541 1904 construere
554 1859 616 1902 non
632 1849 824 1922 praesumant.
845 1843 950 1922 Neque
964 1843 994 1904 in

40 1944 52 1980 r
72 1923 111 1988 sic
129 1929 346 1992 constructis...
370 1929 524 1992 celebrent
536 1929 581 1992 uel
595 1928 704 1991 iaciant
725 1929 868 1992 celebrari
882 1929 992 1993 divina.

38 2031 51 2070 r
72 2014 152 2087 Oudd
161 2019 185 2079 si
199 2017 273 2080 talia
286 2018 533 2100 praesumpserint
541 2017 579 2079 ab
592 2016 639 2079 his
648 2036 702 2098 per
715 2017 851 2081 locorum
861 2018 994 2100 ipsorum

37 2121 50 2157 ι
70 2103 238 2169 Ordinarios
261 2115 503 2188 compescantur.
524 2140 563 2152 -
576 2105 750 2169 inhibemus
767 2107 891 2190 insuper
911 2127 949 2171 nc
964 2109 994 2170 in

38 2209 49 2246 ι
69 2188 138 2256 locis
154 2195 248 2257 etiam
262 2195 409 2276 exemptis
431 2194 489 2258 hoc
508 2193 564 2276 ipsi
578 2196 708 2276 exempti
724 2194 822 2259 tacere
844 2195 993 2272 audeant,

38 2299 50 2334 ι
70 2281 123 2344 nisi
144 2303 237 2365 super
262 2283 308 2345 his
326 2284 478 2346 licentiam
497 2283 543 2348 rel
561 2283 749 2366 privilegium
768 2285 897 2348 habeant
911 2286 995 2348 Sedis

37 2385 50 2421 ι
70 2371 245 2451 spostolicae
260 2370 397 2452 speciale.
413 2393 429 2430 a

68 2455 121 2520 Hic
138 2467 244 2522 autem
266 2475 431 2521 consensus
454 2477 516 2521 non
539 2457 702 2541 requiritur
715 2477 770 2540 pro
791 2461 996 2524 construendo

38 2545 297 2628 oratorioprivato:
309 2548 429 2610 siccan.
444 2547 609 2630 Uniquique
616 2549 666 2624 33,
681 2545 719 2608 de
729 2564 861 2622 consec,
872 2547 968 2612 distr
986 2567 994 2611 ε

40 2651 53 2689 r
68 2634 235 2716 Unicuique
250 2631 384 2696 fidelium
399 2635 431 2698 in
444 2634 536 2697 domo
559 2639 614 2696 sua
626 2633 792 2696 oratorium
806 2633 875 2695 licet
887 2633 996 2698 habero

37 2739 50 2774 ι
69 2727 96 2782 et
108 2722 148 2785 ibi
160 2741 262 2804 orare,
276 2723 400 2786 missam
413 2731 515 2786 autem
524 2721 637 2785 ibidem
651 2719 802 2784 celebrare
814 2739 875 2783 non
886 2722 984 2785 ticet.»

37 2811 139 2892 (3566.)

69 2904 155 2965 1156.
178 2935 221 2949 -
240 2905 273 2964 2·
293 2903 333 2965 Ut
345 2899 531 2983 Episcopus,
550 2903 713 2981 antequam
726 2895 850 2962 ecclesia
868 2897 994 2964 aedifice·

36 2990 90 3067 tur,
113 2991 207 3054 situm
229 2990 380 3054 examinet
392 2995 423 3052 et
440 2988 482 3050 ibi
500 3005 622 3052 crucem
641 2993 732 3069 ponat
747 2989 814 3069 (per
832 3005 864 3050 se
885 2988 930 3050 vet
944 3009 994 3073 per

39 3075 133 3158 alium)
153 3095 162 3140 t
184 3079 226 3142 ita
244 3095 312 3161 cap.
335 3077 429 3140 Nemo
448 3079 485 3154 9,
508 3076 695 3152 deceased,
717 3075 786 3140 dist.
808 3080 822 3139 1
841 3094 849 3138 r
869 3098 885 3137 ι
902 3079 996 3142 Nemo

35 3183 48 3222 a
68 3165 211 3246 aediticct,
225 3177 387 3249 antequam
401 3165 567 3248 Episcopus
585 3164 709 3228 civitatis
724 3165 822 3228 ueniat
836 3171 866 3228 et
885 3165 995 3231 ibidem

36 3271 49 3310 ι
70 3273 193 3319 crucem
216 3253 289 3336 figat
301 3255 437 3338 publice,
461 3257 569 3317 atrium
584 3252 735 3334 designet,
749 3261 837 3317 eto.»
857 3257 910 3318 His
923 3276 995 3320 con·

35 3341 133 3406 cordat
155 3345 279 3407 Novetta
294 3347 369 3421 131,
383 3362 412 3408 c.
434 3348 469 3421 7,
485 3351 515 3407 et
527 3343 648 3406 Noveita
670 3346 709 3405 66
724 3360 733 3404 r
749 3343 779 3406 in
802 3341 848 3406 his
860 3362 994 3410 commu·

35 3430 105 3493 nitor
118 3433 249 3496 habetur
259 3431 472 3515 comprehendi
487 3433 666 3515 positionem
680 3431 772 3521 riam
786 3432 917 3514 Lapidis.

69 3525 159 3586 troo.
182 3555 225 3570 -
243 3525 277 3586 3⁶
297 3525 478 3604 Utcongrue
491 3521 547 3584 dos
558 3523 741 3603 assignetur,
752 3520 838 3583 idest
851 3523 994 3584 sufficien-

35 3613 74 3670 tea
90 3617 122 3672 et
143 3607 267 3674 stabiles
282 3609 415 3674 redditus
428 3629 483 3692 pro
497 3609 716 3688 luminaribus,
732 3607 933 3690 paramentis,
953 3607 968 3670 s
984 3641 995 3654 ·
