2434 3940
176 199 233 262 19⁶2
378 210 514 260 utuntur.
534 209 634 252 mnus
655 210 734 264 runis
756 209 904 260 summor.

572 379 651 442 nur.
675 379 707 440 V.

376 531 412 575 nu
432 529 572 575 sumsero
593 527 908 576 urrunnu-morrono.

197 674 286 734 3942.
307 668 366 732 Soti
386 667 522 750 boptimti
536 717 544 748 ,
560 669 651 730 adulti
664 716 672 746 ,
687 669 776 730 morti
795 668 925 750 proximi
948 687 987 731 ex
1004 669 1124 747 morbo,

158 759 297 838 uulnere,
312 765 419 840 portu,
439 764 593 820 senectute
608 765 733 840 possunt
751 757 846 820 vulide
867 758 1131 822 Extremam-Une«

158 848 271 910 tionem
285 848 440 929 accipere:
452 854 569 910 constet
581 847 712 928 exprexi
724 846 1129 928 Ecclesioeettheotogorum

159 956 328 1015 consensu,
343 945 433 1018 atque
451 936 608 998 deducitur
621 955 658 998 ex
672 934 770 997 verbis
786 935 918 1017 Apostoli
932 953 940 996 ε
954 935 1129 1018 infirmatur

158 1027 269 1107 quirin
283 1025 371 1098 uobis,
387 1033 459 1103 eto,
476 1035 612 1106 utsupra
627 1025 740 1104 (uutep
757 1024 828 1086 item
845 1023 997 1104 Eugenius
1011 1027 1049 1086 tV
1059 1025 1131 1087 dicit

158 1114 524 1178 Extremam-Unctionem
556 1137 571 1173 r
592 1113 648 1176 nisi
669 1113 796 1175 infirmis
821 1111 859 1176 de
879 1131 1010 1194 quorum
1034 1122 1130 1177 morte

159 1228 174 1264 n
199 1205 335 1280 timetur,
351 1203 414 1264 duri
431 1221 492 1264 non
505 1203 625 1265 dobere.
638 1225 652 1260 n
667 1201 743 1264 Vide
762 1202 851 1263 etium
867 1202 979 1264 Concil.
995 1201 1129 1264 Trident.

162 1296 244 1374 (sess.
258 1297 295 1354 m
305 1339 312 1367 ,
324 1309 352 1353 o.
368 1295 407 1367 3).
418 1291 554 1354 -Unde
566 1291 697 1373 ungendi
709 1309 769 1352 non
781 1298 851 1352 sunt
867 1309 950 1352 mare
963 1297 1131 1371 transgres-

161 1381 221 1443 suri
237 1428 244 1456 ,
261 1380 398 1462 praeiium
413 1379 623 1456 commissuri,
638 1380 747 1442 ultimo
760 1379 907 1461 supplicio
922 1379 1084 1460 plectendi.

201 1473 262 1531 Nec
276 1469 373 1531 obst-ut
385 1471 459 1531 ritus
469 1469 609 1530 Ecclesire
623 1469 744 1545 Graecae,
760 1467 840 1549 opud
850 1487 953 1549 quam,
967 1468 1016 1530 die
1030 1469 1132 1534 Coenae

161 1558 302 1634 Domini,
330 1558 431 1620 oteum
466 1557 655 1619 intirmorum
682 1556 721 1618 ab
749 1559 896 1639 Episcopo
923 1569 1134 1620 consecratum

162 1657 255 1711 totum
271 1647 432 1710 insumitur
447 1647 478 1708 in
492 1645 643 1728 ungendis
657 1646 839 1726 astantibus,
854 1647 946 1732 quia,
962 1645 1060 1728 iuquit
1080 1648 1135 1708 Be·

163 1737 231 1800 ned.
248 1740 313 1800 XIV
328 1737 382 1818 (lte
395 1737 486 1818 Spu,
501 1735 554 1798 lib.
569 1740 600 1812 8,
616 1753 682 1816 cep.
699 1739 729 1812 5,
745 1745 779 1796 η’
795 1737 855 1814 V),
871 1734 926 1798 huc
941 1733 970 1799 tit
988 1751 1051 1798 non
1063 1744 1142 1800 turn-

163 1846 254 1908 quam
269 1829 516 1904 Sacramentum,
533 1824 585 1887 sed
599 1832 632 1886 ut
646 1842 729 1885 mere
742 1824 932 1887 ceremonia.

202 1921 291 1979 3943.
313 1917 356 1976 Ex
378 1914 475 1976 verbis
496 1921 595 1975 nutem
616 1912 729 1976 Concil.
754 1912 887 1975 'trident
909 1913 979 1992 (toro
1001 1917 1133 2000 eitutoi:

166 2028 181 2062 r
202 2004 375 2065 Declaratur
389 2003 478 2064 etiam
489 2021 554 2064 esse
568 2001 646 2063 hunc
661 1999 837 2064 Unctionem
849 2002 976 2066 infirmis
989 2005 1135 2071 adhihen-

163 2118 177 2151 υ
201 2093 287 2166 dem,
303 2091 338 2152 iis
351 2091 422 2152 vero
436 2090 600 2171 praesertim
619 2091 670 2172 qui
684 2097 746 2152 tam
760 2091 925 2174 periculoso
943 2092 1135 2160 decumbunt

162 2203 177 2240 u
202 2180 278 2242 utin
293 2179 373 2240 exitu
386 2178 453 2240 vitae
467 2179 617 2240 constituti
632 2179 788 2244 videantur
803 2199 811 2242 ε
827 2180 909 2244 unde
921 2189 951 2244 et
963 2201 1135 2250 sacromen-

163 2293 177 2327 η
202 2277 266 2331 tum
281 2268 454 2330 exeuntium
468 2276 698 2350 nuncupetur.»
717 2271 759 2331 Ex
774 2269 835 2346 his,
851 2269 1022 2352 inquimus,
1033 2276 1134 2339 verbis

164 2355 298 2418 nonnulli
329 2354 515 2418 concludunt
545 2355 666 2435 valide,
693 2357 829 2438 quamvis
852 2358 972 2438 illicito,
1000 2362 1133 2428 conferri

163 2445 526 2510 Euroram-Unctionem
536 2445 656 2508 intirmo
665 2464 858 2529 quocumque
867 2447 974 2510 morbo
983 2449 1132 2517 laboranti

163 2537 252 2596 etiam
275 2552 336 2596 non
364 2533 464 2615 grevi3
487 2533 539 2596 sed
561 2536 753 2596 communior
772 2537 933 2614 sententie,
957 2557 1027 2620 quoe
1045 2542 1134 2620 iuxta

163 2626 193 2685 S.
207 2624 325 2705 Lignor.
340 2629 386 2686 est
396 2622 536 2699 tenende,
547 2622 634 2685 docet
647 2623 736 2685 tutem
749 2624 950 2703 collationem,
959 2645 1019 2690 uon
1030 2631 1132 2696 sotum

162 2731 227 2776 esse
242 2713 391 2789 illicitam,
406 2711 458 2774 sed
473 2713 561 2774 etium
583 2713 762 2774 invalidam:
776 2714 858 2795 quod
878 2717 1019 2797 probatur
1031 2723 1133 2784 verbis

162 2803 278 2864 Decreti
290 2801 416 2882 Eugenii
425 2803 462 2863 tv
474 2801 564 2864 modo
578 2801 687 2864 relatis.
699 2803 865 2866 Necobstat
877 2804 958 2887 qudd
973 2807 1003 2868 in
1014 2809 1131 2876 Concii.

162 2891 294 2952 Trident.
309 2889 425 2952 dicutur
435 2892 612 2971 presertim,
621 2891 692 2974 quie
705 2890 921 2975 baecparticute
935 2913 996 2957 non
1007 2897 1132 2964 denotet

162 2997 249 3059 posse
262 2977 416 3058 quibusvis
426 2977 783 3043 intirmissacrementum
792 2981 964 3060 ministrari,
977 2985 1029 3048 scd
1042 3006 1131 3068 posse

162 3066 225 3129 dari
232 3065 322 3129 etism
332 3065 367 3126 iis
376 3065 439 3146 qui,
450 3065 745 3150 periculosequidem
751 3068 976 3149 decumbentes,
990 3085 1131 3139 nonsunt

162 3162 262 3217 tamen
271 3153 532 3218 constitutiiuvitae
542 3155 711 3220 exitu.Vide
721 3159 752 3221 S.
766 3157 885 3240 Liguor.
894 3159 956 3240 (tib.
968 3165 999 3240 6,
1009 3175 1044 3226 n⁰
1057 3171 1128 3246 713,

45 3235 48 3244 ’
162 3242 231 3306 dud.
246 3245 291 3322 2).

202 3333 290 3396 eutr.
313 3332 469 3410 Attamen,
488 3331 634 3414 quidquid
654 3334 756 3398 dicant
776 3337 927 3415 nonnulli,
941 3342 1025 3420 iuxta
1043 3363 1129 3408 com·

163 3437 287 3482 munem
295 3428 324 3483 et
335 3438 434 3482 verum
449 3423 640 3500 sententiam,
654 3425 692 3486 ud
706 3425 975 3492 administrandum
988 3431 1083 3496 salide
1097 3441 1129 3497 et

164 3505 243 3570 licite
256 3508 313 3572 hoc
326 3519 563 3588 sacramentum,
580 3529 641 3572 non
656 3515 817 3595 requiritur
831 3524 864 3580 ut
878 3517 1015 3582 intirmus
1037 3523 1074 3583 sit
1094 3523 1128 3586 iu
1149 3541 1158 3606 p

164 3607 233 3656 vero
245 3597 382 3676 proxuno
395 3599 527 3676 periculo
540 3601 665 3678 mortis,
680 3602 733 3662 sed
746 3601 854 3668 sumen
867 3607 948 3686 quoti
962 3609 1127 3686 prudenter
