2416 3954
350 203 436 250 orosa
456 201 616 251 sucuuous.
930 189 987 253 ren

33 299 115 364 dietus
127 303 201 378 xw,
216 299 340 364 constit.
365 299 518 376 Quoniam,
534 300 551 380 ξ
567 303 626 379 80).
642 300 793 382 Imagines
805 306 905 364 autem
922 301 989 384 piu-

33 391 98 452 rium
108 392 281 454 Sanctorum
298 389 409 469 apponi
420 396 546 469 possunt
560 408 651 470 super
660 389 742 452 altari
755 393 786 453 in
796 409 859 472 quo
869 408 990 452 sacrum

34 480 167 559 peragitur
176 476 303 560 (Bened.
316 479 382 539 XIV
391 478 493 539 Const.
502 477 774 559 Accepimus).Vide
784 479 861 542 inira
870 481 922 563 (48
928 482 988 558 80).

65 571 145 630 4818.
170 566 354 646 «imagines
375 568 472 628 Deum
493 573 742 647 repraesentantos
758 569 815 630 sub
837 571 872 632 et
895 568 990 630 iormd

34 678 45 713 n
65 658 117 736 qut
130 653 372 737 ipsehominibus
386 654 535 736 apparuit,
547 653 636 717 licita
649 661 730 717 sunt.
742 655 855 720 Bened.
869 659 988 736 XIV...‚

23 766 46 808 a
65 745 205 807 Constit...
221 741 431 805 Sollicitudini
440 743 478 823 ‚§
493 747 568 806 18...
584 743 734 824 Imagines
748 745 802 807 SS.
813 745 989 810 Trinitatem

35 838 305 914 nrepraesentantes
327 830 384 893 sub
410 831 500 893 certis
521 831 627 894 iornris
651 831 739 895 licitae
762 839 856 896 sunt:
880 853 989 916 nempe

35 943 46 978 n
66 941 125 1004 quae
137 924 233 985 Deum
242 922 363 982 Patrem
377 919 532 982 continent
542 921 572 982 in
589 921 684 984 iormt
698 920 830 984 hominis
844 922 941 1000 senis,
958 925 989 986 in

35 1031 47 1066 a
66 1013 142 1091 cujus
155 1012 221 1074 sins
235 1010 274 1072 sit
283 1007 417 1070 Christus
428 1016 457 1070 et
466 1009 543 1071 inter
552 1019 717 1092 utrumque
725 1009 853 1092 Spiritus
863 1012 991 1074 Sanctus

34 1123 45 1156 a
65 1099 91 1160 in
105 1101 195 1164 forma
208 1098 359 1162 columbae
371 1117 379 1171 ;
391 1097 435 1158 vel
451 1097 756 1181 imaginesinquibus
766 1099 894 1162 seorsim
910 1101 990 1162 Deus

33 1209 45 1244 a
65 1189 142 1250 Pater
155 1189 186 1250 in
209 1187 305 1250 iormtt
318 1186 450 1248 hominis
466 1188 563 1264 senis,
579 1193 610 1250 et
628 1189 754 1250 seorsim
768 1187 919 1265 Christus,
938 1187 990 1250 sed

34 1299 44 1332 n
65 1277 216 1360 propinqui
234 1275 337 1352 ambo,
352 1283 382 1337 et
396 1279 474 1338 inter
495 1282 658 1358 utrumque
672 1278 801 1359 Spiritus
815 1279 944 1339 Sanctus
960 1278 990 1338 in

33 1389 44 1422 s
65 1367 150 1430 iormtt
163 1364 314 1430 columbe
331 1364 397 1442 (id,
412 1365 430 1445 ξ
443 1369 493 1443 85,
508 1368 559 1442 38,
575 1368 667 1444 36)...
686 1368 770 1449 Pingi
787 1367 877 1429 etiam
893 1373 990 1448 potest

32 1477 43 1510 r
66 1459 141 1518 Pater
152 1455 293 1531 sotus...;
309 1455 381 1516 item
391 1461 521 1516 aeternus
534 1455 628 1517 Filius
641 1457 818 1534 seorsim...‚
833 1457 922 1518 etiam
932 1455 990 1518 sub

32 1567 43 1600 u
63 1545 151 1608 ierunt
163 1544 246 1625 Agni
256 1547 278 1620 Ι;
295 1542 367 1604 item
378 1543 505 1624 Spiritus
515 1545 698 1607 Sanctusvel
709 1551 852 1626 tanquam
866 1544 903 1606 de
914 1545 990 1608 eoeio

32 1655 42 1689 a
62 1634 244 1698 descendens
265 1631 314 1693 die
329 1633 519 1694 Pentecostes
544 1632 575 1693 iu
594 1631 691 1712 figura
707 1634 877 1714 linguarum
894 1633 988 1714 ignis,

31 1725 99 1784 oret
123 1723 197 1786 alias
220 1722 252 1782 in
272 1719 423 1783 oolumtrae
441 1721 560 1801 specie,
586 1723 710 1783 seorsim
735 1724 844 1803 pariter
867 1722 905 1783 ab
926 1723 991 1786 aliis

30 1833 41 1867 o
63 1813 194 1876 Personis
208 1809 316 1872 divinis
332 1829 340 1869 ε
358 1817 534 1871 nontamen
550 1810 676 1890 Spiritus
691 1811 818 1872 Sanetus
832 1811 958 1872 seorsim
973 1813 990 1873 a

30 1921 42 1956 n
61 1902 171 1965 duabus
185 1899 253 1962 aliis
267 1898 406 1962 Personis
421 1897 552 1960 humant
568 1898 678 1979 speeie,
693 1899 827 1977 seuvini,
842 1917 897 1963 seu
908 1901 990 1982 juve·

29 2011 41 2045 r
62 1991 104 2052 uis
116 1989 241 2073 depingi
256 1995 352 2070 potest
365 1986 462 2066 (ibid,
479 1987 569 2067 §sut

59 2101 73 2138 a
94 2083 160 2144 Non
186 2079 258 2142 lieet
275 2077 499 2140 sanctissimam
519 2077 694 2139 Trinitatem
715 2077 838 2160 pingere
853 2079 884 2140 in
904 2086 989 2144 utero

28 2188 40 2224 a
62 2171 91 2230 B.
105 2171 145 2234 Μ.
164 2169 249 2250 virg.
266 2165 330 2245 (id,
345 2167 363 2246 ἓ
377 2169 438 2244 87),
454 2185 510 2228 neo
529 2167 586 2229 sub
599 2165 696 2247 tigurd
709 2166 840 2230 hominis
853 2169 989 2251 tricipitis

28 2279 39 2313 r
59 2257 220 2340 (ib.‚§28).
233 2259 386 2317 Anautem
397 2256 454 2318 sub
464 2255 561 2336 figura
569 2255 727 2318 homiuum
737 2258 897 2339 aequalium
907 2268 937 2322 et
948 2260 988 2322 si·

28 2365 39 2400 o
60 2345 398 2426 milium‚disputatur...
411 2343 573 2425 (ib.‚§29).
584 2340 988 2425 imagines'divinamPerso

27 2455 39 2490 a
60 2455 126 2499 narn
139 2439 390 2517 repraesentantes
408 2433 464 2494 sub
480 2433 538 2494 alia
553 2433 749 2514 formaqudm
760 2453 827 2514 quae
835 2435 872 2494 ab
881 2435 987 2496 eadem

28 2543 40 2580 o
59 2533 208 2607 assumpta
227 2522 332 2594 tuerit,
357 2521 473 2583 tolerari
498 2541 560 2584 non
576 2521 688 2584 debent
714 2521 779 2600 (ἑὸ.,
794 2521 812 2602 §
830 2523 890 2600 88).
906 2545 921 2579 u
947 2525 987 2582 lta

28 2611 147 2678 Ferraria
166 2615 208 2696 (v⁰
228 2611 388 2692 Imagines,
405 2629 438 2671 n⁰
452 2615 508 2688 54,
524 2615 606 2689 ete).

63 2723 78 2762 a
95 2703 237 2768 Urbanus
258 2702 323 2764 Vlss
344 2701 480 2762 comburi
499 2699 588 2778 jussit
613 2698 777 2779 imaginem
797 2713 868 2760 oum
893 2697 988 2760 tribus

28 2810 39 2846 r
60 2790 176 2870 buccis,
196 2790 291 2853 tribus
304 2789 384 2852 nasis
397 2795 426 2851 et
437 2795 567 2870 quatuor
577 2787 700 2850 oculis»
718 2786 756 2850 ad
770 2785 986 2866 designandum

28 2879 203 2944 Trinitatem.
220 2913 259 2927 -
273 2879 422 2956 Tamaris,
439 2877 493 2953 iu,
512 2889 546 2938 n⁰
559 2882 609 2938 id.

58 2973 145 3035 4819.
168 2973 244 3032 ltem
253 2968 367 3032 licitum
382 2975 427 3029 est
441 2966 572 3048 Angelos
582 2965 745 3048 depingere
760 2966 790 3027 in
805 2965 902 3028 iormt
919 2985 985 3029 our·

28 3063 126 3138 peret,
141 3058 223 3141 quali
238 3058 269 3120 in
283 3057 430 3138 scriptura
444 3055 614 3117 referuntur
634 3055 798 3136 saepissime
814 3054 986 3120 hominibus

27 3149 211 3228 apparuisse,
226 3147 271 3209 vel
285 3145 367 3228 quoii
381 3145 493 3207 ibidem
507 3145 727 3207 describuntur.

59 3240 148 3300 4820.
170 3237 321 3318 Imagines
330 3243 432 3298 autem
446 3234 552 3297 Christi
566 3239 597 3296 et
610 3234 764 3314 Deiparae,
781 3235 984 3315 angelorum.

53 3379 61 3408 ⁴
77 3377 128 3431 iios
144 3377 243 3446 quidem
260 3373 361 3429 ratitum
380 3375 460 3428 tuerat
476 3376 501 3426 in
518 3391 571 3442 sap.
588 3375 689 3430 Sextum
705 3379 830 3439 sonutam,
845 3377 901 3428 dist.
918 3379 941 3440 ³,
955 3387 986 3430 do

23 3445 145 3512 Causam„
153 3450 196 3500 aed
205 3465 234 3500 ex
243 3449 309 3515 praxi
318 3455 414 3500 constat
425 3447 572 3512 prohibitum
582 3447 657 3496 iuisse
665 3447 744 3498 satum
754 3447 886 3512 depingere
894 3463 985 3513 agnum

25 3521 136 3582 tanquam
153 3521 258 3583 liguram
277 3521 366 3574 Cirristi
389 3519 543 3578 immutandi,
562 3533 611 3567 non
634 3519 691 3568 rard
710 3525 825 3584 tanquam
847 3519 984 3582 arminium

27 3586 110 3640 Carini
120 3587 247 3642 immutati.
256 3589 316 3642 vro·
329 3588 435 3642 iarrrris
446 3591 480 3654 (aa
492 3585 762 3652 inoperationum
774 3591 782 3650 )
