2416 3954
403 259 488 306 nvom
509 259 666 308 scconnua.
954 247 1007 312 tot

58 371 71 410 r
92 349 168 433 signa
183 373 198 412 e
218 369 227 416 z
242 353 288 417 cui
302 361 447 418 consonat
460 356 583 419 Constit.
592 354 799 422 detestabilem
809 356 921 421 Bened.
933 359 1012 434 xlv,

58 437 96 500 sic
112 439 240 504 habens:
264 445 427 522 «quamvis
446 447 642 508 sacramentis
663 448 769 510 muniti
785 446 1012 524 decesserint»,

59 528 129 607 quod
141 529 247 593 deduci
260 531 375 594 videtur
393 551 430 595 ex
449 552 516 616 cap.
532 533 646 596 Felicis
662 539 690 607 l,
719 535 753 597 de
776 537 1009 606 Tornccmentr's,

59 615 102 678 ubi
127 619 248 684 dicitvrr:
277 621 578 686 «Felicismemoriae
603 625 860 688 Innocentianee...
881 624 1013 706 vestigiis

58 727 71 762 a
91 707 283 788 inherentes,
298 708 486 773 detestabiles
499 711 565 774 illas
579 710 682 790 serios,
695 732 771 794 quas
780 713 870 795 vulgo
892 719 1011 776 tornen-

60 815 71 853 ι
92 803 323 877 monteronem,
337 797 368 861 in
383 799 493 881 quibus
513 801 623 864 milites
641 821 677 864 ex
692 800 832 864 condicto
852 803 1013 864 convenire

58 905 71 942 i
91 885 196 963 solent,
211 893 243 950 et
255 887 293 950 ad
314 891 545 952 ostentationem
563 890 671 954 virium
695 909 819 953 suarum
839 897 869 952 et
882 891 1013 954 nudociae

58 994 71 1031 r
91 977 197 1038 temere
211 977 376 1058 congredi,
396 977 601 1060 prohibemns
615 980 702 1053 Quod
721 981 745 1041 si
768 979 836 1062 quis
849 997 955 1041 eorum
973 979 1013 1040 ibi

58 1085 70 1120 i
92 1073 219 1130 mortuus
233 1065 342 1143 tuerit,
356 1069 488 1148 quemme
505 1069 534 1132 ei
548 1070 679 1151 poscenti
689 1069 864 1153 penitentia
886 1087 943 1128 non
965 1087 1014 1128 ne-

58 1173 70 1208 v
90 1161 179 1234 petor,
194 1155 348 1238 sepulture
368 1165 464 1220 tomen
486 1167 586 1221 careat
604 1157 840 1222 ecelesiastici.»
868 1155 1011 1238 Supponi·

57 1247 99 1302 tur
119 1243 147 1304 in
173 1245 307 1308 Concilio
338 1246 485 1324 trident,
515 1247 597 1329 quod
619 1267 702 1311 mors
732 1247 865 1310 evenerit
891 1246 923 1307 in
954 1245 1015 1327 ipso

57 1331 194 1412 conflictu,
212 1335 295 1397 unde
317 1334 343 1396 si
366 1335 437 1398 alibi
451 1337 603 1416 evenerit,
618 1337 674 1400 etsi
687 1337 718 1399 in
742 1335 885 1399 conflictu
907 1335 1016 1397 vuinus

58 1423 170 1486 rnortale
191 1423 473 1507 fueritaoceptum‚
498 1445 560 1489 non
583 1433 661 1489 esset
679 1425 840 1510 privandus
863 1425 1016 1507 sepultura

58 1509 99 1571 ille
119 1513 169 1593 qui
190 1513 276 1576 dedit
297 1513 383 1594 signe
401 1516 584 1597 poenitentiae
603 1517 693 1578 :vido
715 1513 868 1578 Reiffenst.
889 1515 951 1592 (lib.
975 1518 1014 1592 3,

59 1599 94 1660 tit.
108 1605 155 1678 28,
166 1611 199 1664 n⁰
213 1605 276 1680 80).
287 1603 396 1666 ——Sed
409 1623 447 1666 ex
458 1605 541 1668 Bulla
551 1605 759 1668 detestabilem
774 1603 865 1666 modo
880 1603 1014 1673 citatem,

58 1689 168 1766 privatio
177 1691 357 1773 sepulture,
372 1694 390 1754 a
404 1695 435 1756 S.
451 1695 584 1776 Trident.
601 1697 675 1776 Syn.
692 1694 821 1772 inflicta,
842 1691 1016 1754 incurrendo

58 1785 93 1836 est
99 1782 613 1864 perpetuoentesententr‘nmjudicv's
622 1785 639 1845 ἁ
647 1783 797 1845 decedente
807 1801 917 1865 qnoque
929 1789 1016 1844 cetra

58 1865 138 1930 torrem
147 1869 311 1953 conflictis,
326 1891 364 1933 ce
377 1872 497 1934 vulnere
510 1872 618 1934 ibidem
631 1881 797 1955 eccepto...,
812 1871 930 1934 etiamsi
948 1871 1016 1933 uul-

57 1966 164 2020 neratos
176 1967 247 2022 ante
260 1969 382 2022 mortem
394 1982 452 2022 non
466 1963 578 2024 ineerta
589 1962 771 2044 penitentie
788 1962 873 2042 signo
891 1960 1013 2032 dederit,

56 2049 160 2128 ntpned
165 2049 294 2131 peccatis
303 2057 332 2112 et
339 2051 679 2113 censuriscbsolutionem
690 2050 865 2127 obtinuerit,
880 2051 1016 2114 «saltata

57 2155 69 2190 r
91 2137 244 2220 Episcopis
257 2145 287 2199 et
299 2138 462 2202 Ordinoriis
476 2159 566 2222 super
579 2141 636 2202 htc
649 2143 739 2222 prena
754 2140 965 2222 interpretandi
981 2159 1016 2204 ac

57 2244 70 2280 v
89 2225 280 2309 dispensandi
290 2227 465 2292 facultate.»
483 2232 548 2292 lloo
562 2231 781 2308 nonobstante,
793 2229 912 2292 Cardin.
925 2231 1018 2293 Gous·

58 2319 97 2374 set
113 2316 230 2395 (Tdeol.
246 2317 370 2394 lloeole,
386 2327 458 2381 tom.
482 2324 511 2392 2,
529 2321 562 2380 n⁰
574 2319 647 2402 636)
664 2321 706 2382 ait
722 2338 729 2379 :
746 2319 803 2382 «Si
815 2319 842 2381 le
856 2319 1016 2397 duelliste,

58 2423 70 2460 r
91 2423 120 2466 se
133 2412 255 2468 sentent
267 2409 372 2468 atteint
385 2409 426 2470 du
439 2426 518 2490 coup
532 2409 658 2486 montel,
682 2409 835 2470 reclamait
853 2426 895 2469 un
919 2412 1019 2489 pretre

59 2513 71 2549 r
92 2512 128 2554 ou
143 2496 186 2558 les
200 2514 324 2558 serours
339 2496 377 2558 do
388 2498 414 2558 la
427 2499 624 2579 Religion‚et
642 2515 702 2577 que
722 2513 757 2557 ce
775 2495 825 2555 leit
848 2495 894 2556 tot
915 2497 1019 2559 nttcstd

59 2603 71 2638 v
93 2601 143 2665 por
155 2585 306 2667 plusieurs
319 2588 458 2662 temoins
475 2605 552 2648 nous
565 2603 696 2668 pensons
710 2602 770 2664 que
788 2583 849 2644 l'on
861 2592 931 2664 peut
947 2591 1019 2646 tem·

59 2692 72 2726 o
93 2673 176 2754 perer
191 2675 218 2734 la
234 2678 356 2755 rigueur
367 2675 420 2738 des
438 2693 551 2738 canons
565 2683 595 2736 et
614 2671 757 2736 accorder
777 2689 816 2734 au
834 2671 971 2734 duelliste
993 2673 1020 2737 le

59 2779 73 2816 ι
94 2763 244 2843 sepulture
258 2763 481 2846 ecclesiasticus
497 2785 505 2840 ;
527 2765 555 2825 le
569 2762 650 2825 relus
661 2809 670 2840 ,
681 2761 814 2842 quoique
829 2761 1019 2842 somnique,

60 2869 73 2906 r
95 2868 131 2912 ne
149 2851 240 2913 serait
256 2870 309 2932 pas
326 2856 458 2936 compris
476 2853 572 2935 parmi
596 2869 673 2914 nous
691 2850 767 2910 dens
787 2849 814 2910 le
837 2867 888 2911 cas
909 2849 983 2913 dont
1001 2851 1022 2914 il

61 2959 74 2995 r
94 2941 187 3022 s’egit.
204 2962 220 3000 n
238 2942 296 3002 Sed
311 2941 374 3004 haec
389 2943 511 3004 assertio
522 2938 678 3002 manifeste
688 2939 805 3001 videtur
818 2937 1023 3005 contradicere

62 3029 144 3091 modo
155 3030 243 3093 (liotae
257 3031 466 3094 constitutioni
482 3030 595 3092 Bencd.
610 3031 676 3093 XlV
689 3048 697 3090 ι
712 3028 794 3091 unde
812 3029 951 3091 sustineri
973 3050 1024 3094 nc·

62 3117 119 3197 quit
136 3120 194 3180 nisi
212 3119 309 3181 velob
325 3121 574 3184 consuetudinem
598 3122 677 3201 (quae
699 3125 822 3198 tamen,
841 3121 926 3200 juxta
947 3139 1024 3203 opus

63 3207 190 3284 ejusdem
203 3208 324 3271 Cardin.
346 3210 527 3292 Eeposr'tion
549 3208 596 3271 dee
612 3209 763 3292 principes
776 3207 815 3270 du
837 3208 917 3270 droit
939 3229 1024 3272 cono·

63 3297 162 3377 nique,
179 3315 241 3359 non
255 3305 333 3361 esset
346 3298 488 3380 legitimo)
501 3298 564 3375 ‚vel
580 3299 620 3361 ob
638 3299 738 3378 gravia
754 3298 947 3360 incommoda
957 3319 1025 3382 quae

63 3384 220 3450 obventura
240 3398 340 3453 essent
356 3408 395 3451 err
412 3388 610 3469 denegatione
628 3387 790 3469 sepulturae
805 3405 836 3448 rn
859 3389 909 3448 toli
932 3407 1023 3450 casu:

65 3477 260 3538 communiter
275 3485 376 3541 tumen
393 3478 523 3560 theologi
544 3477 636 3538 nostri
652 3476 682 3536 in
698 3475 791 3536 Gellia
804 3475 891 3536 dictae
906 3483 1025 3535 senten·

65 3563 108 3627 tiae
117 3565 235 3629 Cardin.
249 3570 376 3631 Gousset
385 3569 612 3651 adstipulantur,
623 3571 658 3628 ut
666 3565 769 3625 asserit
778 3565 811 3624 P.
823 3565 904 3642 Gurg
912 3564 985 3640 (tom
994 3566 1025 3630 2,

67 3667 97 3714 n·
109 3660 167 3718 vsu
180 3701 188 3735 ,
203 3657 235 3717 in
247 3657 337 3738 notai).
