2416 3954
188 187 245 240 blltl
404 189 542 234 daubata
562 189 663 234 nortus
683 190 765 236 tants
784 188 932 235 ennomus.

187 296 308 352 auctore
322 286 491 363 BIondeau‚
507 284 591 365 operi
605 283 715 346 Cursus
728 283 886 366 completas
897 283 1053 365 tlreolopicc
1065 283 1154 346 inser·

188 386 252 441 tum
273 377 360 456 (tom.
379 379 408 444 8.
425 374 483 436 col.
504 375 575 448 865,
591 373 672 452 etc).
696 372 831 435 Tandem
853 373 892 435 ab
911 373 1038 438 Urbano
1056 375 1120 436 VIII
1132 381 1156 434 et

188 466 279 547 ipsius
302 462 532 526 Successoribus
552 461 640 524 varias
663 461 842 544 praescriptae
861 459 947 523 fuere
969 459 1155 524 formalitatis

187 573 255 636 quae
270 570 457 632 nuncusque
471 551 668 614 observantur
681 553 713 612 et
725 567 856 631 quarum
868 548 962 613 series
976 547 1107 614 breviter
1118 557 1156 612 est

187 643 236 706 lrlc
249 641 438 704 delineanda.

226 732 390 794 assa-It
400 731 445 791 Ab
456 729 615 792 Ordinatio
624 729 680 791 loci
695 727 841 792 faciendae
851 734 922 790 sunt
935 727 1155 792 informationes

187 827 249 882 tam
264 818 463 882 cirrafamam
474 819 617 880 virtutum
627 824 656 892 et
665 816 881 880 miraculorum
895 817 1056 894 servibat,
1071 821 1153 899 qu'an

188 910 267 972 circa
289 908 526 971 observationem
551 909 746 968 Decretorum
761 904 874 970 Urbani
887 906 954 966 VIII
975 924 1046 986 qua
1064 913 1155 968 vetant

190 999 344 1080 pubiicum
360 995 492 1058 exhiberi
506 995 622 1058 cultum
636 995 734 1057 Servis
749 994 820 1068 Ilei,
837 993 976 1056 nondum
992 993 1155 1058 beatificatis

189 1095 242 1150 aut
250 1085 432 1148 canonizatis
444 1103 451 1144 :
463 1085 486 1145 si
501 1083 582 1145 enlm
596 1083 661 1146 hacc
675 1085 799 1146 Decreta
813 1081 941 1144 fuissent
952 1083 1073 1158 violata,
1087 1081 1155 1145 ultra

190 1195 251 1238 non
265 1174 400 1257 procedit
413 1175 444 1234 S.
460 1171 553 1235 Sedes
570 1171 668 1235 donec
681 1171 797 1233 sublata
811 1169 923 1233 fuerint
940 1190 976 1233 ea
994 1172 1097 1234 omnia
1109 1190 1156 1252 per

190 1284 258 1345 quae
272 1263 392 1325 fuerunt
407 1261 476 1322 lassa
492 1281 499 1319 :
516 1260 661 1323 reassumi
675 1269 773 1324 tamen
788 1266 885 1341 potest
897 1277 1004 1337 causa,
1015 1261 1155 1324 siaonster

190 1360 291 1432 postea
305 1351 369 1432 ipsa
383 1349 499 1411 sublata
512 1349 604 1412 fulsse
618 1349 673 1425 (De
687 1347 816 1428 dactili,
828 1347 882 1411 lib.
892 1353 922 1426 8,
937 1367 1005 1430 cap.
1023 1353 1082 1419 16).

229 1443 317 1500 1858.
330 1474 365 1484 —-
375 1441 406 1499 8ο
421 1437 600 1516 Hujusmodi
617 1437 844 1500 informationes
857 1435 1029 1499 deferendae
1042 1437 1156 1500 suntad

190 1531 221 1591 S.
238 1527 358 1598 Sedem,
375 1535 403 1590 et
415 1527 495 1608 apud
509 1527 666 1588 Notarium
681 1529 712 1588 S.
729 1527 787 1587 nit.
806 1525 1054 1607 Congregationis
1069 1527 1155 1607 depo·

191 1625 324 1692 nuntur3
350 1625 414 1678 tum
434 1634 471 1676 ex
492 1615 633 1676 instantia
650 1633 750 1677 causac
766 1613 976 1692 Postulatoris‚
992 1615 1081 1677 citato
1093 1614 1156 1676 lidei

191 1708 386 1780 promotore,
402 1703 594 1784 peridoneus
611 1709 701 1765 testes
725 1703 757 1764 Iit
770 1703 935 1782 recognitio
956 1705 1156 1786 suscriptionIs
1196 1753 1197 1796 p

191 1803 221 1858 et
240 1793 327 1876 sigilli
356 1791 525 1868 ordinarii,
547 1797 578 1854 et
603 1792 713 1854 deinde
742 1789 968 1854 informationes
989 1795 1157 1874 aperimur
1196 1799 1197 1826 ¹

191 1901 293 1946 coram
308 1881 465 1943 Gardinale
485 1880 714 1961 congregationi
737 1879 895 1955 PraefeoIo;
911 1879 1045 1962 posthac
1060 1890 1155 1962 postu·

192 1971 269 2032 latur
290 1973 307 2030 a
329 1969 523 2031 Sanctissimo
544 1978 577 2030 ut
598 1969 772 2049 designetur
793 1976 853 2030 tam
872 1967 1038 2032 Cardinalis
1056 1970 1156 2032 relator

191 2061 283 2138 quam
295 2058 474 2136 iuterpretes
483 2057 506 2118 si
517 2075 593 2135 opus
603 2057 639 2117 sit
651 2078 658 2117 :
671 2075 741 2118 nam
752 2058 852 2118 statim
863 2075 899 2119 ac
912 2057 1060 2120 Ordinarii
1074 2059 1154 2121 infor·

192 2147 341 2205 mationes
368 2151 398 2205 et
424 2146 572 2206 sententia
598 2145 720 2208 fuerunt
742 2145 934 2226 approbatas,
967 2148 1070 2222 omnia
1097 2149 1155 2210 sine
1195 2185 1196 2204 2

192 2232 369 2313 exceptione
393 2233 475 2292 Servi
495 2233 547 2293 Ilei
567 2234 698 2314 scripta,
728 2235 818 2296 etlam
837 2251 892 2315 pro
906 2233 1018 2314 privata
1038 2236 1153 2298 instrue·

192 2321 273 2383 tione
294 2325 364 2382 sunt
377 2319 593 2396 examinanda;
608 2339 666 2383 neo
684 2321 759 2384 solet
772 2323 790 2384 t
803 2323 834 2384 S.
852 2321 997 2385 Pontifice
1018 2325 1154 2386 subscribi

192 2409 365 2473 commissio
376 2408 414 2470 de
429 2427 572 2490 processu
587 2409 738 2486 faciendo,
755 2411 811 2473 nIsi
822 2429 858 2472 ea
876 2419 993 2493 reperta
1006 2410 1111 2475 fuerim
1122 2415 1154 2474 ab

193 2500 276 2562 omni
292 2501 419 2561 censura
434 2498 599 2574 immunia3
615 2499 680 2560 haec
693 2507 795 2561 autem
814 2501 989 2562 commissio
1004 2519 1066 2564 non
1078 2505 1154 2564 subs·

194 2587 317 2651 cribitur
337 2587 394 2648 msi
406 2587 530 2668 expletis
545 2587 651 2649 decem
664 2589 753 2650 annis
765 2597 831 2669 post
845 2587 968 2650 traditas
985 2589 1156 2653 informatio

194 2696 259 2740 nes.
273 2677 328 2754 (De
344 2675 494 2758 Remiſsa,
508 2675 559 2736 lib.
575 2679 603 2752 I,
616 2693 683 2756 cap.
697 2678 782 2756 8811
1194 2681 1195 2684 ’

234 2769 376 2828 1189.-
388 2767 421 2827 3ο
439 2764 568 2828 Obtenta
586 2765 807 2827 commissionis
830 2765 995 2829 Pontificiae
1015 2769 1155 2848 signatura

229 2882 236 2906 ·
253 2875 278 2926 Si
295 2890 380 2926 servus
393 2873 435 2925 Ilei
448 2874 572 2940 scripserit
583 2875 674 2941 aliquid
689 2877 755 2941 quod
769 2881 886 2940 tompore,
896 2893 946 2942 quo
959 2879 1091 2939 scribebat,
1104 2897 1156 2930 cen·

196 2947 253 2998 surb
266 2945 347 3010 aliqud
361 2951 471 2994 notatum
485 2952 544 3004 erat,
563 2946 708 3010 expenditur
721 2953 801 2996 utrurn
819 2953 876 2996 arrte
892 2963 965 2996 suum
984 2949 1078 3000 obitum
1090 2949 1112 3000 id
1124 2969 1156 2998 n·-

198 3015 337 3066 trartaverit
359 3017 403 3076 (Ile
422 3017 521 3078 lirant,
542 3017 584 3065 lib.
604 3017 635 3074 8,
650 3033 671 3064 c.
690 3017 735 3077 83,
750 3017 819 3078 noa,
839 3019 912 3082 etc.)·,
934 3031 982 3069 nec
994 3023 1084 3071 suflicit
1100 3021 1154 3086 qudd

211 3085 288 3149 cripta
298 3083 391 3149 judicio
405 3084 430 3133 S.
445 3085 515 3134 Sedis
528 3087 618 3136 fuerint
629 3085 760 3137 submissa.
1193 3139 1194 3146 ,

230 3154 369 3205 Notandum
382 3162 419 3202 est
430 3155 496 3219 qudd
510 3157 621 3208 doctrina
639 3157 758 3209 librorum
771 3159 784 3208 ai
803 3159 878 3209 Servo
892 3160 934 3210 Ilei
951 3170 1105 3212 exaratorum
1117 3177 1156 3210 uuo

199 3223 255 3276 ideo
269 3230 383 3273 censetur
399 3225 531 3289 approbata
550 3229 563 3276 ri
582 3229 608 3277 S.
626 3229 690 3280 Sede
709 3231 772 3295 qudd
790 3230 802 3279 ὲ
820 3231 966 3282 reuiaonbua
987 3233 1061 3282 fuant
1076 3243 1156 3294 reperta

202 3295 316 3346 sunnonis
329 3294 341 3341 1
355 3297 472 3345 censor-ri.
488 3299 538 3348 Imd
551 3301 612 3350 citra
624 3303 701 3350 allum
713 3303 854 3352 temeritatis
870 3307 954 3352 notum
966 3303 1049 3354 adhoc
1061 3305 1158 3354 modeste

202 3365 339 3428 impugnari
352 3370 432 3426 potest
444 3366 515 3414 lienis
533 3369 670 3420 rubonibus
683 3371 798 3421 adhibitis
816 3373 861 3434 (lle
874 3371 979 3434 Bootis..
995 3373 1039 3422 lib.
1051 3375 1080 3430 8.
1094 3390 1114 3423 c.
1127 3375 1157 3426 31.

202 3445 231 3484 no
241 3434 289 3493 18).
304 3433 376 3492 ltem,
387 3435 434 3483 etsi
447 3435 563 3495 visiones,
576 3435 741 3502 apparitiones
750 3449 774 3492 ct
787 3443 920 3506 prophetias
932 3443 1107 3508 approbentur,
1119 3460 1158 3492 nou

202 3511 375 3579 tanquam'res
392 3503 423 3553 da
441 3505 490 3556 lide
505 3505 625 3558 habenda
642 3519 715 3572 runt,
740 3513 783 3562 sed
806 3513 900 3562 trutino
921 3519 948 3562 m
970 3515 1108 3579 probabiles
1124 3515 1158 3576 tlte

205 3569 301 3630 Beodf,
313 3570 354 3620 bb.
367 3572 392 3630 8,’
404 3587 422 3622 c.
439 3573 479 3634 88,
494 3585 522 3623 na
534 3575 583 3628 18.)
