2434 3940
411 211 665 264 trasnsacunous.
950 191 1006 264 lli

78 314 309 392 renda,conlundi
321 336 384 382 non
394 316 483 380 debet
494 335 566 379 oum
580 314 740 378 traditione
752 315 908 384 arrharum
922 336 1012 401 spon-

77 403 221 468 salitiorum.
237 409 297 470 lloo
307 408 430 470 nomine
443 407 585 479 veniunt,
601 405 793 486 inquitCard.
809 409 909 488 Soglia
923 409 1008 486 (lost.

72 488 122 567 jur.
133 493 213 574 prin,
229 495 246 576 ξ
261 499 339 575 113),
354 513 491 576 respuas
511 511 591 557 unus
611 511 649 555 ex
671 494 809 577 sponsis,
824 495 869 558 rel
884 505 1009 580 uterque

77 577 145 642 tradit
162 582 189 645 in
211 585 317 666 pignus
342 584 524 646 matrimonii
552 581 689 646 ineundi.
722 584 807 664 ltatio
828 585 1011 650 discriminis

76 662 134 730 intrr
151 671 245 734 arrhas
270 679 301 736 et
320 672 539 756 appositionem
558 688 675 753 poenae,
699 677 745 734 est
772 673 852 753 quod
874 673 1011 738 homines

75 755 166 820 soleant
176 777 237 822 esse
250 763 397 825 cautiores
406 762 437 822 in
446 760 546 822 dando
557 762 651 841 quim
664 759 696 820 in
706 761 919 841 promittendo,
930 763 1011 825 unde

75 842 148 908 arrha
159 857 222 910 sunt
235 849 386 912 ordinarie
400 850 480 929 parvi
492 849 636 910 momenti
651 866 687 910 ao
701 848 828 929 proinde
840 850 940 912 minus
953 869 1013 914 res-

74 933 182 1014 tringunt
195 938 374 1000 matrimonii
391 937 567 998 libertatem.
585 936 659 998 Vide
674 935 829 1010 Caniere,
846 938 889 1000 lle
903 939 1012 1000 Matri·

73 1023 155 1100 nonio,
167 1027 196 1088 nl
208 1029 276 1090 370.
293 1029 402 1089 Secuto
416 1025 607 1087 matrimonio
620 1025 761 1088 arrhaest
772 1027 956 1090 restituenda
970 1027 1012 1090 illi
1049 1103 1053 1112 ⁸

73 1109 175 1186 quieanr
187 1115 322 1191 tradidit,
332 1113 587 1197 quemadmodum
600 1113 725 1195 pignora
738 1114 905 1178 redduntur
913 1117 1012 1179 statim

71 1211 97 1258 ac
108 1217 147 1262 raa
164 1204 308 1284 promissa
322 1201 472 1284 impletur.
488 1235 524 1248 -
534 1204 608 1264 lteni
622 1202 804 1266 restituenda
814 1211 860 1266 est
872 1205 971 1284 arrha,
986 1208 1011 1270 si

72 1289 290 1370 matrimonium,
304 1291 417 1372 absque
430 1290 492 1354 ulla
505 1290 648 1362 tradentis
660 1291 767 1372 culpa,
784 1293 928 1357 celebrari
950 1313 1011 1358 non

71 1377 151 1457 possit,
165 1391 243 1462 puta,
254 1381 279 1442 si
294 1381 369 1442 alter
381 1397 513 1461 sponsus
525 1378 677 1449 moriatur,
694 1379 739 1442 rel
753 1384 844 1444 etiam
858 1382 882 1443 si
892 1382 1011 1446 arrham

70 1465 288 1549 tradenserjusttl
295 1471 385 1532 carisa
392 1467 732 1549 resiliattsponsalibus,
741 1469 831 1532 veluti
841 1469 865 1532 si
880 1473 1011 1553 Religio-

70 1568 122 1614 nem
135 1556 323 1637 ingrediatur.
335 1557 365 1619 Si
375 1558 446 1619 rerd
455 1575 535 1618 unus
543 1558 561 1618 e
569 1557 813 1620 eontralrentibua
826 1559 1013 1640 culpabiliter

68 1639 135 1705 riolet
154 1645 252 1709 datam
268 1645 376 1724 iidem,
391 1645 455 1727 ipae
477 1645 580 1708 arrhas
600 1647 618 1707 a
635 1663 668 1707 se
685 1645 768 1708 datas
783 1647 893 1727 perdit,
913 1655 944 1710 et
962 1667 1013 1714 ao·

68 1739 147 1809 reptas
170 1735 295 1798 reddam
313 1740 432 1798 tenetur
452 1734 543 1797 etiam
565 1731 603 1794 ad
625 1733 769 1813 duplum,
785 1735 810 1795 si
834 1735 931 1796 nullas
950 1736 1014 1818 ipse

66 1819 227 1886 tradiderat:
247 1823 386 1906 quinimo
405 1823 430 1885 si
449 1821 659 1884 contrahentes
676 1820 714 1884 de
730 1821 885 1885 reddendo
904 1823 1012 1906 duplo,

66 1907 135 1985 triplo
147 1919 195 1975 aut
214 1912 386 1996 quadruplo
408 1913 598 1990 (nontamen
615 1909 711 1989 ultra,
727 1927 765 1972 ne
780 1909 900 1974 libertas
916 1915 1015 1977 matri-

66 1999 139 2061 monii
158 2002 324 2080 minuatur)
339 2001 507 2082 pactionem
532 1998 672 2075 iecerint,
687 2008 806 2081 paetum
830 2007 875 2064 eat
896 2019 1013 2068 servan·

64 2081 137 2164 dum3
151 2089 181 2152 in
203 2091 252 2153 his
271 2087 551 2152 autem‘senanda
574 2094 644 2150 sunt
671 2089 905 2154 eonsuetudines
930 2091 1011 2158 loco·

64 2187 116 2238 mm
130 2195 138 2240 τ
151 2179 193 2242 sio
208 2179 240 2241 in
255 2178 359 2241 multis
373 2177 464 2249 loeis,
479 2176 592 2255 arrhae,
608 2185 711 2240 secuto
724 2179 934 2261 matrimomo,
950 2202 1018 2262 non

64 2266 252 2331 restituuntur.
268 2265 343 2330 Vide
356 2267 414 2329 alia
427 2265 507 2347 apud
521 2264 605 2328 l'iard.
625 2267 724 2347 Soglia
738 2265 803 2344 (tt,
817 2269 835 2349 5
851 2272 929 2350 143).

91 2357 172 2418 loto.
194 2359 232 2420 ln
251 2355 345 2418 Gallia
359 2355 458 2418 Codex
476 2354 570 2418 civilis
584 2372 622 2416 ne
639 2355 764 2418 verbum
785 2357 907 2440 quidem
922 2360 1013 2426 habet

61 2435 89 2500 tle
99 2444 285 2524 sponsalibus
296 2464 304 2506 ε
315 2463 351 2507 er
365 2462 428 2525 quo
438 2443 601 2524 iurisperiti
614 2443 799 2506 concludunt
811 2465 847 2508 aa
868 2465 929 2510 non
945 2468 1011 2514 essa

60 2531 209 2612 prohibita,
225 2540 255 2596 et
267 2532 348 2616 apud
359 2550 414 2595 nos
427 2532 528 2595 locum
541 2531 650 2594 habere
664 2533 809 2594 servando
824 2535 1011 2601 conditiones

59 2625 211 2695 generatim
225 2621 412 2704 praeaoriplas
424 2639 479 2701 pro
491 2619 707 2684 contractibus:
719 2621 759 2680 ita
772 2621 921 2700 Touillar,
935 2626 1012 2686 Mer·

59 2702 92 2766 lin
103 2755 110 2786 ,
122 2728 172 2792 ap.
187 2710 323 2774 Garriera
334 2755 343 2787 ,
354 2709 399 2773 oe
412 2709 560 2785 aaran,
576 2719 610 2769 n·
623 2711 694 2770 363.

85 2793 169 2859 loto.
183 2797 266 2860 Ante
281 2797 377 2862 Corio.
390 2797 487 2872 Trid.,
499 2809 531 2862 et
546 2806 617 2880 post
631 2798 748 2879 ipsum,
765 2792 818 2857 ubi
828 2809 892 2856 nou
902 2787 1027 2872 vigebat

55 2879 204 2948 liciatum
222 2886 363 2958 Tametsi.
383 2888 553 2970 sponsalia,
583 2886 752 2950 accadenta
768 2883 894 2964 copula,
911 2879 1026 2944 transi·

54 2967 120 3034 lant
135 2975 168 3037 in
180 2975 435 3056 matrimonium,
453 2983 482 3040 vi
498 2975 647 3054 legitimae
658 2971 916 3057 praesumptionis
930 2985 938 3044 ς
954 2987 1025 3049 cap.

55 3059 78 3120 lt
94 3063 154 3140 qai,
179 3075 255 3140 eta,
276 3067 313 3129 de
334 3083 433 3148 spons.
450 3067 489 3129 lt
517 3069 585 3128 hae
615 3064 814 3128 matrimonia
833 3069 1026 3144 praesumpta

54 3149 168 3218 sublata
178 3163 254 3220 sunt
268 3173 325 3236 par
335 3156 452 3220 derret.
467 3153 634 3218 Contentus
642 3163 779 3237 mutuos,
793 3155 829 3217 15
844 3151 922 3216 fabr.
936 3147 1024 3213 1812.

528 3295 579 3361 111,

303 3407 347 3471 lla
359 3303 552 3470 dissolutione
565 3403 771 3487 Sponaolium.
890 3451 895 3462 .

86 3507 177 3572 1017.
194 3511 358 3596 llultiplici
377 3513 471 3575 modo
486 3513 706 3578 dissolruntur
720 3512 881 3594 sponsalia
898 3531 907 3574 ι

84 3593 525 3666 transnominationem
541 3618 549 3663 :
564 3601 621 3665 sed
636 3601 689 3664 hle
705 3611 752 3665 est
766 3591 1029 3676 distinguendum

172 3713 197 3757 r.
213 3716 252 3758 ιιι
394 3744 396 3748 .
892 3693 909 3744 'l
