2498 3966
283 151 369 200 urna
390 149 549 199 saturnus.
572 165 613 180 -
632 149 820 196 mecanicae.
985 139 1042 198 779

67 271 175 324 aulem
205 260 288 322 cirili
309 279 359 323 res
385 259 605 323 tantummodo
619 259 759 322 ordinari
778 268 873 340 utque
894 259 1047 323 adminis-

67 351 145 412 trari
162 367 264 430 posse,
279 367 358 429 quas
379 350 579 412 matrimonia
595 349 737 412 alliciunt
752 367 789 410 ex
802 367 869 413 sese
884 349 916 411 in
932 368 1046 430 genero

66 438 167 516 civili,
183 447 214 500 et
228 456 307 520 quas
321 439 407 519 gigni
423 457 486 500 non
503 456 594 520 posse
608 435 808 501 manifestum
824 447 882 515 ost,
896 439 957 501 nisi
971 458 1046 502 uera

64 537 99 590 et
126 527 263 608 legitima
290 527 416 592 illarum
442 545 548 606 causa,
572 527 692 592 scilicet
709 527 851 610 nuptiale
866 527 1044 606 vinculum,

65 617 190 680 existat.
209 651 249 665 -
272 619 344 680 Haec
364 617 494 697 quidem
523 615 631 679 omnia
660 615 759 696 probe
776 618 902 697 cognita
929 616 1045 680 babere

38 763 41 768 .
65 706 206 770 maxima
227 723 415 788 sponsorum
440 705 545 780 refert,
573 704 803 786 quibusetiam
820 705 951 786 probata
978 724 1045 768 esse

63 794 184 857 debent
198 804 229 856 et
243 802 350 857 trotata
370 795 496 872 animis,
517 801 551 857 ut
565 793 625 856 sibi
641 793 734 855 liceat
748 793 809 857 bac
822 794 900 857 inre
924 813 1044 858 morem

65 883 329 963 legibusgcrere;
346 883 413 964 ipsa
437 901 501 946 non
526 882 686 945 abnuente
713 881 864 956 Ecclesia,
880 901 951 963 quae
978 885 1045 948 uult

64 981 165 1054 atque
178 981 267 1054 optat
281 973 361 1036 utin
381 990 492 1036 omnus
518 981 623 1052 partes
635 971 721 1034 salva
736 972 799 1034 sint
827 974 1045 1036 matrimonio-

64 1079 140 1125 rum
155 1061 278 1140 effecta,
296 1070 326 1123 et
341 1062 473 1142 nequid
488 1061 598 1124 liberis
612 1059 791 1122 detrimenti
807 1061 962 1124 afferatur.

105 1153 140 1213 ln
157 1159 244 1214 tanta
259 1160 366 1214 autem
384 1149 569 1214 confusione
579 1149 822 1224 sententiarum,
834 1162 1044 1232 quaescrpunt

62 1239 209 1323 quotidie
238 1240 370 1316 longius,
402 1238 431 1301 id
454 1257 581 1320 quoque
604 1247 650 1301 est
664 1240 793 1318 cognitu
818 1242 1041 1316 necessarium,

62 1329 188 1392 soluere
202 1327 367 1392 vinculum
395 1327 533 1410 conjugii
550 1329 631 1390 inter
647 1327 836 1390 christianos
851 1330 908 1390 rati
925 1339 954 1392 at
970 1349 1042 1394 con·

62 1419 215 1482 summati
231 1417 352 1480 nullius
378 1417 410 1480 in
435 1425 587 1500 potestate
612 1433 698 1491 asso;
730 1416 866 1497 ideoque
887 1421 1042 1483 manifesti

61 1506 209 1569 criminis
231 1523 299 1569 reos
321 1523 398 1586 esse,
427 1506 525 1588 siqui
550 1506 628 1568 lorte
649 1506 809 1586 coniuges,
834 1523 1043 1591 quecumque

59 1593 193 1657 dentum
222 1613 317 1657 causa
346 1613 412 1656 essu
436 1594 570 1666 dicutur,
599 1611 682 1656 novo
697 1610 729 1654 se
746 1595 939 1658 matrimonii
957 1617 1041 1662 nexu

60 1691 138 1746 ante
167 1684 330 1764 implicare
353 1681 452 1745 velint
478 1701 573 1764 quam
601 1681 749 1762 abrumpi
778 1683 916 1762 primum
940 1695 1042 1750 morte

60 1773 243 1854 contigerit.
269 1806 309 1819 -
333 1771 421 1846 Quod
445 1772 470 1832 si
485 1789 535 1834 res
551 1770 589 1833 eb
615 1769 812 1842 devenerint,
832 1779 866 1832 ut
879 1775 1041 1838 conuictus

59 1861 138 1922 terri
154 1861 274 1924 diutius
289 1879 352 1925 non
369 1877 461 1940 posse
477 1860 632 1932 rideatur,
649 1864 715 1918 turn
731 1855 803 1920 verb
815 1857 952 1924 Ecclesia
967 1864 1042 1925 sinit

59 1949 200 2012 alterum
210 1951 251 2012 ab
262 1949 358 2012 altera
373 1965 514 2012 seorsum
525 1965 627 2026 agere,
641 1944 991 2028 adhibendisquecuris
1004 1970 1040 2014 ac

60 2037 257 2101 remediisad
268 2039 443 2118 conjugum
454 2035 930 2112 conditionamacccmmodutis,
942 2037 1039 2103 lenire

60 2125 169 2189 studet
183 2126 367 2189 secessionis
395 2124 613 2200 incommoda3
628 2141 688 2184 nec
704 2139 846 2204 unquam
858 2129 1036 2206 committit,

60 2223 97 2278 ut
116 2213 157 2277 de
171 2213 403 2278 reconcilianda
429 2211 597 2278 concordia
612 2221 668 2276 aut
683 2228 746 2275 non
765 2211 886 2278 laboret
900 2227 954 2281 aut
968 2219 1038 2284 des·

60 2311 161 2384 peret.
179 2337 218 2350 -
230 2303 346 2366 Verum
362 2305 430 2366 brec
443 2309 581 2366 extrema
591 2309 666 2364 sunt
676 2318 684 2376 ;
694 2319 758 2382 quo
775 2300 866 2364 laoile
879 2317 959 2369 esset
974 2325 1039 2371 non

60 2393 266 2469 descendere,
282 2393 309 2456 si
325 2391 434 2474 sponsi
451 2410 515 2454 non
539 2391 713 2470 cupiditate
728 2389 800 2462 acti,
816 2391 870 2454 sed
886 2412 1039 2473 praesum-

60 2483 125 2564 ptis
140 2483 330 2562 cogitatione
345 2492 414 2543 tum
429 2478 542 2543 ofliciis
553 2478 740 2558 conjugum,
761 2485 828 2538 tum
843 2482 947 2543 causis
961 2501 1038 2546 con-

56 2573 220 2650 jugiorum
250 2569 473 2645 nobilissimis,
500 2585 623 2648 eaquae
649 2583 779 2646 aequum
802 2574 968 2633 astmcnte
998 2575 1037 2634 ad

60 2660 301 2722 matrimonium
318 2660 518 2736 accederent;
542 2673 645 2737 neque
660 2655 788 2734 nuptias
803 2663 1038 2722 anteverterent

60 2749 304 2814 continuatione
326 2748 462 2830 quadam
491 2749 571 2811 serie
585 2744 786 2825 flagitiorum,
813 2745 895 2809 irato
910 2747 984 2810 Deo.
1000 2749 1037 2811 Et

60 2847 99 2901 ut
113 2838 221 2901 omnia
233 2839 340 2919 paucis
355 2837 612 2920 complectamur,
630 2833 925 2898 tunc-matrimonia
940 2838 1035 2917 placi·

60 2928 137 2990 darn
151 2931 353 3007 quietamque
363 2927 572 2990 constantiam
582 2923 731 2988 habitura
743 2931 829 2996 sunt,
848 2923 875 2986 si
887 2927 1035 3009 conjuges

60 3015 212 3097 spiritum
239 3018 399 3096 vitamque
426 3017 576 3078 hauriant
603 3013 754 3076 auirtute
775 3010 949 3092 religionis,
967 3037 1036 3098 quaa

62 3105 137 3167 lorti
152 3103 334 3186 invictoque
349 3106 458 3167 animo
471 3123 538 3168 esso
553 3103 682 3176 tribuit3
698 3117 768 3181 quae
783 3099 879 3164 estlcil
894 3114 927 3168 ut
949 3108 1035 3185 vitia,

60 3195 87 3256 si
103 3195 241 3274 quasint
253 3195 285 3256 in
298 3194 452 3274 personis,
470 3204 504 3256 ut
516 3209 662 3257 curarum
677 3196 1034 3273 maternarumpondus‚

62 3289 98 3346 ut
113 3282 321 3346 comitesvitae
337 3281 472 3358 labores,
487 3289 523 3346 ut
537 3300 628 3346 casus
636 3276 759 3344 aduersi
772 3296 834 3341 non
858 3284 961 3345 solum
972 3304 1036 3348 mo-

61 3373 180 3444 derata,
197 3370 249 3434 sed
261 3373 355 3436 ctiam
371 3373 507 3436 libenter
522 3373 729 3455 perlbrantur.

104 3461 186 3523 illud
201 3463 295 3523 etium
313 3463 488 3526 cavendum
505 3473 561 3540 est,
588 3479 627 3523 ne
642 3458 760 3521 scilicet
776 3461 921 3540 conjugia
938 3477 1034 3542 appo·
