2420 3968
194 247 251 312 544
432 255 570 311 annuus
590 253 691 302 nonus
710 247 793 298 runis
812 244 956 295 61664664.

195 387 209 422 a
235 361 454 426 simililercum
468 355 598 428 Octart;
615 355 645 413 at
658 349 709 411 uhi
732 346 839 409 colitur
860 345 984 405 Festum
1007 339 1149 423 peculiaris

196 475 210 510 o
234 447 372 525 Patroni,
389 445 464 508 nihil
484 445 523 506 de
538 445 667 504 Patrono
681 435 826 508 Civitatis,
842 432 888 494 vel
906 432 1019 494 6146641
1037 449 1148 494 consue·

197 564 211 598 l>
234 539 339 602 tudine
349 535 408 600 suh
425 532 538 616 duplici
557 529 662 611 majori
681 527 799 589 tantiam
822 517 889 585 sine
911 518 1148 601 0616666166

188 626 339 706 Ι66641611,
355 629 390 688 n⁰
405 627 494 688 1186.

237 721 327 779 4951.
346 717 393 776 An
409 721 510 778 autern
529 735 543 772 6
557 707 718 774 diecesani
732 707 891 768 teneantur
902 718 1010 764 vacare
1023 697 1146 779 6146666-

198 829 213 868 6
238 806 295 868 bus
309 804 366 868 suh
391 809 542 886 praecepto
560 799 609 862 die
629 795 806 877 Principalis
825 791 969 854 Patroni:
994 805 1150 870 responsum

201 921 214 954 a
239 895 324 958 16446
339 895 370 956 S.
386 896 423 956 a.
444 893 556 973 Congr.
578 889 766 951 dioecesanos
784 901 845 944 non
866 879 963 942 teneri
982 877 1021 940 ab
1034 875 1150 960 operibus

201 1009 215 1045 a
239 983 401 1046 6666464146
416 979 618 1044 Solemnitetis
632 974 754 1038 Patroni
768 969 914 1048 Civitatis,
930 975 999 1031 tum
1010 966 1150 1050 praesertim

203 1098 217 1133 n
242 1055 1149 1153 sipeculiaremPatronnmhabeanl.nilideGardell„nillil.

203 1198 242 1210 -
255 1165 293 1223 Et
305 1161 343 1222 ad
358 1159 438 1222 hanc
451 1156 691 1220 observationem
707 1169 769 1214 non
783 1149 991 1228 astringuntur
1004 1142 1150 1210 dunaal,

204 1250 319 1314 etiamsi
333 1249 450 1311 adesset
459 1243 708 1309 immemorabilis
721 1236 908 1303 consuetudo
924 1236 974 1297 illa
987 1234 1060 1298 leste
1076 1233 1153 1296 obser·

204 1339 312 1413 randi,
329 1345 362 1399 nt
375 1341 493 1400 constat
506 1335 563 1396 alit
578 1331 675 1395 116646.
692 1331 723 1394 S.
738 1329 775 1392 lt.
792 1329 892 1407 6.,18
912 1341 983 1388 nor.
1000 1322 1085 1387 1866.
1097 1319 1154 1382 lide

205 1427 347 1492 Analecta
361 1427 402 1505 (4θ
415 1425 494 1503 lien,
510 1423 567 1485 col.
585 1423 670 1501 868).

244 1519 334 1580 4958.
358 1512 485 1588 Quando
495 1511 578 1574 adest
592 1513 740 1573 Patronus
753 1505 866 1589 Regni,
877 1510 907 1568 et
921 1503 1014 1567 simul
1027 1521 1081 1587 pro
1092 1499 1156 1563 omni

206 1605 333 1670 Dioecesi
348 1605 460 1667 electus
473 1602 529 1664 1644
543 1604 690 1663 Patronus
704 1603 721 1662 h
739 1596 851 1680 populo
866 1601 897 1657 et
910 1594 1019 1672 Clero,
1034 1591 1158 1676 Episcopo

207 1695 424 1771 consentiente,
440 1691 509 1773 eligi
525 1696 679 1772 nequeunt
692 1689 724 1750 in
738 1685 863 1767 singulis
877 1684 950 1746 loeis
965 1681 1103 1747 Dioecesis
1117 1681 1159 1742 nisi

208 1785 327 1848 Patroni
342 1780 512 1847 secundarii
527 1801 534 1841 ε
551 1779 580 1841 46
595 1776 784 1841 concluditur
798 1793 836 1836 ex
855 1773 954 1836 rerhis
967 1791 1059 1855 supra
1080 1771 1161 1833 relatis

210 1876 310 1937 Const.
329 1871 473 1936 Universa
485 1867 599 1936 Urbani
613 1867 678 1928 Vlll
701 1867 811 1946 (4956).
827 1862 903 1925 Vide
924 1863 1067 1925 Analecta
1083 1859 1161 1939 (4161,

209 1965 266 2027 661.
284 1965 364 2041 815).

249 2065 340 2122 4959.
356 2061 400 2120 dx
415 2057 500 2119 dictis
514 2057 618 2118 clerus
632 2054 719 2118 alicui
734 2051 868 2116 ecolesiae
879 2049 1047 2133 adscriptus
1059 2050 1163 2112 recitare

210 2149 300 2211 dehet
313 2147 446 2209 odicium
460 2145 600 2208 Titularis
614 2143 749 2225 ejusdcm
763 2162 770 2202 :
787 2159 841 2224 per
851 2141 971 2202 Clerum
981 2146 1083 2202 autem
1093 2136 1164 2200 ercle

211 2239 263 2300 siae
283 2235 467 2317 adscriptum
490 2235 617 2315 intelligi
639 2233 751 2296 dehent
773 2229 940 2313 parochus,
963 2227 1165 2311 viceparcrhns

212 2333 242 2388 et
267 2323 365 2386 vicarii
390 2371 398 2402 ‚
425 2341 487 2386 non
520 2323 591 2385 vcro
619 2323 717 2385 ceteri
750 2321 919 2384 sacerdotes
942 2319 1005 2382 sire
1031 2318 1166 2382 saeculares

214 2415 274 2478 siro
288 2413 441 2495 regulares
455 2413 545 2475 etiarn
561 2413 591 2474 in
607 2411 749 2493 parochia
770 2415 1010 2486 commorantes,
1035 2416 1066 2470 64
1078 2423 1168 2470 munus

216 2502 386 2567 confessarii
400 2503 445 2565 rel
460 2501 539 2564 aliud
555 2501 755 2562 ministerium
778 2515 899 2562 sacrum
921 2499 953 2560 in
971 2497 1052 2560 dicta
1065 2495 1169 2560 6661661

214 2601 387 2657 exercenlos
404 2611 412 2652 ε
437 2591 476 2653 446
495 2592 526 2653 S.
552 2592 588 2650 11.
601 2590 712 2670 Congr.
728 2610 735 2650 :
751 2588 888 2652 consulta
908 2587 990 2650 enim
1006 2589 1023 2649 6
1037 2587 1170 2650 redactam

215 2681 388 2746 llalcndarii
401 2678 543 2742 Dioecesis
556 2677 801 2754 llleohliniensis,
825 2694 906 2740 anno
921 2679 1016 2754 1844,
1031 2694 1072 2738 66
1086 2676 1170 2754 hujus·

216 2773 298 2834 modi
314 2770 482 2834 sacerdotes
491 2775 613 2850 possent
622 2767 755 2830 odicium
764 2765 903 2829 'lituleris
916 2765 1056 2844 recitare,
1071 2783 1172 2847 respon

217 2860 261 2922 dit
276 2881 283 2921 :
305 2882 320 2920 a
338 2863 354 2924 J
358 2868 428 2923 uxta
451 2858 523 2920 alies
536 2857 654 2919 decreta
669 2875 676 2916 :
693 2854 841 2936 Nepative
854 2873 867 2917 :
881 2872 943 2916 non
964 2856 1048 2918 enim
1063 2855 1170 2918 censeri.

224 2977 236 3014 u
258 2949 310 3010 sed
325 2967 427 3010 revera
441 2967 506 3010 esse
519 2947 630 3009 debent
644 2945 784 3026 adscripti
808 2943 910 3007 stricto
924 2945 1046 3008 seruitio
1060 2944 1171 3009 ecclesie

218 3059 233 3097 r
258 3043 291 3098 64
303 3037 452 3117 parochus
466 3044 496 3097 64
507 3034 748 3116 6466-66666114.»
766 3033 924 3112 16661611,
937 3035 972 3095 n⁰
989 3039 1083 3113 4889,
1098 3034 1130 3096 nd
1144 3039 1171 3093 1.·

218 3125 347 3187 Nomine
372 3129 471 3185 autem
493 3124 614 3205 parochi
639 3123 826 3204 intelligendi
846 3128 917 3185 sunl
940 3123 1032 3184 eliam
1061 3131 1173 3207 pestana

219 3212 394 3275 amorihilcs
413 3218 443 3273 et
463 3213 676 3275 verisimillime
690 3213 780 3274 eliam
800 3211 988 3292 coadjutores
1003 3213 1123 3294 parochi
1139 3213 1173 3272 in·

219 3299 298 3360 firmi
322 3307 373 3361 664
399 3302 490 3363 senis.
515 3301 591 3362 Vide
611 3301 752 3362 Analecta
769 3303 810 3378 (4·
829 3300 907 3380 lien,
927 3301 986 3364 ccl.
1008 3303 1173 3382 8¹18);jmlr

219 3394 319 3484 tamen
335 3387 522 3468 6666641661.
541 3392 610 3463 819,
626 3393 707 3470 elo),
719 3396 841 3470 possent
853 3397 985 3452 rectores
998 3393 1173 3455 ecclesiarum

219 3473 421 3550 sulpectnrum
436 3479 561 3536 recitare
578 3477 712 3539 cilicium
726 3479 865 3541 Γ14161666
887 3479 1021 3543 eoelesiae
1045 3479 1172 3544 matrico.

219 3561 271 3658 sed
295 3581 353 3623 non
385 3567 441 3625 suh
464 3563 571 3624 eodem
600 3566 659 3627 ritu
683 3585 718 3628 ae
743 3569 846 3630 Clerus
868 3569 939 3632 huic
960 3571 1096 3636 ecelesia
1121 3567 1172 3630 alr

220 3655 343 3727 ruptus.
