2452 3946
416 197 499 240 tlltttlt
520 198 676 242 SECUNDUS.

440 441 588 510 CAPUT
613 441 659 510 V.

376 580 425 634 nn
458 583 726 634 emortuum.

110 733 191 794 0770.
216 732 449 794 contanciam
463 734 685 796 Sacramentum
699 731 717 793 ἁ
730 731 851 796 Christo
869 734 1038 797 institutam

78 837 122 884 ner
132 821 251 898 somnum
263 820 400 902 junruit,
423 820 464 882 ari
478 832 596 903 peccatu
608 830 674 903 poet
690 821 874 904 Baptismum
891 825 1039 884 commisso

80 907 243 979 rooitteuda,
262 906 376 971 loroioc'
386 911 512 972 contrito
525 919 554 972 et
567 911 702 991 confesso,
717 911 983 992 perobsolutr'ooem
996 931 1039 974 aa·

78 995 235 1060 cerdctulem
252 1001 320 1061 :lla
334 1001 368 1062 Ρ.
384 1001 466 1081 Gury
481 1005 566 1076 (tom.
581 1003 618 1076 2,
635 1017 669 1060 n·
684 1001 770 1076 ast).

109 1086 154 1146 llis
167 1088 333 1168 praesertim
343 1087 440 1150 uerbis
455 1089 624 1150 institutum
635 1088 716 1150 lulla
727 1087 864 1152 Christo:
879 1089 1038 1171 «Accipite

77 1193 88 1228 r
108 1175 243 1256 Spiritum
263 1179 409 1238 Sanctum
426 1195 434 1237 ε
450 1195 581 1257 quorum
600 1177 772 1240 remiseritis
795 1185 916 1259 peccata
935 1180 1037 1241 remit-

77 1281 87 1316 r
107 1269 203 1328 tuotur
236 1266 303 1343 eis,
337 1273 367 1328 et
397 1283 530 1346 quorum
563 1267 746 1330 retinueritis
773 1272 888 1330 retenta
922 1275 994 1331 aunt
1018 1290 1034 1330 a

77 1351 111 1426 (S.
124 1353 219 1430 loun,
235 1373 263 1418 c.
280 1359 342 1432 20,
357 1373 386 1416 v.
402 1359 464 1433 23).

106 1443 186 1503 llll.
211 1445 315 1506 Partes
338 1443 512 1506 essentiales
540 1444 725 1506 sacramenti
750 1447 937 1510 Poeoilentiaa
966 1453 1038 1511 sunt

78 1526 223 1606 Contritt'm
241 1532 409 1613 Cmtsessio,
427 1531 604 1616 Sott'sfuctio
615 1542 763 1614 quatenus
777 1537 794 1595 a
809 1536 973 1598 Pumileole
987 1556 1037 1600 ac·

76 1620 204 1698 captanda
226 1628 294 1700 est,
319 1627 350 1683 et
367 1619 529 1684 Absolutc'o.
550 1623 608 1684 l‘er
627 1621 750 1682 triadum
772 1623 877 1700 judicii
901 1625 1036 1687 reconci-

78 1704 151 1768 liatiri
165 1707 335 1774 institutum
350 1708 406 1772 tuit
421 1729 429 1771 ι
445 1708 572 1792 proinde
581 1710 619 1771 ad
633 1711 705 1771 illud
716 1713 883 1774 necessaria
897 1722 942 1774 est
959 1716 1037 1774 Coo·

78 1791 150 1858 lessio
170 1796 311 1861 dolorosa
332 1816 402 1861 cum
425 1798 621 1880 dispositione
645 1797 794 1860 subeundi
817 1818 939 1880 poenam
963 1802 1039 1862 inlli-

77 1885 199 1963 gandam,
213 1897 244 1949 et
257 1890 384 1970 insuper
398 1887 524 1950 lllioistri
539 1887 697 1949 absolutio.

106 1977 187 2036 3772.
204 1976 375 2039 satisfactio
396 1986 517 2053 autem,
537 1985 688 2057 quatenus
704 1977 889 2057 imponentia
911 1985 962 2042 aut
984 1979 1039 2042 im-

79 2061 188 2140 plenda,
203 2081 249 2128 est
266 2067 364 2127 soluto
379 2083 449 2148 pars
470 2065 624 2146 integralis
638 2065 727 2144 hujus
742 2068 944 2148 sacramenti,
966 2071 1038 2150 quia

80 2155 265 2218 reconciliatio
288 2155 452 2236 peccatoris
472 2151 636 2235 aliquando
654 2157 830 2236 contingere
853 2165 949 2234 potest
972 2160 1038 2222 sine

80 2241 323 2306 attractionem.
339 2263 392 2324 3.,
416 2242 448 2305 in
462 2243 588 2306 articulo
602 2243 718 2306 inertis.
734 2247 779 2324 (P.
799 2247 892 2328 Gury,
908 2247 1033 2318 ibidem,

81 2339 104 2386 n⁰
116 2337 192 2414 aar.)

108 2421 189 2486 3Π3.
201 2423 334 2487 Materia
348 2430 469 2496 remota,
486 2439 539 2486 seu
553 2423 840 2506 potiusremoreoda
853 2420 1037 2490 Sacrameoti

79 2504 262 2589 imitantia,
276 2520 347 2576 sunt
361 2514 465 2575 omnia
479 2519 599 2594 peccata
614 2521 680 2595 post
692 2513 842 2595 Baptisma
855 2519 1035 2596 commissa,

80 2613 133 2674 quaa
144 2601 285 2666 dicuntur
301 2603 425 2664 materia
433 2601 513 2662 circu
522 2621 620 2682 qaum,
630 2603 701 2683 quia
711 2603 791 2664 circa
803 2603 851 2662 illa
858 2602 1038 2666 destruenda

81 2699 214 2756 versantur
228 2701 314 2754 actus
330 2689 500 2774 ptoeoitentis
509 2699 537 2752 et
548 2689 712 2752 sacerdotis
721 2689 869 2750 absolutio
882 2691 925 2764 (P.
936 2694 1037 2772 (lucy,

80 2773 123 2850 t'b„
145 2791 175 2842 n⁰
193 2785 276 2859 300).
301 2781 425 2842 Materia
447 2788 557 2840 remota
578 2779 637 2841 alia
660 2783 706 2839 est
727 2773 905 2850 accessorio,
930 2796 1040 2858 nempe

79 2869 166 2931 omnia
179 2879 301 2953 paccata
314 2867 454 2932 mortalia
476 2875 544 2951 post
565 2867 750 2949 baptismum
763 2865 944 2942 commissa,
967 2884 1041 2927 noo-

81 2951 141 3018 dum
153 2959 178 3022 ri
191 2961 320 3024 clavium
341 2958 454 3021 directa
474 2957 616 3030 rescissa,
640 2955 711 3037 quia
728 2955 899 3036 hujusmodl
920 2963 1040 3038 peccata

81 3053 139 3108 sunt
153 3067 187 3112 ex
202 3055 354 3133 praeopto
374 3046 476 3109 divino
495 3045 684 3120 accusanda3
705 3045 824 3108 aliaest
847 3048 989 3126 sufficiens
1011 3052 1040 3108 et

85 3131 178 3212 litera,
190 3137 327 3201 videlicet
347 3141 468 3218 peccata
488 3137 579 3198 etiam
597 3133 742 3210 venialia,
758 3134 828 3216 quia
849 3137 902 3198 etsi
926 3137 1041 3218 possint

82 3225 175 3289 teoritti
193 3247 246 3310 per
269 3229 498 3289 Sacramentum
523 3223 728 3302 Paenitentia,
750 3224 816 3286 aliis
840 3243 962 3307 quoquc
986 3228 1040 3289 viis

83 3327 191 3389 possum
205 3317 349 3392 relaxari3
365 3317 428 3377 imo
444 3315 507 3394 ipsa
522 3323 642 3394 peecata
656 3314 858 3376 siveomrtalia
868 3315 928 3376 sive
938 3318 1039 3378 nenia·

84 3396 200 3484 limiam
215 3426 269 3489 per
282 3405 502 3467 absolutionem
528 3403 667 3475 remissa,
691 3404 800 3464 iterum
819 3412 910 3484 atque
932 3406 1041 3468 iterum

85 3489 200 3558 suluoltti
218 3502 342 3577 possunt
357 3491 497 3555 Ecclesia
510 3491 654 3567 clavibus,
669 3499 699 3553 et
712 3492 908 3555 sutlicieotem
924 3494 1041 3556 submi·

86 3576 192 3644 sistram
211 3583 367 3648 materiam
390 3581 576 3645 Poenitentiae
605 3579 810 3643 Sacramenta.
842 3583 909 3643 Non
938 3591 1042 3642 autam

874 3687 923 3745 *Η
