2474 3946
419 262 504 308 uuna
525 259 683 311 arcuunus.
988 248 1046 310 329

61 353 252 435 praelaudata
265 355 377 420 decisio
398 360 567 422 necessario
589 367 633 422 est
656 359 849 441 intelligenda
864 359 902 423 de
921 378 994 423 casu
1015 362 1046 422 in

60 461 126 525 qno
152 446 314 508 Decretum
338 447 460 510 Concilii
480 448 648 510 Tridentini
673 449 856 529 publicatum
877 449 933 513 luit
954 449 1046 512 etiam

60 551 119 613 pro
136 531 305 606 haereticis,
320 535 402 616 quod
417 555 477 598 non
491 537 639 620 contingit
652 538 831 614 (necessario
845 539 961 616 saltem)
973 555 1047 620 quo-

62 621 120 684 ties
134 622 310 686 societatem
324 634 490 706 separatam
513 626 626 689 iaciunt
640 626 671 688 in
696 625 761 688 loco
785 627 1043 710 promulgationis.

100 715 198 774 1318.
215 713 414 786 Quandonam
428 721 530 777 autem
544 733 598 796 per
608 715 844 797 publicationem
861 717 1047 779 Decretilri·

61 799 183 864 dentini
197 848 205 875 ,
220 801 351 864 hererici
373 803 516 866 censendi
539 805 600 866 sint
619 803 769 882 devincti,
785 821 903 878 necne,
919 805 1045 887 impedi-

63 899 172 952 mento
185 890 451 954 clandestinitatisl
467 927 499 938 -
514 891 591 956 Dlud
610 891 722 974 pendet
734 909 770 954 ex
793 892 1044 955 circumstantiis:

63 980 86 1041 si
109 981 199 1041 enim
213 979 343 1043 baeretici
365 982 538 1045 societatem
556 989 723 1062 separatam
743 980 892 1044 iaciebant
912 988 1047 1064 tempore

63 1065 332 1150 promulgationis,
344 1071 485 1152 praesumi
499 1089 560 1133 non
570 1069 660 1132 debet
674 1079 807 1133 menam
820 1069 911 1132 luisse
925 1071 1049 1132 Ordina-

63 1159 187 1221 riorum
202 1158 268 1220 illos
283 1157 405 1240 praelato
420 1159 545 1222 Decreto
558 1159 723 1242 attingere,
739 1159 810 1240 quia
823 1159 972 1222 Ordinarii
988 1177 1049 1223 me-

64 1249 125 1310 ritd
140 1255 215 1308 sunt
229 1247 430 1329 praesumendi
446 1248 575 1310 voluisse
589 1267 621 1312 se
634 1247 825 1311 conformare
835 1251 928 1310 menti
943 1249 1049 1310 Eccle-

64 1337 132 1416 siae,
144 1355 216 1419 quae
225 1355 311 1399 suam
322 1337 521 1400 intentionem
533 1337 598 1400 illos
613 1356 675 1400 non
690 1336 965 1419 comprehendendi
979 1338 1049 1400 satis

65 1425 290 1502 manifestarit3
306 1425 331 1487 si
344 1427 416 1488 verb
430 1428 602 1488 societatem
616 1434 785 1510 separatam
801 1445 863 1489 non
879 1426 1047 1504 iaciebant,

65 1516 120 1578 sed
131 1515 305 1596 permixtim
319 1513 533 1578 vivebanlcom
544 1515 710 1592 catholicis,
724 1517 822 1579 nullos
833 1513 975 1578 habentes
984 1535 1051 1597 pro-

67 1607 153 1686 prios
164 1611 309 1686 pastores,
319 1606 479 1666 Decretum
489 1617 571 1681 tunc,
583 1604 608 1666 si
618 1605 648 1666 in
659 1604 799 1686 parochia
807 1623 900 1686 quam
912 1605 1050 1691 incolunt

67 1691 247 1773 hujusmodi
261 1691 390 1755 baeretici
399 1693 581 1774 publicetur,
591 1700 730 1755 censetur
738 1695 829 1756 etiam
837 1694 875 1755 ad
883 1693 950 1756 illbs
963 1696 1051 1776 perti·

68 1799 166 1857 uere,
182 1783 255 1842 cium
264 1781 302 1842 ab
316 1781 382 1843 aliis
396 1800 457 1843 non
472 1781 706 1864 distinguantur.
722 1782 782 1844 Sed
796 1785 868 1864 quia
882 1783 920 1844 de
933 1781 979 1844 his
992 1782 1050 1846 du-

69 1870 177 1933 bitatio
197 1872 331 1952 persepe
353 1870 423 1932 oriri
448 1879 570 1952 posset,
585 1869 710 1952 quaestio
733 1873 750 1932 a
773 1873 894 1953 privatis
922 1890 983 1934 nou
1007 1882 1051 1935 est

69 1959 289 2034 solreuda‚sed
303 1959 340 2021 ad
351 1959 460 2022 Sedem
477 1960 677 2041 apostolicam
687 1974 731 2022 eat
745 1959 1050 2045 recurrendum2quae

71 2049 188 2132 pluries
211 2049 366 2132 respondit
387 2048 622 2112 declarationem
652 2049 804 2112 Benedicti
834 2051 912 2127 XIV,
935 2052 1063 2134 absque'

72 2157 153 2202 novo
164 2137 291 2219 judicio,
308 2145 370 2202 non
384 2157 449 2200 esse
463 2139 673 2220 applicandam
688 2139 863 2222 regionibus
876 2140 915 2204 ab
929 2143 1048 2205 Hellan-

71 2228 124 2292 dia
137 2229 296 2290 distinctis.
312 2228 441 2290 -Vide
455 2230 609 2309 hequeux,
626 2238 659 2290 u⁰
674 2233 745 2293 850.
1071 2229 1076 2236 ’

113 2318 544 2399 aare.1nuallia‚tanquanr
563 2325 679 2380 certum
701 2320 740 2382 ab
760 2321 902 2386 omuibus
924 2322 1050 2385 habetur

75 2409 301 2492 promulgatum
316 2406 407 2470 luisie
421 2408 580 2469 Decretum
594 2407 718 2471 Concilii
739 2410 819 2474 circa
832 2412 1049 2475 clandestinita-

77 2507 138 2562 lem
155 2520 162 2559 :
187 2496 261 2559 illud
275 2503 389 2558 consta.
401 2514 438 2559 ex
453 2497 555 2558 multis
569 2498 710 2560 Conciliis
724 2499 957 2562 Provinciatibus
971 2502 1050 2581 apud

78 2607 134 2651 nos
151 2585 275 2658 habitis,
290 2584 329 2648 ah
349 2585 491 2647 omnihus
505 2585 550 2647 vel
566 2585 627 2649 lere
640 2587 784 2649 omnibus
799 2587 969 2648 ltiluoliloa
979 2607 1052 2649 nos-

77 2678 149 2752 tris,
165 2683 195 2738 et
218 2693 368 2738 consensu
382 2673 616 2757 Theologorum.
629 2675 739 2737 -Vide
749 2676 895 2749 (lanciare,
912 2674 1051 2756 Colopen-

76 2767 169 2844 dium,
183 2773 215 2826 [1ο
226 2767 295 2838 tal,
304 2771 335 2826 el
345 2763 387 2825 De
399 2763 602 2832 Matrimonia,
614 2771 702 2825 tract.
711 2763 798 2845 moj.‚
819 2762 860 2823 η’·
873 2765 1051 2828 taor-1205.

116 2860 208 2920 1350.
226 2857 274 2916 hu
284 2855 355 2916 vcrd
364 2853 455 2916 eliam
470 2852 644 2915 heterodoxi
655 2855 780 2915 Decreta
793 2853 918 2916 Concilii
931 2854 1054 2916 Triden-

77 2947 131 3010 tini
145 2943 227 3028 apud
243 2961 299 3007 nos
311 2941 523 3005 detineantur?
533 2975 572 2986 -
581 2943 623 3003 De
636 2941 695 3004 hoc
712 2941 912 3024 interrogalus
926 2945 944 3005 a
956 2945 1054 3007 Cardi-

80 3037 138 3100 uali
154 3037 293 3118 Capram,
311 3033 382 3096 Pius
398 3033 449 3094 Vll
463 3031 662 3113 quaestionem
678 3031 774 3094 noluit
792 3031 933 3096 dirimere
949 3054 956 3096 :
973 3036 1054 3099 unde

79 3126 147 3188 duae
161 3131 273 3187 exorte
284 3129 355 3186 sunt
367 3121 527 3204 opiniones
541 3119 596 3181 sibi
613 3120 915 3200 invicemcontrariae‚
924 3143 1054 3206 quarum

79 3217 212 3278 rationes
231 3219 425 3294 exponuntur
438 3210 520 3292 apud
533 3209 677 3272 Garriere.
692 3211 819 3274 -Vide
834 3211 1052 3295 Compendrum,

81 3313 114 3367 n·
130 3309 200 3368 195.

118 3397 154 3458 ln
168 3393 276 3477 praxi,
291 3391 461 3456 curandum
476 3395 540 3468 est,
556 3390 679 3473 quando
698 3390 779 3475 apud
802 3409 859 3453 nos
881 3391 1054 3456 heterodoxi

82 3490 315 3558 conuertuntur,
335 3490 367 3544 ut
391 3487 732 3544 renoventconsensum
746 3497 849 3542 coram
872 3481 1004 3562 parocho
1026 3490 1056 3539 et

81 3575 295 3652 testibus‚·tum
309 3571 471 3634 attollatur
481 3589 572 3633 omne
581 3569 726 3649 dubium,
735 3577 801 3631 tum
813 3578 846 3631 ut
860 3587 921 3630 non
934 3574 1056 3628 careant

83 3663 177 3741 gratia
190 3659 409 3725 benedictionis
430 3658 676 3734 matrimonialis;
692 3659 715 3719 si
731 3663 833 3718 autem
848 3656 909 3716 boo
927 3651 1054 3712 obtineri
