2416 3954
203 197 261 259 5⁹24
422 217 557 260 nauium
578 216 678 260 rorrus
697 217 778 261 aunis
799 215 946 262 canonici.

203 321 233 374 et
246 315 277 376 3·
292 313 385 375 Feriae
399 311 550 373 Paschatis
564 319 595 373 et
604 315 809 380 Pentecosten.
826 315 930 375 omnia
943 315 1031 376 Festa
1046 317 1154 394 Aposto-

206 403 305 466 lorum
320 401 461 482 (exceptis
476 402 528 461 SS.
545 401 622 462 Petri
639 407 668 462 et
681 401 765 462 Pauli
778 407 808 462 et
821 403 853 464 S.
869 402 1019 480 loannis),
1034 403 1154 463 Festaln

204 490 352 552 ventionis
366 489 397 551 S.
414 491 532 560 Crucis,
550 491 580 551 S.
601 492 712 566 Annae,
728 491 758 550 S.
775 489 944 568 Laurentii,
964 492 996 552 S.
1016 489 1154 572 Stephani,

205 581 257 642 SS.
274 578 694 657 Innocentium,S.Sylrestri.
710 577 777 640 Vid.
795 578 874 640 Ordo
887 579 1011 641 Roman.
1026 579 1155 640 -ltona

204 667 302 730 adhuc
338 667 533 728 observantur
567 667 653 728 Festa
677 669 709 728 S.
751 666 899 748 losephi,
934 667 966 730 S.
1000 665 1154 742 Michaelis,

204 757 236 816 S.
252 757 380 818 loannis
397 755 545 836 Apostoli,
561 757 592 816 S.
610 754 738 836 Philippi
752 755 849 830 Nerii,
865 762 922 818 etc.

244 847 333 906 4905.
356 845 391 906 ln
408 843 499 905 Gallia
515 851 582 924 post
595 843 814 906 Concordaturn
830 847 926 923 taor,
942 850 1096 926 expetente
1107 845 1156 905 llu-

205 933 327 1008 bernio,
352 933 416 995 dies
440 931 504 994 testi
529 931 567 994 de
587 939 737 1013 precepto
760 939 868 1014 praeter
888 931 952 996 dies
974 933 1157 997 Domanieosl

207 1021 355 1084 Cardinali
378 1023 488 1103 Legata
516 1020 631 1082 reducti
656 1020 740 1082 luere
762 1020 800 1083 ad
821 1030 985 1102 sequentes
1006 1041 1015 1084 ε
1040 1022 1158 1084 Narinas

207 1112 242 1172 D.
259 1113 296 1172 N.
311 1113 339 1173 J.
355 1112 406 1184 C.,
424 1110 578 1184 Ascensio,
599 1109 768 1190 Assuntptio
784 1111 817 1170 B.
832 1110 874 1172 M.
891 1113 948 1186 V.,
970 1111 1091 1173 Festum
1103 1110 1158 1170 Om-

208 1201 292 1261 nium
307 1201 486 1260 Sanctorum
502 1217 509 1257 :
527 1197 565 1258 ila
579 1195 766 1260 Indultumtl
786 1198 873 1279 april.
890 1201 988 1275 l802;
1010 1207 1055 1260 sat
1078 1205 1158 1260 tamen

207 1287 384 1365 generaliter
398 1287 571 1348 observatur
590 1287 680 1348 etiarn
694 1287 815 1349 Festum
837 1287 1083 1372 circumcisionis
1095 1283 1159 1367 quod

208 1383 239 1435 ut
252 1375 337 1436 oirile
354 1374 463 1436 testum
476 1375 588 1454 pariter
602 1373 738 1436 habetur.
755 1377 789 1434 ln
804 1375 939 1454 pluribus
953 1375 1028 1437 locis
1040 1376 1159 1437 obseru-

207 1469 255 1521 tnr
269 1481 389 1542 quoque
398 1464 519 1524 Festum
531 1463 561 1522 S.
575 1461 716 1542 Stephani
729 1470 758 1523 et
770 1463 856 1524 neria
870 1462 1160 1530 seeundaPaschatis:

207 1549 258 1610 sed
273 1550 337 1612 limo
352 1569 413 1612 non
428 1551 576 1612 habentur
593 1558 738 1630 tanquam
751 1549 790 1611 ale
805 1559 965 1632 praecepto.
1054 1605 1059 1611 .

237 1643 336 1702 atae.
360 1641 393 1700 ln
418 1637 540 1722 praelato
562 1637 683 1700 lnrlulto
707 1637 872 1701 Cardinalis
894 1641 997 1721 Legati
1024 1640 1164 1722 sequentia

208 1727 331 1808 insuper
345 1729 550 1790 decernuntur
567 1749 573 1788 :

252 1841 266 1874 a
289 1821 319 1878 l⁰
338 1817 439 1880 Voluit
460 1818 606 1878 Sanctitas
630 1819 690 1877 Sua
711 1822 745 1876 ut
759 1816 789 1876 in
813 1815 894 1878 lestis
916 1815 1044 1894 diebus,
1061 1817 1166 1896 vigiliis

207 1927 222 1962 n
247 1925 307 1987 qne
321 1907 570 1987 praecedentibus,
587 1904 659 1966 nilril
669 1903 707 1966 da
721 1911 865 1966 consueto
878 1904 1053 1966 divinorum
1069 1907 1166 1968 ollicio·

208 2015 221 2048 a
248 2013 335 2070 rnrn,
375 2013 588 2074 sacrarumque
624 1991 874 2055 ceremoniarum
910 1992 1017 2055 ordine
1051 2013 1088 2057 ac
1121 1995 1166 2054 rita

206 2101 221 2137 a
248 2083 423 2158 innovatum
456 2083 507 2144 soal
528 2083 632 2143 onmia
654 2099 688 2142 ea
716 2099 839 2162 prorsus
859 2082 976 2143 ratione
998 2091 1169 2164 peragantur

206 2189 220 2226 a
246 2185 313 2248 quae
327 2168 472 2232 hactenus
486 2177 724 2247 consueverunt,
740 2169 872 2249 exceptis
883 2175 987 2230 tamen
1001 2171 1100 2232 Fastis
1111 2171 1167 2250 Epi·

205 2279 220 2315 ι)
247 2255 363 2337 phaniae
376 2257 497 2319 Domini
510 2305 517 2334 ,
534 2259 587 2319 SS.
599 2258 739 2339 Corporis
752 2257 878 2328 curisti,
894 2259 948 2320 SS.
965 2261 1169 2339 Apostolorum

206 2369 220 2404 u
247 2344 323 2406 l'etri
343 2351 373 2408 et
395 2345 496 2424 Pauli,
524 2347 577 2408 SS.
593 2348 793 2409 Patronorurn
816 2346 976 2425 cujuslibet
998 2348 1169 2410 diaecesiset

164 2437 168 2444 “
206 2457 220 2492 a
246 2435 402 2515 paroeciae,
424 2453 492 2516 quae
507 2435 538 2496 in
552 2435 712 2497 Dominioa
726 2435 861 2516 proxime
878 2443 1061 2499 oecurrente
1075 2437 1106 2498 in
1118 2451 1171 2500 om·

206 2546 220 2581 a
248 2523 335 2585 nibus
349 2523 483 2586 ecclesiis
496 2522 738 2586 celebrabuntur.

245 2635 260 2670 u
286 2617 316 2673 2⁰
342 2613 385 2674 llrl
401 2613 546 2674 honorem
562 2614 615 2673 SS.
633 2611 843 2691 Apostolorum
852 2617 881 2673 at
894 2613 1077 2692 Martyrum,
1088 2615 1171 2676 Sanc·

206 2727 220 2760 a
246 2702 312 2764 titas
327 2705 387 2766 Sua
401 2701 536 2784 praecipit
550 2707 660 2763 uttam
677 2701 707 2760 in
720 2699 838 2780 publicat
851 2748 858 2778 ‚
873 2707 940 2763 turn
955 2701 987 2761 in
1002 2703 1117 2783 privata
1130 2702 1172 2762 lio

206 2815 220 2848 a
246 2810 346 2853 rarum
370 2793 583 2854 canonicarum
597 2788 787 2863 recitatione,
801 2790 856 2870 qui
875 2788 913 2850 ad
933 2789 1000 2850 illas
1018 2796 1169 2862 tenentur,

206 2901 220 2936 a
246 2881 276 2939 in
293 2881 486 2942 solemnitate
496 2881 548 2942 SS.
560 2877 638 2939 Petri
648 2882 679 2937 et
690 2877 785 2950 Pauli,
797 2877 937 2938 omnium
950 2875 1169 2959 Apostolorum,

206 2991 220 3024 a
246 2967 275 3026 in
300 2969 466 3028 Festivitate
485 2970 515 3029 S.
532 2965 694 3048 Stephani,
708 2965 845 3026 omnium
860 2965 1028 3046 Martyrum
1042 2984 1168 3029 comme-

207 3077 220 3111 a
246 3055 580 3116 morationemlaciant:
592 3052 1170 3134 quedideminmissisiisdemcelebran·

206 3166 220 3204 a
245 3142 290 3202 dis
303 3141 451 3221 agendum
466 3144 532 3204 erit.

245 3253 259 3287 n
286 3232 317 3290 3⁰
342 3230 454 3290 Pariter
477 3233 623 3294 Sanctitas
644 3233 704 3293 Sua
727 3229 850 3292 mandat
869 3235 905 3293 ut
928 3236 1171 3297 anniversarium

206 3341 220 3375 a
244 3317 446 3378 Dedicaticnis
462 3319 640 3399 templorum
655 3321 687 3380 in
701 3319 860 3381 Dominica
873 3337 944 3400 quae
957 3323 1101 3385 Octavam
1112 3341 1170 3384 ona·

205 3427 219 3460 a
245 3405 329 3464 nium
350 3406 403 3467 SS.
420 3407 557 3484 proxima
571 3408 774 3488 sequitur,.in
795 3409 912 3470 cunctis
925 3409 1072 3474 Ecclesiis
1093 3411 1171 3494 galli·

204 3513 219 3548 n
244 3491 327 3552 canis
341 3492 517 3554 celebretur.

245 3600 260 3636 a
284 3584 316 3638 4⁰
336 3581 369 3638 ln
383 3579 488 3640 diebus
498 3579 579 3642 festis
593 3583 636 3644 sic
651 3583 851 3666 abrogatis...,
866 3587 1011 3650 Sanctitas
1026 3591 1093 3653 Sua
1106 3591 1167 3652 hor·
