2416 3954
192 190 250 254 aaa
411 200 547 248 annuere
568 199 670 246 rorrus
690 200 771 246 rrnrs
792 199 939 247 canonmr.

233 307 324 368 raab.
347 301 426 365 Olim
442 299 506 362 solo
519 293 739 382 Episcoporum
749 299 993 382 populorumque
1007 322 1151 373 conmnsn.

196 393 379 477 approbante
393 389 536 470 expresse
549 387 595 450 rel
613 388 702 450 tacite
717 387 793 449 Sede
808 389 996 469 Apostolum
1011 391 1098 454 tiebat
1109 395 1153 454 Ca·

196 481 344 545 nonizatio
359 481 557 552 Sanctorum
573 476 625 538 sed
640 475 728 537 hodie
741 483 826 537 actus
839 475 1013 554 hujusmodi
1027 499 1154 542 annume

197 577 300 633 rantur
322 569 399 630 inter
426 565 493 628 illas
515 583 620 627 causas
643 565 773 643 majores
787 582 876 644 quae,
891 571 1028 648 utsupra
1042 569 1155 630 diximus

197 661 300 738 (694),
332 655 371 719 ad
400 655 431 716 S.
462 651 640 716 Pontificem
674 659 864 714 reservantur
879 669 888 713 ε
903 651 947 716 sie
974 657 1057 717 enirn
1083 656 1155 718 balet

199 745 366 809 Alexander
379 747 436 822 Ill,
452 743 484 804 in
498 761 564 824 cap.
580 740 769 818 Audivimus,
784 740 820 803 de
833 741 984 823 deliquiis
996 753 1027 806 et
1041 753 1153 808 venerut.

197 833 256 900 SS.
274 855 285 896 .·
303 835 421 896 alllum
434 849 506 912 ergo
521 849 582 892 non
598 830 787 912 praesumatis
800 829 838 892 de
851 837 961 893 caetero
975 833 1084 912 colere,
1096 833 1155 896 obm

198 948 213 984 a
238 924 355 986 etiamsi
370 940 424 1006 per
437 939 509 984 curn
523 919 667 982 miracula
681 919 804 998 tierent,
827 936 889 979 non
904 918 1008 982 liceret
1021 923 1100 984 robis
1112 939 1155 1003 pro

198 1036 214 1072 o
239 1016 349 1078 Sancto
362 1012 475 1092 absque
489 1009 663 1071 anctoritate
678 1009 824 1068 Romanae
831 1007 974 1070 Ecclesia
987 1011 1115 1072 venerari
1127 1028 1153 1068 r:

200 1101 383 1166 concordant
395 1095 926 1180 cap.Eaeorejusdemtit.‚etcap.
947 1095 1155 1174 Venerabitr'bb

200 1192 235 1254 dc
250 1191 380 1254 testibus.

239 1283 328 1342 Ι85Ι.
351 1280 502 1338 Incertum
521 1281 567 1337 est
588 1276 648 1356 qut
671 1274 796 1356 praecise
818 1271 935 1355 epocha
955 1282 1100 1339 reservata
1113 1275 1156 1338 luit

201 1370 231 1429 S.
249 1366 317 1427 Sedi
334 1363 458 1425 facultas
472 1364 598 1425 sanctos
612 1362 806 1424 canonizandi
822 1382 829 1422 :
844 1371 935 1444 caput
949 1365 1032 1426 enim
1049 1363 1156 1428 Audiri·

200 1473 262 1512 maa
284 1470 346 1512 non
367 1451 491 1532 precise
511 1451 549 1512 de
563 1469 599 1512 eo
613 1454 773 1514 Decretum
787 1451 869 1528 facit,
885 1451 939 1514 sed
949 1453 1013 1531 jam
1028 1461 1155 1516 statutum

199 1539 363 1619 supponit:
380 1539 446 1600 ride
466 1538 597 1600 Ferraria
613 1541 656 1610 (v0
680 1539 785 1602 Celtas
799 1541 918 1606 Sonat..
942 1539 985 1602 n'·
1009 1546 1047 1604 la
1060 1551 1089 1605 et
1100 1545 1155 1612 20);

199 1645 305 1689 ornnes
317 1633 419 1688 tamen
434 1627 799 1691 conveniuntUdalricum
813 1631 1026 1708 Augustanum
1037 1629 1157 1712 (dduca-

201 1715 305 1796 baarp)
328 1717 405 1777 inter
424 1716 531 1778 Beatos
553 1725 784 1778 annumeratum
806 1716 898 1779 luisse
911 1719 929 1778 d
942 1720 1061 1782 loanne
1073 1722 1121 1782 XV
1134 1721 1157 1779 in

200 1803 333 1868 Concilio
346 1805 553 1879 Lateranensi‚
578 1823 659 1866 anno
672 1807 749 1880 9933
774 1809 805 1866 at
823 1811 924 1886 postea
947 1807 1050 1888 plures
1071 1807 1157 1870 Sancti

201 1894 364 1974 nuncupati
380 1901 460 1969 sunt,
476 1900 505 1956 et
520 1901 554 1955 ut
566 1893 640 1954 tales
654 1901 724 1956 sunt
737 1893 879 1972 venerati,
893 1895 945 1976 qui
958 1901 1060 1959 tamen
1074 1896 1157 1958 issatis

201 1983 356 2062 Episcopis
370 1981 541 2061 hujusmodi
556 1981 641 2044 titulo
663 1981 765 2044 donati
783 1981 877 2044 luere.
900 1983 959 2044 Sed
973 1985 1116 2066 quidquid
1128 1983 1157 2044 dc

200 2089 237 2131 eo
250 2071 304 2144 sit,
321 2073 337 2130 ia
352 2077 489 2151 tempore
508 2069 667 2131 Alexandri
681 2071 740 2148 ΙΙΙ,
755 2071 950 2132 canonizandi
966 2079 1095 2153 potestas
1108 2073 1157 2154 pri·

200 2158 294 2218 ratirb
307 2157 344 2218 ad
360 2159 389 2218 S.
407 2156 515 2218 Sedem
528 2157 667 2220 devoluta
680 2159 735 2220 luit
750 2177 757 2219 :
772 2161 861 2241 porrb
874 2178 965 2241 supra
979 2161 1158 2240 probavimus

200 2247 280 2324 (687)
290 2244 473 2308 infallibilem
491 2263 557 2308 csse
573 2246 604 2308 S.
615 2245 794 2309 Pontificem
805 2247 835 2308 in
845 2247 988 2310 exercitio
997 2247 1155 2329 hujusmodi

201 2334 358 2398 facultatis.

642 2531 661 2614 5
680 2533 716 2596 n.

206 2681 246 2750 tte
257 2683 491 2765 sonnatitatidra
504 2685 537 2748 in
550 2685 775 2768 Beatificatiane
788 2695 817 2750 at
834 2687 1060 2757 canonizatione
1080 2693 1157 2757 Sana

532 2790 627 2844 taram
641 2783 835 2850 coronandis.

238 2957 327 3016 4852.
343 2955 424 3017 Inter
436 2973 469 3018 se
482 2955 625 3018 differunt
637 2956 826 3038 Beatificatio
839 2965 870 3021 et
883 2959 1076 3026 canonizatio
1088 2983 1100 3026 .·
1110 2965 1154 3026 Cn·

201 3041 347 3103 ncniratio
361 3042 444 3104 enim
457 3051 503 3106 est
524 3044 658 3108 solemne
670 3045 816 3125 judicium
835 3065 896 3129 qno
910 3047 1022 3115 Beatus
1035 3055 1154 3133 catalogo

139 3153 142 3161 ·
199 3130 377 3192 Sanctorum
387 3129 564 3194 adscribitur
578 3139 608 3196 et
621 3133 748 3215 publicae
757 3135 848 3198 totius
862 3136 1017 3202 militantis
1030 3143 1155 3205 Ecclesia

197 3217 381 3280 reiterationi
396 3221 585 3301 proponitur,
595 3222 684 3302 eique
697 3221 828 3286 bonores
842 3225 959 3288 Sanctis
972 3227 1156 3292 debitiderer·

198 3313 328 3379 aruinum
345 3307 471 3386 proinde
485 3309 676 3371 Canonizatio
691 3328 752 3371 non
764 3317 862 3391 potest
875 3313 939 3375 lieri
952 3317 971 3376 a
983 3317 1157 3400 simplicitur

198 3393 368 3470 Episcopis‚
382 3399 486 3472 utpote
500 3395 530 3456 in
553 3396 752 3459 universalem
776 3401 940 3462 Ecclesiam
961 3409 1157 3467 auctoritatem

197 3495 257 3536 non
273 3475 451 3540 habentibus
470 3499 478 3540 ε
500 3483 745 3546 canonizationes
767 3505 840 3566 ergo
859 3489 933 3550 alirn
954 3490 994 3551 ab
1013 3494 1157 3573 Episcopis

197 3563 298 3640 lacta,
315 3563 459 3627 babendae
470 3573 541 3628 sunt
554 3576 587 3629 nt
600 3587 692 3632 merae
712 3573 968 3655 beatificationes,
993 3579 1051 3641 nisi
1065 3591 1155 3662 postca
