2416 3954
360 242 444 286 urana
466 240 623 286 sncuuuus.
923 227 981 288 tta

32 335 163 416 pultumm
176 335 420 402 ecclesiasticam:
437 338 548 419 quibus
557 345 656 400 autem
667 338 787 419 publice
797 339 988 422 denegantur

32 433 207 503 sacramenta,
229 426 396 507 denegatur
417 427 508 488 etiam
528 427 683 506 sepultura
705 429 915 492 ecclesiastica.
944 433 988 492 lta

31 531 86 594 cap.
100 515 196 576 Sacris
213 519 259 579 aa.
275 513 311 577 de
323 515 513 596 Sepulturia:
531 517 655 577 «Sacris
665 523 709 576 est
724 519 892 581 canonibus
907 519 990 581 insti·

32 621 44 658 r
64 610 150 665 tutum
164 613 197 666 ut
218 603 322 682 quibus
341 625 397 665 non
418 604 689 666 communicavimus
703 605 777 668 uiuis
796 627 852 668 aon
866 627 990 669 commu-

32 709 44 746 s
63 692 177 754 m'camm
190 693 348 764 defunctis,
373 699 403 754 et
421 701 455 755 ut
476 699 599 755 careant
616 693 814 757 emlesiastica
835 697 989 777 sepultura

33 798 44 834 r
64 781 107 860 qui
121 783 201 862 priirs
215 789 300 844 erant
313 781 352 843 ab
365 782 507 845 Ecclesiae
525 783 638 844 unitate
652 783 791 864 praecisi‚
807 802 864 846 neo
878 787 909 846 in
924 787 988 847 arti·

32 869 123 930 oculo
136 871 241 932 mortis
258 870 400 932 Ecclesiae
420 870 603 932 reconciliati
624 870 746 932 luerint.
767 894 782 930 o
810 871 885 934 Vide
900 874 988 936 etiam

32 972 86 1036 cap.
102 962 133 1020 ll
146 959 283 1037 ejusdem
298 959 386 1022 tituli.

62 1050 91 1105 2⁰
108 1049 171 1108 Non
193 1055 238 1110 est
259 1046 438 1128 deneganda
460 1048 614 1128 sepultura
636 1049 836 1112 ecclesiastica
858 1056 989 1130 peccato

31 1131 101 1195 ribus
113 1137 248 1210 occultis,
263 1145 546 1218 quarntumcumque
566 1137 717 1218 parochus
731 1145 831 1202 certus
855 1145 933 1200 essct
954 1137 992 1201 dc

31 1236 121 1283 eorum
134 1225 325 1287 criminibus.

61 1313 142 1373 trit.
158 1347 199 1357 -
213 1316 245 1374 3⁰
265 1313 314 1374 Sic
333 1320 552 1376 enumerantur
571 1317 589 1376 a
610 1315 731 1378 Rituoli
751 1315 882 1376 Romano
906 1333 994 1376 casus

30 1395 171 1479 inquibus
187 1420 248 1463 non
263 1400 332 1464 licet
344 1402 416 1463 dare
429 1403 661 1466 ecclesiasticam
676 1405 864 1484 sepulturam
883 1422 891 1464 ε

64 1509 77 1544 r
96 1491 264 1572 Negatur...
289 1491 487 1553 ecclesiastica
506 1493 660 1572 sepultura
680 1493 823 1574 paganis,
842 1493 950 1572 judaeis
966 1497 996 1553 et

28 1594 39 1629 r
60 1580 199 1642 omnibus
213 1579 397 1654 infidelibus,
407 1580 586 1642 haereticisel
599 1599 705 1644 eorum
717 1581 894 1653 fautoribus,
910 1601 995 1662 apos·

26 1685 37 1717 n
59 1669 996 1750 tatistChristianalide,sclrismaticisetpublicisexcommuui-

26 1774 37 1806 r
58 1756 126 1816 catis
136 1757 243 1836 majori
254 1758 579 1830 excommunicatione,
591 1758 995 1834 intordictisnominatim‚et

24 1862 35 1894 r
59 1841 91 1903 iis
103 1847 154 1924 qui
169 1846 278 1908 suntin
288 1847 354 1908 loco
368 1847 536 1920 interdicto,
549 1845 732 1908 eoduraute.
743 1849 841 1908 n-V.
852 1848 946 1910 Clam.
964 1851 993 1924 l,

23 1928 52 1988 de
63 1933 181 2012 sepult„
198 1941 229 1996 et
244 1953 310 2016 cap.
326 1935 364 1997 Si
378 1935 462 1996 iacui
472 1939 523 2010 ab,
538 1934 572 1996 de
588 1942 712 1996 sentent.
724 1953 884 2010 excomm,
902 1937 933 1997 in
948 1941 992 1999 6⁰.

60 2023 211 2104 «seipsos
224 2023 430 2085 occidentibus
439 2023 479 2084 ob
493 2022 733 2103 desperationem
748 2025 793 2086 vel
809 2023 993 2087 iracundiam

21 2127 34 2162 a
56 2113 126 2185 lnon
148 2121 253 2174 tamen
268 2111 291 2174 si
306 2131 343 2173 ex
358 2111 475 2174 insania
494 2111 524 2172 id
540 2111 686 2192 accidat),
702 2111 760 2174 nisi
781 2121 850 2176 anta
865 2123 992 2177 mortem

21 2213 34 2251 r
56 2196 195 2263 dederint
209 2200 391 2282 paenitentiae
405 2200 507 2280 signa,
540 2266 543 2272 ,

55 2309 68 2343 r
92 2288 295 2352 Morientibus
316 2289 347 2350 in
363 2288 481 2367 duello,
497 2288 613 2352 etiamsi
636 2295 706 2353 ante
723 2289 840 2354 obitum
857 2293 995 2356 dederint

22 2391 35 2428 t
55 2379 357 2459 poenitentiaesigna3

54 2487 67 2520 r
91 2466 262 2530 lllaoilestis
275 2475 304 2528 et
313 2465 443 2549 publicis
456 2467 662 2548 peccatoribus
675 2467 804 2549 quisine
819 2471 992 2550 poenitentia

21 2554 170 2628 perierunt
184 2577 193 2632 ;

57 2667 71 2700 n
96 2648 136 2708 lis
162 2645 203 2707 de
226 2645 339 2726 quibus
362 2644 484 2726 publice
502 2651 618 2707 constat
638 2644 720 2726 quod
739 2643 832 2706 semel
860 2644 892 2704 in
915 2661 995 2706 anno

20 2757 32 2790 r
55 2755 115 2798 non
130 2732 994 2816 susceperintsacramenlaconsessionisetcommunionis

19 2845 31 2878 a
53 2825 82 2887 in
100 2824 230 2898 Pascha,
241 2830 271 2884 et
286 2823 401 2904 absque
416 2823 477 2884 ullo
492 2823 579 2903 signo
593 2821 781 2884 contritionis
796 2821 954 2897 obierunt;

54 2937 68 2972 a
90 2912 265 2977 lnfantibus
279 2913 406 2974 mortuis
419 2911 534 2991 absque
553 2911 714 2992 Baptismo.

52 3009 145 3066 arto.
172 2999 263 3064 »Ubi
278 3001 348 3061 verb
371 2999 401 3062 in
422 2999 571 3080 praedictis
600 2998 719 3062 casibus
746 3000 874 3063 dubium
893 3019 996 3064 occur-

17 3111 31 3148 ι
53 3095 137 3167 rerit,
156 3089 336 3152 Ordinarius
347 3089 547 3150 consulatur»
563 3109 571 3162 ;
587 3090 611 3150 si
622 3097 741 3170 tempus
757 3108 818 3150 non
831 3090 942 3152 sineret
956 3092 993 3153 ad

16 3180 201 3262 Episcopum
226 3195 399 3254 recurrere,
420 3176 598 3257 deneganda
622 3186 799 3254 parasset,
822 3179 852 3238 in
880 3179 993 3258 dubio,

15 3271 171 3346 sepultura
186 3266 405 3342 ecclesiastica,
424 3273 454 3327 et
468 3267 524 3327 hoc
535 3267 619 3343 juxta
640 3267 843 3348 principium:
860 3267 890 3327 io
909 3269 996 3331 diablo

13 3355 77 3418 odio
98 3365 176 3420 sunt
196 3354 411 3435 resti-inpendo.
434 3357 509 3416 Clam
531 3355 630 3430 enirn,
649 3356 688 3416 ait
705 3359 737 3416 P.
754 3359 848 3435 Gury,
871 3359 904 3417 ηο
917 3363 994 3435 rar,

13 3443 215 3508 incommoda
232 3463 358 3524 magna,
375 3444 483 3505 nostris
494 3445 995 3524 pracsertimlemporibusexdene

10 3537 135 3614 patrone
151 3535 336 3614 sepulturae,
351 3532 423 3594 oriri
437 3535 570 3608 soleant,
585 3532 706 3613 expedit
716 3541 748 3594 ut
758 3532 824 3593 talis
838 3531 994 3610 denegatio

13 3641 72 3684 non
92 3624 151 3686 liat
168 3623 226 3685 nisi
241 3621 280 3684 de
294 3623 360 3701 ejus
368 3621 550 3704 obligatione
561 3621 645 3682 oertd
659 3627 787 3682 constet.
