2474 3946
737 167 796 199 ἰ-

461 233 547 280 urnm
568 233 724 280 secuuous.
1022 221 1077 282 tili

115 355 181 400 men
197 335 292 417 longb
311 334 545 397 communierat
566 334 749 416 probabilior
772 333 920 396 sententia
933 333 1081 399 affirmat:

115 425 180 507 quia
189 425 314 502 conjux,
325 423 376 504 qui
388 423 614 484 matrimonium
625 423 704 484 boul
715 421 773 486 lide
787 423 946 500 contraxit,
963 443 1023 486 non
1039 431 1083 488 esl

115 513 274 594 privandus
287 515 368 574 certa
382 513 569 592 possessione
579 511 718 593 petendi,
733 510 830 573 donec
843 519 959 574 constet
972 513 1010 576 de
1025 515 1082 577 im-

115 601 302 683 pedimento;
321 599 437 681 hocque
449 601 553 678 probat
567 603 597 662 S.
615 601 736 680 Liguor.
754 599 857 680 (ibid.)
873 619 909 662 ex
924 620 990 684 cap.
1007 604 1084 666 Loa-

115 689 254 762 dodt'lem,
277 687 313 750 de
326 687 571 768 Frigt'ditote.-
582 688 628 750 Ad
641 694 757 750 textum
780 707 846 768 eap.
869 689 1080 770 Inqut'st'tiom,

114 777 310 860 respondetur
329 776 414 838 illum
427 784 541 840 textum
560 795 625 839 esse
647 777 877 857 intelligendum
891 777 929 838 de
947 786 1083 861 tempore

114 885 173 948 quo
200 865 338 928 nondum
364 864 455 928 luerit
476 865 606 927 adbibita
628 864 782 946 diligentia
806 863 843 926 ad
866 864 1083 946 deponendum

113 953 258 1017 dubium:
275 955 441 1016 tunoenim
456 953 607 1016 dubitatur
622 954 711 1016 etiam
727 955 875 1035 praclied;
892 954 943 1015 sed
953 955 1082 1020 adhibita

112 1041 265 1124 diligentia
276 1042 434 1105 sullioienli
445 1089 452 1113 ‚
465 1042 829 1104 ellorrnatureouseientia
840 1043 969 1122 practice
984 1053 1082 1118 certa,

112 1129 211 1194 medio
221 1131 358 1212 principii
368 1131 458 1192 oerli:
472 1130 892 1194 indubiomeliorestcondt'tio
898 1131 1085 1212 possidebam

112 1221 237 1302 proinde
259 1239 322 1282 non
338 1221 475 1304 'amplius
491 1228 536 1281 est
558 1221 642 1282 locus
664 1220 833 1301 applicandi
854 1221 990 1301 regulam
1013 1239 1081 1303 cap.

112 1307 320 1390 lunationem,
333 1316 363 1370 et
375 1308 446 1370 satis
460 1308 652 1389 probabiliter
669 1309 773 1370 eadem
785 1309 898 1370 decisio
913 1309 976 1370 dari
988 1317 1083 1391 polest

110 1415 165 1478 pro
186 1415 258 1458 casu
276 1396 327 1458 ubi
347 1397 461 1475 conjux
478 1395 618 1458 dubitans
640 1396 790 1458 habuisset
811 1397 958 1459 rationem
974 1399 1081 1480 proba·

107 1483 201 1546 bilem
224 1503 279 1568 pro
304 1483 484 1546 insoliditate
507 1485 705 1562 matrimonii,
727 1492 757 1546 et
780 1486 894 1548 nullam
915 1505 970 1568 pro
991 1487 1083 1568 ipsius

107 1577 232 1636 valore:
258 1580 389 1634 ettamen
412 1573 443 1634 in
467 1572 524 1634 hoo
546 1591 617 1636 casu
643 1575 844 1636 comnmniter
862 1576 925 1636 [tlt.
951 1578 1083 1638 sentiunt

106 1661 198 1723 talem
212 1661 400 1723 dubitantem
418 1661 455 1722 ad
469 1661 658 1723 reddendum
677 1662 813 1723 debitum
828 1662 951 1742 quidem
965 1663 1081 1741 teneri,

106 1750 160 1812 sed
177 1768 238 1812 non
252 1768 339 1830 posse
354 1756 464 1831 petere.
481 1749 556 1811 Vide
571 1753 602 1811 S.
619 1749 754 1829 Liguor.‚
771 1749 868 1826 libii,
884 1754 1001 1811 110905.

146 1837 228 1908 Sed.
243 1837 390 1918 quidquid
405 1838 442 1898 sil
455 1836 494 1899 de
516 1837 584 1914 his,
598 1838 623 1898 si
637 1837 778 1898 dubitans
799 1855 883 1918 spem
903 1837 1082 1918 prudentem

105 1926 197 1988 habet
215 1925 386 1988 inveniendi
410 1927 557 2004 majorem
580 1923 793 1987 certitudinem
814 1943 869 2006 pro
901 1925 1082 1991 invalidilate

104 2014 312 2090 matrimonii,
329 2020 403 2076 tuno
418 2031 479 2075 non
495 2020 591 2094 potest
604 2013 740 2074 debitum
755 2019 865 2096 petere.

143 2108 237 2165 titii.
261 2103 291 2164 Si
306 2104 377 2164 rerd
392 2101 618 2164 matrimonium
632 2111 820 2166 contractum
831 2101 934 2166 luisset
944 2122 1014 2168 cum
1025 2105 1081 2168 du·

102 2191 155 2254 bio
170 2191 209 2252 de
223 2191 459 2272 impedimento,
475 2198 505 2251 et
518 2198 586 2272 post
598 2191 773 2271 diligentem
789 2192 1014 2273 inquisitionem
1029 2195 1082 2258 du·

101 2279 191 2342 bium
206 2285 395 2362 perseveret,
411 2277 582 2341 nullatenus
596 2287 669 2341 tune
682 2279 822 2342 dubitans
836 2289 934 2362 potest
949 2291 1048 2364 petere
1071 2305 1079 2346 ε

102 2368 132 2430 id
147 2374 268 2431 constat
280 2386 316 2430 ex
330 2385 396 2449 cap.
413 2385 503 2448 supra
521 2367 609 2430 citato
631 2369 789 2444 Heminae,
805 2369 838 2431 de
862 2371 993 2432 serandis
1011 2393 1081 2454 nup-

102 2457 178 2532 tiis;
198 2455 299 2520 athalo
317 2457 432 2518 ratione
454 2455 615 2536 probatur,
640 2455 721 2537 quod
736 2464 811 2520 tuno
832 2457 983 2538 possideat
999 2461 1080 2539 prius

101 2545 426 2606 matrimonium-S.
439 2543 572 2624 bignoli,
585 2544 636 2604 lib.
648 2548 678 2620 a,
695 2545 727 2605 n⁰
740 2549 814 2619 906;
829 2545 896 2606 vide
910 2547 999 2606 etiam
1015 2549 1081 2608 Car-

101 2635 184 2696 ridre
207 2635 260 2714 qui
285 2632 370 2694 aliter
397 2631 429 2694 in
456 2631 637 2713 quibusdam
660 2631 769 2707 sentit,
794 2637 824 2692 et
843 2631 930 2710 eujus
951 2633 1081 2695 rationes

100 2728 301 2803 exponuntur
315 2721 346 2781 in
361 2718 535 2802 Conpendto
549 2719 687 2781 illoti-im.
705 2717 757 2795 (11¹⁸
768 2721 918 2797 att-273).

142 2813 235 2872 4250.
259 2811 332 2882 Ouae
344 2809 433 2870 modd
449 2809 529 2871 dieta
548 2815 619 2870 sunt
636 2807 800 2888 respiciunt
817 2823 920 2868 casum
940 2805 1022 2868 dubii
1043 2809 1081 2872 de

100 2907 202 2960 morte
216 2897 325 2978 prioris
338 2897 491 2977 conjugis,
508 2915 570 2958 non
584 2897 653 2957 verd
674 2903 797 2958 caeteros
814 2913 901 2958 casus
917 2895 947 2956 in
971 2897 1081 2978 quilius

99 2985 260 3050 dubitatur
272 3005 311 3050 au
325 2985 452 3048 existant
465 2985 523 3047 alia
537 2985 753 3066 impedimenta
768 2985 993 3047 matrimonium
1009 2986 1079 3050 diri-

96 3077 218 3138 mentia
234 3094 243 3137 ι
258 3075 419 3138 dotalibus
433 3073 533 3137 dubiis
547 3074 613 3136 vide
627 3075 659 3136 S.
675 3074 797 3155 Lignor.
820 3073 883 3154 (lib.
900 3077 935 3152 6,
952 3073 993 3136 ul·
1010 3081 1069 3141 900

99 3167 186 3245 ‘w‘
570 3243 601 3298 u

432 3337 473 3379 DE·
483 3335 665 3380 lureut'tmtro
677 3337 749 3383 voti.

143 3447 237 3508 4251.
252 3443 382 3505 Nomine
393 3441 462 3504 Voti
471 3441 520 3503 hle
534 3441 632 3502 solltm
642 3443 818 3523 intelligitur
830 3449 932 3508 votum
944 3445 1079 3509 solemne

89 3533 187 3612 ‚quod
201 3531 348 3595 emittitur
362 3531 394 3590 in
407 3529 504 3592 valida
517 3529 702 3612 professione
711 3531 874 3612 lleligionis
888 3535 1076 3614 approbate:

99 3619 164 3682 alit
176 3621 262 3684 euim
277 3625 360 3698 rote,
374 3619 483 3682 emissa
493 3619 525 3678 in
538 3618 744 3717 Religionibus
757 3637 820 3682 non
834 3621 1017 3702 approbatis,
1028 3623 1079 3679 aut

926 3723 960 3781 9.
