2452 3946
381 197 468 244 nam
486 198 645 248 caccabus.
961 184 1000 247 85

84 293 164 354 3611.
186 293 415 358 controvertitur
429 314 467 356 an
483 313 601 378 mappae
612 296 742 359 debeant
756 299 924 362 necessario
937 319 1002 364 esse

55 380 223 444 benedictae:
247 384 394 445 sententia
418 401 533 463 negans
560 383 768 466 improbabilis
798 405 860 450 non
886 388 1002 452 videtur

55 471 291 550 anctobiguorim
306 471 350 550 ob¹
359 474 565 534 auctoritatem
581 473 917 553 61).ᾳυί3165611116111,
929 497 1002 562 praa·

54 559 136 618 sertim
145 559 271 620 Suarezii
281 579 289 619 :
298 560 363 635 sed,
374 560 434 622 hoc
443 578 504 623 non
517 561 667 638 obstante,
684 563 780 644 magis
793 563 924 628 adheret
937 585 1002 629 sen-

54 647 307 728 contempnite,
332 649 372 710 ob
390 648 542 712 rubricam
557 669 649 730 supra
668 651 812 728 relatam3
828 653 896 715 aide
910 653 952 716 tit.
968 655 1003 718 de

53 730 158 810 deseca,
174 738 207 795 n⁰
220 740 258 810 1;
276 737 343 797 tatis
357 739 428 799 read
442 737 575 801 desectus
594 757 655 800 non
674 739 791 801 excedit
811 741 933 822 cuipam
952 761 1002 805 ve-

53 821 160 883 niaiem:
176 823 256 886 ande
270 825 390 888 natium
405 825 521 888 videtur
535 845 601 889 esse
615 835 772 908 peccatum
787 828 811 890 si
828 829 859 890 in
875 830 1003 893 necessi-

54 913 114 981 tate,
128 919 195 991 puta
213 913 237 973 si
262 913 293 974 in
313 913 363 974 die
382 913 457 976 sesto
480 915 677 979 adhibeantur
698 935 760 978 non
784 916 949 980 benedictae
967 920 1004 982 ed

54 997 115 1074 qaod
132 999 290 1064 benedictae
313 1001 416 1063 baberi
433 1011 603 1084 nequeant;
620 1005 682 1067 imd
697 1007 728 1068 S.
745 1005 905 1087 Lignorius
919 1014 1003 1088 putat

53 1084 316 1152 nrinoremcausam
329 1107 493 1170 excusare,
509 1095 580 1154 ctam
598 1095 616 1155 a
633 1093 740 1157 veniali
755 1101 878 1158 excuset
890 1097 1002 1178 quaevis

54 1189 122 1236 musa
134 1177 327 1249 rationabilia.

80 1265 156 1326 3612.
178 1269 301 1338 Quaerit.
330 1271 376 1331 An
398 1287 516 1350 mappae
535 1273 566 1331 et
585 1271 752 1353 corporalia
774 1277 943 1339 necessario
963 1296 1000 1342 ex

53 1343 398 1419 icosintconticienda?

80 1451 157 1533 ttesp.
174 1453 282 1518 Plures
297 1454 471 1535 affirmare,
495 1463 526 1520 et
546 1458 605 1522 boc
618 1460 738 1542 probari
759 1479 847 1543 possa
873 1479 911 1525 ex
933 1479 1000 1543 cap.

54 1535 169 1603 dormito
177 1547 229 1621 16,
244 1545 285 1607 dc
299 1546 440 1622 masec„
455 1546 524 1610 dist.
542 1551 571 1622 1,
581 1547 773 1610 ubidicitur:
791 1550 1004 1612 «Sacrificium

53 1646 64 1682 ι
82 1630 234 1696 abarisnon
250 1634 283 1696 in
296 1635 394 1696 serico
405 1654 506 1716 panno
515 1643 568 1700 aut
578 1638 671 1699 tincto
680 1639 840 1719 quisquam
852 1639 1004 1701 celebrare

53 1722 583 1806 ·presumens&raparationem
607 1723 1005 1807 Episcopoconsecrampei-

53 1822 64 1858 ι
83 1804 389 1894 liuttiaeoprocreoto.
401 1834 417 1872 a
430 1813 505 1876 Vide
513 1814 602 1875 etiam
612 1832 641 1876 c.
651 1819 701 1887 tt,
712 1814 781 1876 dist.
793 1815 1001 1878 adeconsec.

83 1893 171 1960 Ptures
181 1901 309 1964 econtra
322 1903 572 1964 communissimb
586 1909 615 1963 et
626 1901 812 1982 probabiliirs
824 1903 930 1966 dicunt
942 1902 1003 1964 sui·

55 1977 167 2048 fiocrcex
179 1991 332 2074 cannabe,
350 1992 530 2072 quintinum
556 1997 585 2053 et
598 1990 755 2068 cannabis,
767 1992 851 2071 juata
869 2011 1004 2056 commu·

54 2085 107 2132 nem
117 2092 212 2153 usum,
225 2077 433 2142 indifferenter
445 2087 607 2143 sumuntur
621 2098 675 2162 pro
690 2081 865 2144 seinvicem.
876 2083 906 2145 S.
920 2083 1000 2164 Lig.‚

55 2153 93 2222 lib.
112 2164 139 2240 6,
161 2175 194 2227 n·
207 2169 283 2241 375,
297 2166 365 2231 duo.
379 2171 425 2235 ³⁸.
444 2172 485 2233 Et
496 2167 555 2233 hoc
568 2177 612 2232 est
625 2175 742 2232 certum
756 2189 792 2233 ex
808 2173 838 2234 S.
855 2173 891 2236 R.
916 2173 949 2237 G.
965 2177 1001 2236 15

83 2333 156 2399 3613.
171 2339 303 2404 Decreta
316 2343 360 2404 Pri
375 2345 447 2421 ul,
464 2349 501 2408 16
526 2349 597 2410 maia
619 2351 716 2428 1819,
741 2353 925 2434 prohibitum
948 2359 1002 2422 iuit

54 2425 314 2510 cummanentibus,
336 2431 423 2512 paliis
439 2439 470 2494 et
488 2434 699 2515 purificatoriis
713 2458 748 2501 ex
772 2446 912 2526 gossypio
926 2466 1002 2510 con-

51 2501 136 2589 iectis3
155 2517 259 2598 quoad
274 2537 398 2600 mappas
412 2531 530 2598 autam,
550 2523 633 2587 albas
653 2533 682 2589 et
696 2529 843 2609 amictus,
866 2533 1001 2600 illicitum

51 2604 82 2654 est
93 2603 223 2681 quidem,
242 2624 277 2668 ex
294 2607 402 2670 eodem
420 2611 557 2687 Decimo,
579 2629 615 2674 ea
628 2631 666 2676 ex
677 2621 817 2699 gossypio
831 2622 999 2700 conficere,

50 2683 216 2755 contitinet
239 2695 350 2769 iisque
358 2704 493 2779 tempore
512 2700 625 2782 praefati
649 2705 765 2766 Decreti
786 2708 850 2784 J'am
874 2711 1012 2778 coniecta

49 2785 123 2837 bant.
139 2781 211 2845 Vide
226 2783 420 2848 Ricbaudeau
441 2787 552 2867 (Nouo.
572 2789 677 2851 Troice
689 2791 737 2852 dea
749 2793 812 2854 SS.
832 2795 999 2878 bipalmos,

48 2857 83 2954 fh·
97 2869 146 2940 11,
162 2871 229 2950 111);
247 2872 408 2936 Gardailini
422 2877 467 2952 (n·
480 2880 582 2958 1113),
598 2881 685 2956 cuius
699 2881 858 2946 Decretum
873 2885 1001 2950 refertur

46 2955 193 3035 mtegram,
212 2960 294 3042 apud
311 2963 354 3023 De
369 2962 462 3026 Herdt
480 2965 579 3036 (Scor.
595 2967 736 3050 Litora,
752 2989 821 3052 pars
836 2977 848 3034 t
865 3021 873 3050 ‚
889 2979 924 3036 n⁰
936 2979 997 3059 53).

76 3037 146 3104 Licet
166 3047 288 3112 rubrica
305 3055 336 3112 et
354 3050 474 3116 decreta
497 3053 571 3116 nihii
600 3063 731 3119 statuant
754 3059 793 3122 de
816 3062 949 3128 rochetto
969 3075 1000 3130 et

47 3134 257 3220 toperpetlicem
275 3137 339 3201 baec
356 3146 457 3205 tamen
471 3143 611 3207 videntur
624 3145 734 3210 debere
750 3149 886 3230 ejusdem
907 3163 999 3220 mate·

47 3225 156 3282 rtaeesse
169 3241 204 3286 ac
216 3225 284 3288 alba
301 3229 389 3306 cujus
403 3249 493 3294 usum
512 3233 663 3314 supplent.
687 3236 763 3299 Vide
780 3239 939 3306 Gardeliim
959 3247 997 3311 ad

47 3297 189 3390 Daisun,
206 3325 238 3375 n‘·
258 3319 356 3392 1113;
372 3325 402 3380 ct
415 3321 459 3380 De
473 3321 586 3396 Herm,
602 3340 671 3404 pars
688 3327 722 3400 1,
739 3335 772 3388 n⁰
788 3331 826 3391 53
843 3331 865 3390 11
880 3331 912 3391 in
925 3335 994 3414 fine.

75 3394 154 3460 3611.
178 3403 220 3464 Ex
234 3403 355 3468 rubrica
373 3407 518 3482 Masulis,
534 3411 689 3493 corporale
702 3421 800 3477 totum
814 3417 915 3481 atbum
931 3441 996 3488 esse

49 3473 134 3546 debet:
149 3505 186 3552 cx
199 3511 258 3573 quo
278 3511 340 3555 non
353 3494 470 3558 videtur
483 3497 573 3560 licere
588 3499 685 3563 latinis
700 3504 743 3566 uti
758 3507 904 3587 corporati
919 3529 995 3591 graa-

49 3579 133 3634 torum
144 3579 230 3642 variis
243 3581 368 3647 dicturis
380 3584 490 3662 tincto,
507 3585 589 3666 quod
602 3589 676 3668 ipsis
690 3590 790 3654 locum
802 3601 884 3658 tenet
896 3599 995 3659 altaria
