2462 3972
220 141 279 203 001
440 151 576 200 urrunnu
596 151 798 200 remorsurus
818 153 969 201 annorum.

220 253 257 314 ad
271 271 399 334 pravum
414 253 506 316 linem
518 301 526 331 ,
539 259 612 334 pute
621 251 645 314 sl
655 251 723 334 quis
737 255 860 316 externe
870 255 1150 336 voveatJeJnnium
1161 267 1193 324 ut

219 359 254 404 ex
270 343 320 404 illa
329 341 558 404 emissionevoti
572 341 684 405 ebullis
695 341 842 406 laudetur.
856 345 943 407 Tunc
952 345 1037 408 enim
1047 365 1111 410 non
1122 349 1195 429 ieju-

220 431 315 506 nium,
349 430 402 493 aed
429 436 513 494 aetus
537 432 663 494 vovendi
681 431 719 494 ed
740 429 856 495 malum
880 432 975 496 finem
998 434 1134 500 directus
1154 449 1195 502 est

216 521 259 596 (S.
278 519 414 601 Lignor,
428 519 478 582 lib.
494 524 532 597 3,
546 537 579 582 η0
590 524 677 597 abab
694 519 827 585 validum
850 522 961 604 pariter
984 531 1064 588 esset
1076 535 1192 598 votum.

218 609 323 690 siquis
338 614 456 672 vor-'eret
469 609 693 692 eleemosynam
718 609 744 673 si
758 628 794 674 ex
809 609 911 674 duello
928 615 1056 678 evaserit
1077 617 1193 690 salim,

217 695 263 758 vel
287 697 311 758 si
331 695 411 760 lilius
433 716 470 760 ex
493 697 639 762 adulterio
662 705 750 762 natus
771 699 860 764 luerit
889 701 988 782 (ibid.)
1003 724 1012 764 :
1028 723 1095 768 non
1128 709 1195 769 verb

217 791 321 848 votum
333 786 491 866 jejunandi
501 787 526 850 si
535 788 713 852 successerit
721 789 857 852 criminis
867 792 1026 872 executio,
1042 797 1197 876 qrriaemet

218 873 380 956 implorare
394 876 448 938 Dei
467 876 613 941 auxilium
626 876 665 940 ad
688 877 802 941 malum
817 880 1009 960 patrandum.
1030 884 1078 962 (P.
1094 884 1193 967 Gnry,

217 967 292 1025 tom.
310 969 325 1026 l
339 1011 348 1043 ,
362 966 394 1026 no
408 969 491 1045 311.)

258 1056 348 1118 5198.
371 1055 493 1126 Ouaerit.
510 1058 558 1118 An
571 1055 704 1119 validum
718 1057 756 1120 sit
769 1066 872 1121 votum
887 1059 1043 1122 nubendi?

259 1144 348 1225 Resp.
372 1145 430 1206 Per
444 1163 476 1206 se
489 1145 642 1227 loquendo
663 1146 780 1208 nullum
795 1153 840 1209 est
859 1147 918 1210 tale
936 1155 1064 1230 votum,
1080 1151 1195 1214 etiamsi

218 1231 357 1295 ducenda
378 1233 416 1294 sit
441 1251 558 1315 pauper
580 1235 737 1314 meretrix,
763 1235 808 1299 vel
832 1237 1064 1302 matrimonium
1087 1240 1196 1304 fiatad

218 1320 347 1382 tollenda
373 1321 471 1383 aliana
494 1329 616 1404 pennata
632 1371 640 1402 ,
656 1324 727 1406 quia
748 1343 868 1408 semper
887 1327 1045 1390 ooelibatus
1065 1337 1115 1393 est
1136 1333 1197 1393 Dru

219 1409 350 1487 gratior:
370 1427 457 1472 secus
479 1412 504 1472 si
519 1419 622 1474 votum
637 1413 781 1476 emissum
795 1412 885 1477 luerit
899 1416 938 1478 ad
956 1419 1138 1484 scandalum
1153 1422 1198 1482 rel

219 1495 366 1559 honorem
380 1497 489 1580 puellae
498 1518 536 1562 ex
546 1501 728 1583 obligatione
737 1504 957 1586 reparandum,
968 1507 1015 1568 vel
1025 1507 1067 1570 ob
1082 1509 1196 1574 bonnm

216 1603 390 1650 commune.
406 1587 438 1650 Si
445 1590 516 1652 verb
530 1591 599 1672 quis
615 1591 742 1655 vovisset
755 1593 870 1657 nubere
884 1595 924 1657 ob
938 1604 1099 1678 expertam
1113 1599 1197 1682 bagi-

217 1674 346 1756 lilatern,
365 1683 456 1755 tuno,
476 1678 562 1758 juxta
576 1681 755 1742 sententiam
776 1682 866 1764 longe
881 1684 1133 1766 probabiliorem,
1152 1709 1197 1752 ra·

217 1763 290 1828 leret
312 1773 433 1843 votum,
459 1767 512 1830 sed
532 1770 686 1851 supposito
706 1771 791 1851 quod
814 1789 925 1835 vovens
946 1773 1040 1838 nollet
1060 1779 1107 1840 uti
1135 1780 1196 1842 aliia

217 1856 366 1919 remediis.
384 1859 426 1936 (S.
442 1857 578 1940 Inguen,
593 1858 645 1921 lib.
661 1861 702 1938 3,
718 1876 752 1920 na
766 1863 849 1931 909.)

255 1949 345 2009 5199.
361 1981 400 1992 -
409 1947 445 2010 Π.
462 1949 574 2011 Votum
588 1947 670 2010 aliud
683 1954 727 2010 est
741 1947 932 2032 absolutum,
947 1951 1031 2016 aliud
1045 1956 1196 2020 conditio

216 2041 320 2096 natum
336 2083 344 2113 ,
358 2035 440 2098 aliud
453 2036 597 2118 simplex,
612 2037 692 2100 aliud
707 2037 860 2120 solemne,
878 2041 960 2105 aliud
972 2043 1054 2108 reale
1070 2053 1103 2109 et
1116 2047 1194 2110 aliud

215 2123 392 2201 personale,
408 2127 538 2188 etetiam
550 2127 690 2189 mixtum.

255 2211 307 2270 Sat
320 2211 497 2293 intelligitur
511 2215 586 2298 quid
602 2215 639 2278 sit
653 2223 756 2280 votum
769 2217 942 2284 absolutum
956 2227 987 2285 et
1004 2231 1112 2289 volum
1124 2245 1185 2288 ron·

213 2297 403 2362 ditionatum.
430 2303 541 2366 Votum
556 2305 691 2368 solemne
710 2305 785 2369 illud
805 2309 946 2392 estquod
961 2319 996 2375 ut
1009 2314 1073 2378 tale
1090 2333 1181 2396 narp-

213 2395 292 2450 tatur
306 2388 344 2451 ab
365 2391 521 2454 Eeelesil:
547 2393 609 2456 duo
629 2403 730 2458 autem
750 2396 821 2460 talia
841 2405 940 2478 sunt,
961 2409 1073 2466 votum
1084 2421 1188 2487 nempe

213 2477 354 2542 castitatis
368 2497 520 2545 annexum
535 2481 633 2544 ordini
643 2503 742 2563 suero,
753 2492 784 2548 et
796 2494 900 2552 votum
914 2489 1068 2572 religiosae
1080 2494 1192 2578 proles·

213 2568 305 2631 sionis
321 2589 328 2630 ε
344 2569 383 2632 de
404 2569 524 2633 duobus
544 2571 601 2634 illis
621 2573 696 2635 votis
713 2592 805 2656 snpra
823 2577 954 2641 diximus
973 2581 1090 2663 (9168,
1114 2589 1192 2666 eta,

212 2661 411 2737 10510550
427 2667 535 2723 oaetera
548 2668 649 2725 autem
663 2668 730 2726 vota
744 2671 816 2728 sunt
828 2666 986 2749 simplicia.

252 2749 362 2812 Votum
375 2750 454 2812 reale
463 2756 507 2812 est
522 2750 595 2812 illud
604 2753 692 2831 eujus
703 2752 857 2834 obiectum
870 2763 914 2819 est
923 2775 974 2821 res
987 2765 1120 2826 externa
1128 2782 1194 2847 pra

211 2836 251 2897 110
265 2838 463 2916 estimoniis,
476 2845 508 2901 ut
521 2839 617 2918 calix,
634 2841 841 2926 eleemosyna,
860 2849 945 2910 010...
964 2849 1081 2913 Votum
1090 2872 1190 2934 perro

210 2925 278 2986 nale
291 2935 337 2987 est
349 2927 421 2990 illud
434 2929 520 3008 eujus
534 2929 687 3010 objectum
697 2937 742 2994 est
755 2931 888 2998 hominis
897 2937 990 3016 aetio,
1005 2939 1053 3003 rel
1063 2945 1191 3004 cessatio

210 3011 247 3072 ab
261 3014 397 3088 actione,
424 3024 456 3078 ut
469 3023 572 3081 votum
586 3019 764 3100 Jejunandi,
781 3021 950 3088 abstinendi
965 3027 984 3088 a
999 3026 1091 3108 lusu,
1111 3037 1188 3106 ete.;

210 3099 339 3161 mierum
353 3109 397 3164 ost
416 3107 503 3184 cujus
517 3107 670 3186 objectum
686 3116 732 3172 est
744 3111 823 3173 actio
837 3109 971 3176 bominis
986 3125 1019 3179 et
1031 3119 1123 3182 simul
1141 3141 1192 3183 res

208 3193 329 3250 externe
346 3193 442 3271 pretio
456 3197 653 3269 aestimabilis,
668 3218 695 3260 v.
708 3218 738 3280 g.
751 3198 775 3261 si
789 3217 895 3262 voveas
908 3206 1190 3286 peregrinationem

207 3292 278 3336 cum
293 3277 444 3342 oblatione
457 3283 586 3364 alicujus
601 3285 655 3354 rei.
667 3289 709 3364 (S.
727 3288 862 3370 liguor,
874 3289 927 3353 lib.
941 3295 973 3370 3,
991 3303 1024 3356 n⁰
1039 3299 1124 3375 195.)

246 3365 335 3426 5000.
351 3398 391 3411 -
406 3369 454 3428 111.
471 3370 619 3452 0111180110
640 3375 699 3438 voti
715 3377 827 3457 pendet
839 3378 878 3440 ab
890 3379 1058 3447 intentione
1071 3403 1190 3452 voren-

206 3446 260 3520 tis,
276 3449 322 3511 vel
336 3453 353 3512 b
376 3456 517 3531 gravitate
532 3463 684 3542 materiae,
706 3465 793 3528 itaut
813 3471 917 3530 votum
930 3470 1044 3553 obliget
1056 3473 1191 3555 quidem

205 3533 261 3594 sub
275 3539 373 3617 gravi,
389 3541 420 3600 in
434 3546 515 3621 gravi
530 3551 655 3613 prataria
663 3598 673 3628 ,
690 3552 742 3616 sed
757 3555 850 3636 possit
863 3561 936 3620 tune
946 3557 1082 3642 obligare
1098 3581 1189 3631 non·
