2462 3972
163 221 222 288 666
382 235 519 288 uernam
538 235 638 288 romu
658 237 739 288 ronta
760 237 910 290 coroner.
1018 198 1019 202 ¹

164 335 303 401 societati
313 335 388 400 civili
398 333 568 418 proliciunt,
579 335 630 399 scd
640 333 1033 418 quiallcolcsiaeuisbonis‚
1049 337 1139 406 statui

164 423 298 488 saeculari
316 425 348 486 in
371 423 517 505 angustiis
539 424 656 506 posito,
672 441 734 486 uon
754 423 857 486 omisit
876 423 1040 487 liberaliter
1057 427 1140 489 auxi-

164 513 228 577 liari
245 533 252 575 :
268 513 329 576 imd
351 512 517 576 Concilium
541 515 739 576 lateranense
759 515 799 576 lll
819 511 944 574 indulsit
962 512 1063 595 qudd,
1087 516 1139 577 ubi

165 603 308 666 laicorum
324 619 416 683 opes,
432 602 547 682 judicio
567 601 807 684 Episcopum,
821 601 954 683 impares
976 609 1079 665 essert·
1103 605 1141 666 ad

164 691 290 774 publicis
310 691 536 754 necessitatibus
556 689 796 774 prou'dcndum,
812 688 894 771 quod
914 708 1040 754 necesse
1059 701 1142 756 asset
1221 757 1222 772 ,

163 799 198 842 ex
214 779 408 862 proventibus
426 780 569 842 Ecclesiae
588 778 768 842 tribueretur
782 780 895 856 (Canon
910 781 970 858 m).
985 780 1026 840 Et
1039 781 1142 864 reipsa

164 871 194 931 S.
212 869 283 932 Pius
302 872 339 948 V,
360 868 398 933 ad
416 869 623 932 necessitatem
641 869 726 950 regni
748 867 871 944 Gallici,
886 868 993 930 Carolo
1007 871 1048 931 m
1063 888 1143 932 con-

164 958 255 1020 cessit
289 957 419 1021 alienare
451 956 560 1020 londos
591 956 808 1020 ecclesiasticos
841 955 879 1018 ad
907 960 1021 1035 iabou
1048 955 1144 1020 libras

166 1046 299 1110 redditus
322 1047 415 1109 annui
438 1051 646 1127 assurgentem
662 1047 787 1128 Gregor.
803 1047 867 1108 Xlll
891 1045 1042 1108 concessit
1064 1057 1103 1110 ut
1127 1051 1144 1110 a

165 1135 253 1197 bonis
279 1135 485 1199 ecclesiasticis
506 1133 719 1196 distraheretur
746 1133 783 1196 ad
812 1133 943 1197 valorem
971 1137 1144 1208 nemum

165 1223 330 1301 librarum3
350 1247 366 1284 r
389 1223 518 1286 Henrico
541 1223 579 1284 lli
601 1223 701 1286 Sixlus
723 1224 749 1280 V
773 1223 910 1304 permisit
930 1222 1144 1286 venditionem
1222 1243 1223 1280 l

166 1336 180 1370 »
205 1307 653 1374 fundorum'eoelesiestioorum
667 1310 705 1374 ad
719 1317 842 1375 centum
857 1309 940 1374 mille
957 1309 1144 1394 philippaeos

167 1425 181 1459 o
205 1401 339 1462 redditus
359 1402 473 1478 annui,
489 1401 559 1463 licet
577 1400 675 1462 clerus
691 1401 774 1480 jam,
793 1417 830 1463 eo
848 1417 947 1480 anno,
962 1401 1144 1465 contulisset

166 1513 180 1547 n
205 1489 268 1552 auri
283 1489 382 1551 decies
400 1496 528 1551 centena
549 1487 643 1550 millia
661 1496 690 1552 el
707 1489 848 1572 amplius.
864 1488 941 1562 Ouid
960 1487 1102 1552 coelaeire
1115 1501 1143 1553 et

166 1600 179 1636 n
204 1577 394 1640 ecclesiastici
405 1578 443 1639 ad
453 1577 789 1659 utilitatemreipublioae
798 1577 989 1659 praestiterint
998 1577 1142 1654 subsidii,
1223 1627 1224 1670 ,

166 1689 180 1726 n
204 1665 251 1728 bis
264 1667 374 1728 nostris
386 1667 589 1748 temporibus,
601 1684 655 1746 per
668 1665 747 1728 dona
761 1666 905 1747 gratuita,
920 1667 1029 1728 lumin
1042 1667 1144 1730 Gallia
1223 1671 1224 1674 ’

166 1779 180 1814 c
205 1761 234 1818 et
242 1755 468 1838 Hispania,tum
481 1755 512 1816 in
524 1755 678 1816 Austridel
687 1753 780 1832 ltalia,
791 1754 1144 1820 exstantillustriorado

167 1868 181 1902 n
205 1846 444 1926 cumentaqudm
458 1849 493 1905 ut
505 1841 662 1905 adversarii
673 1842 828 1905 lamentari
837 1843 965 1924 possint,
978 1861 1079 1906 onera
1087 1847 1146 1908 rei·

166 1956 180 1990 n
205 1931 333 2014 publicae
347 1933 418 1994 solis
431 1931 607 1994 incumbere
620 1929 713 1994 iaicis.
730 1933 834 2013 Neque
847 1931 969 2014 negabit
981 1933 1141 2014 Pontifex,

166 2019 1143 2102 nprementetteipublicaenecmsitam,eaprmaidiaebonisEccle
1224 2063 1225 2086 r

166 2107 1142 2192 rsiaeinteriorisquaeoontulitegazophylacioEooleeiaeRoma
1224 2119 1225 2128 ²

166 2221 180 2256 n
205 2196 1134 2282 nae.RelertauctorlbeetriEuropoeiadaunuml683,'taug.

166 2309 181 2346 n
204 2289 309 2349 Innoc.
324 2289 375 2363 ΧΙ,
390 2287 564 2367 Imperatori
579 2285 803 2348 submisisseter
815 2295 941 2349 centum
951 2289 1039 2351 mitte
1054 2307 1128 2352 coro

167 2399 181 2437 >r
206 2381 309 2454 natos,
325 2373 425 2437 addita
438 2375 623 2456 amplissrmt
632 2373 770 2437 facultate
784 2393 820 2437 ex
834 2375 907 2456 ipsis
916 2377 1042 2458 templis
1051 2425 1060 2457 ,
1069 2395 1130 2440 rasa

167 2489 181 2524 n
206 2483 288 2528 sacra
312 2469 343 2526 at
359 2463 475 2526 einrelia
490 2463 591 2546 (objeta
605 2461 758 2545 pretioue)
771 2463 809 2526 ad
822 2481 914 2526 usum
934 2464 1009 2526 belii
1022 2467 1135 2530 lurcio

166 2579 181 2614 n
204 2555 236 2616 in
261 2559 396 2616 monetas
416 2550 611 2614 conflandi.»
632 2550 707 2614 Vide
719 2551 806 2614 Gard.
827 2551 926 2633 Soglia
942 2553 1137 2638 (lesatejar.

164 2643 262 2728 publ,
277 2643 329 2704 tib.
345 2646 376 2720 3,
391 2641 409 2722 5
422 2643 470 2715 69,
487 2641 519 2702 rit
532 2641 613 2723 fine).

207 2737 296 2796 5969.
312 2729 536 2794 Observandum
549 2735 594 2792 est
613 2727 696 2812 qudd
709 2729 746 2792 ad
764 2729 819 2792 bas
831 2730 1031 2796 alienationes
1043 2734 1143 2816 legiti-

167 2821 312 2900 mandas‚
339 2822 421 2900 juxta
444 2818 556 2881 Concil.
584 2819 681 2881 Later.
711 2821 762 2898 IV,
790 2837 957 2882 consensus
984 2824 1145 2887 Pontificis

167 2911 353 2974 necessarius
363 2914 422 2985 esl3
434 2915 462 2971 et
469 2909 553 2988 iuxta
567 2907 680 2970 Concil.
690 2909 843 2970 Constant.
855 2927 1040 2974 concurrere
1054 2913 1146 2976 debet

167 3017 332 3062 consensus
347 2997 508 3078 Episcopi,
533 2997 610 3059 Cleri
627 3002 658 3058 et
677 2997 709 3058 S.
731 2996 895 3058 Pontifieis.
916 2999 984 3059 Non
1003 3007 1050 3062 ast
1070 3005 1147 3065 verb

166 3106 221 3150 cur
234 3091 364 3167 potestas
378 3086 636 3168 saecularispigcat
649 3085 821 3165 hujusmodi
836 3103 1021 3150 consensum
1036 3099 1146 3170 postu·

167 3175 229 3237 lare
245 3194 252 3234 :
269 3173 332 3254 ipsa
354 3173 437 3234 enim
451 3176 527 3238 ratio
542 3173 685 3238 naturalis
708 3173 812 3236 suadet
830 3173 943 3236 nemini
958 3175 1004 3238 las
1025 3195 1090 3240 esse
1110 3179 1148 3242 in

166 3280 232 3324 rem
245 3261 374 3322 alienam
388 3262 478 3322 etiam
492 3263 548 3324 sibi
562 3262 694 3326 debitam
707 3269 813 3326 contra
824 3261 939 3324 domini
954 3264 1148 3330 voluntatem

166 3348 232 3422 rel,
251 3364 289 3408 eo
302 3347 492 3423 inconsulto,
508 3350 659 3412 invadere.
675 3351 773 3429 (Gard.
793 3350 919 3431 Sogtia,
940 3351 997 3430 m,
1019 3361 1053 3414 n·
1074 3357 1150 3436 70.)

165 3431 281 3493 -Vide
293 3431 370 3493 inira
382 3433 509 3497 dicenda
521 3441 609 3514 (6999
623 3445 654 3500 et
667 3441 766 3519 6993).

206 3521 294 3580 6963.
310 3520 355 3580 Ne
368 3518 525 3597 objiciatur
537 3531 642 3587 contra
657 3531 791 3590 nostram
803 3527 922 3591 tertiam
939 3531 1150 3598 assertionem

165 3604 247 3680 qudd
261 3622 315 3685 per
328 3604 424 3684 legem
433 3608 677 3691 omortirotiom'a,
685 3618 849 3678 mataanon
864 3615 960 3696 privat
972 3617 1149 3684 Ecclesiam
