2416 3954
346 217 431 264 sinan
452 215 609 264 susumus.
903 201 959 266 tat

23 329 34 364 a
54 311 178 391 strepitus
190 313 400 394 conquiescat;
416 313 498 374 nulla
513 311 586 374 inibi
607 329 696 374 causa
710 329 765 392 pen
779 310 884 387 laicos,
905 315 965 376 cci-

23 417 34 451 υ
54 399 159 462 mmalis
172 402 318 478 maxime,
335 402 462 483 agitetur
477 449 485 478 ,
501 401 559 462 sint
575 400 639 462 loca
658 400 794 463 cedema
817 401 965 466 laicorum

22 505 33 540 o
52 488 259 568 cognitionibus
272 491 381 554 aliena.
397 512 412 549 a
430 492 471 552 lta
491 507 557 572 cap.
574 489 664 552 Decet
677 493 711 565 Ι,
731 488 766 552 de
780 490 966 555 immunitate

22 573 112 642 eccles..
127 575 173 638 lib.
189 582 219 653 3,
230 580 262 640 in
276 583 319 642 6⁰.

51 666 127 726 4830.
150 667 428 750 Prohibentuuergo
440 668 470 729 in
481 665 634 729 ecclesiis:
652 667 921 734 l⁰Universitatum
936 677 966 734 et

17 751 172 816 societatum
186 757 389 838 quarumlibet
401 755 543 836 (intellige
557 755 715 834 laicorum)
729 757 872 836 concilia,
891 778 962 822 con-

21 838 123 920 ciones,
146 845 349 926 parlamenta:
364 865 393 908 v.
414 865 444 928 g.
467 844 629 908 electiones
652 845 829 926 populares,
850 847 905 910 nisi
929 867 965 912 ex

24 933 182 1011 necessitate,
197 954 225 997 v.
243 954 274 1016 g.
289 933 330 996 ub
343 933 487 1016 pluviam,
502 933 702 1011 solisaestum,
714 933 805 996 modd
819 933 966 999 llantsind

22 1022 136 1100 strepltu,
144 1027 173 1084 el
181 1021 257 1085 desit
269 1023 347 1086 elius
360 1022 444 1086 locus
453 1030 629 1098 opportunus
639 1043 647 1100 ;
659 1022 739 1085 idem
749 1023 858 1086 dicitur
867 1025 968 1105 quoad

19 1103 110 1182 judicia
136 1112 288 1174 saecsdaclu
305 1113 347 1190 (S.
364 1112 504 1191 Lignum,
524 1110 575 1172 lib.
591 1113 627 1189 3,
646 1121 680 1173 n·
701 1113 760 1190 37).
771 1111 850 1175 -si
866 1119 967 1176 autem

21 1199 158 1262 necessitas
171 1208 289 1282 urgeat,
304 1201 342 1263 ad
369 1201 552 1283 Episcopum
574 1205 620 1262 est
639 1201 870 1264 recurrendum.
892 1202 966 1264 Ludi

20 1288 76 1346 seul
84 1287 235 1352 theatrales
249 1289 379 1371 pantani,
398 1289 488 1352 eliam
512 1295 656 1370 pretextu
675 1290 914 1368 consuetudinis,
937 1291 968 1352 ln

19 1375 132 1438 ecclesiis
145 1385 282 1441 vetantur
294 1378 332 1440 ab
353 1381 508 1441 lnnocent.
526 1380 580 1456 ΙΙΙ,
597 1378 627 1440 in
641 1397 707 1460 cap.
728 1379 801 1443 Clcm
815 1379 967 1460 decarne,

19 1460 110 1526 deuitd
131 1477 159 1528 et
174 1467 299 1542 honest„
331 1467 544 1540 eto-Quoad
568 1474 667 1530 autem
690 1469 755 1550 pias
777 1475 970 1549 represente-

19 1551 113 1631 tinnes,
128 1555 217 1619 licitae
236 1556 300 1618 deci
324 1562 450 1638 possunt
471 1575 541 1619 cum
567 1557 706 1638 Episcopi
718 1557 836 1620 licentit
849 1558 969 1621 2-vide

19 1637 130 1706 lassaris
150 1649 193 1724 (ΙΩ
213 1645 348 1720 ecclesia,
378 1654 433 1708 act.
460 1651 495 1725 5,
512 1644 553 1707 n¹·
576 1650 612 1707 51
631 1653 661 1708 et
683 1649 748 1723 52);
777 1645 970 1710 Reiffenstuel

18 1727 68 1802 llio.
80 1737 107 1808 3,
122 1736 165 1797 tit.
181 1740 233 1810 Ι9,
250 1747 284 1795 n⁰
299 1735 357 1813 lu).
373 1734 456 1797 Idem
471 1741 515 1798 est
528 1734 690 1796 dicendum
704 1734 742 1796 de
764 1734 971 1816 disputationi·

18 1815 217 1886 lustittereriis
233 1823 382 1905 publicis,
404 1823 474 1904 quia
489 1822 611 1885 scientia
625 1829 670 1884 est
692 1841 741 1884 ces
754 1831 856 1886 sancta
876 1830 907 1886 et
920 1825 971 1888 do

18 1923 78 1968 num
86 1912 146 1990 Dei,
158 1912 261 1995 pietati
268 1929 303 1973 ac
312 1909 448 1993 religioni
460 1911 624 1974 inserviens
636 1930 643 1971 :
655 1910 760 1972 eadem
778 1913 971 1978 cationellcet

16 1998 135 2063 conterre
153 2003 185 2064 in
215 1999 341 2064 ecclesie
355 1999 465 2083 gradus
488 1999 675 2064 academicos
702 1998 879 2080 (Reiffenst,
900 2001 969 2084 ib.):

16 2079 67 2148 hec
80 2091 168 2152 etlam
189 2091 295 2152 Romae
308 2088 404 2167 liunt,
428 2089 479 2151 ubi
493 2089 602 2170 pariter
624 2090 720 2152 solent
745 2089 875 2153 alumnis
897 2111 972 2175 psae-

16 2173 64 2236 nia
84 2179 258 2242 solemniter
277 2177 431 2255 distribui,
459 2183 526 2260 post
547 2177 710 2242 decursum
731 2180 971 2264 uniuscnjusque

16 2265 73 2326 anni
87 2269 257 2332 studiorum
269 2267 464 2330 curriculum.

46 2359 128 2420 4831.
144 2393 187 2406 -
206 2361 239 2420 2⁰
259 2355 497 2439 Negotiationes,
518 2375 628 2440 nempe
646 2357 833 2421 venditiones
852 2359 970 2421 autulii

15 2453 171 2510 contractus
185 2447 238 2528 qui
253 2453 403 2509 mercatus
416 2453 445 2508 et
467 2449 631 2528 pcaesertim
652 2447 804 2510 nundinas
831 2446 970 2527 sapiunt:

15 2537 220 2599 cousuetudine
236 2544 336 2600 autem
356 2535 561 2598 introductum
577 2542 636 2611 est,
659 2541 690 2597 et
716 2535 829 2596 licitum
857 2533 973 2595 videtur

15 2624 129 2688 sundere
144 2626 184 2689 ad
200 2633 300 2708 portas
314 2624 507 2688 ecclesiarum
522 2643 570 2686 res
583 2625 664 2706 pins,
679 2629 712 2685 ut
729 2639 857 2685 coronas
870 2621 974 2702 depre-

15 2715 143 2794 catorias,
159 2713 352 2790 numismata,
368 2713 432 2796 pias
446 2713 604 2796 imagines,
623 2712 714 2774 libros
727 2710 889 2786 asceticos,
913 2717 971 2774 etc.

15 2799 198 2868 lucranmen
222 2803 379 2868 ecclesium
405 2801 542 2866 illicitum
564 2807 644 2864 esset
662 2797 835 2880 huiusmodi
856 2815 973 2862 mercu-

16 2893 100 2954 tucam
115 2911 268 2957 exercere.

45 2979 802 3055 a832.-3⁰Judiciasaecutarta,maximoineausis
814 2977 974 3043 criminali·

15 3065 974 3154 busetsanguinis.-Secusdejudiciisecclesiasticisquehaberi

15 3168 132 3237 possunt
146 3163 179 3223 in
201 3162 274 3225 locis
288 3163 398 3240 saccis,
423 3169 452 3223 et
465 3179 545 3242 saepe
559 3161 590 3222 in
613 3157 754 3222 conciliis
768 3158 868 3221 habita
891 3166 971 3221 sunt.

15 3249 151 3320 -Ouond
164 3251 235 3314 vead
255 3251 367 3331 judicia
389 3249 554 3328 saeculeria,
570 3253 603 3311 ut
615 3248 709 3324 nullu,
722 3250 791 3328 J'uce
816 3249 973 3326 canonico,

15 3333 237 3416 labeuidebent,
252 3339 358 3402 sitiant
371 3340 402 3400 in
416 3339 552 3418 ecclesii,
565 3337 738 3418 justacitat.
754 3335 842 3418 capit.
862 3337 973 3414 Decet,

15 3423 196 3504 §Ordinacii
207 3475 214 3504 ,
231 3427 282 3491 ubi
297 3427 426 3492 dicitur:
441 3450 457 3487 c
470 3427 612 3492 tadicum
624 3425 812 3488 secularium
825 3426 975 3506 anspecia-

15 3531 24 3573 s
46 3515 112 3578 liter
127 3519 250 3600 prolate
264 3517 420 3582 sententie
433 3516 466 3579 in
478 3516 593 3580 eisdem
604 3514 678 3580 locis
690 3515 774 3578 omni
788 3519 910 3578 careant
925 3531 973 3574 co·

15 3619 25 3666 i
45 3604 120 3670 bore
135 3605 293 3670 firmitatis.
308 3627 324 3668 a
