2434 3940
400 73 512 104 ..Ἣ

381 149 467 196 urana
487 149 642 198 aromaca.
945 135 1002 200 litt

68 247 89 304 in
100 259 198 306 carone
207 244 305 308 unna
316 247 467 329 uteturque
478 248 573 319 reum,
590 249 807 312 commutando
820 255 922 314 tamen
937 269 1001 333 per·

67 343 162 414 prtuuru
187 337 453 418 peregrinationem
480 339 510 400 in
539 345 714 421 perpetuam
742 340 948 422 poenitentiam
972 341 1001 402 in

66 433 128 484 arcto
148 425 320 487 nroaaslerio
343 427 569 512 peragendam:
590 449 605 486 e
623 429 730 490 Caveat
752 437 853 491 autem
876 429 1002 492 omnind

65 522 213 577 aucarum
243 532 279 576 ne
307 515 398 576 verbo
425 525 476 578 aut
502 515 590 596 signo
618 523 670 578 aut
694 517 752 579 alio
783 519 1002 599 quovismodo

65 623 76 662 r
93 603 261 684 aliquatenus
274 603 381 686 prodat
394 611 602 688 peccatorem3
619 605 671 668 sed
690 607 714 667 si
731 607 914 688 prudentiori
929 627 1001 670 con-

34 744 36 747 ,
64 692 147 753 asilio
164 693 337 774 indiguerit,
358 694 430 757 illud
452 695 565 776 absque
585 695 647 757 ulla
661 696 854 778 expressione
867 715 1003 777 personae

63 783 163 844 iuuit
176 783 323 864 requirat:
339 783 485 856 uuaniam
504 785 555 866 qui
578 791 737 866 peecatum
759 784 790 847 in
810 785 1004 866 poenitentiali

64 891 75 926 r
90 869 184 947 judicio
192 871 403 935 sibidetectum
414 875 638 956 praesumpserit
647 874 788 951 revelare,
799 891 862 936 non
875 873 974 934 solium
988 877 1005 934 a

64 981 74 1016 r
91 961 244 1024 sacerdotali
279 961 379 1026 otlicio
409 963 625 1044 deponendum
640 1039 645 1050 ι
658 963 872 1040 decernimus,
901 965 1004 1025 verbm

63 1069 74 1104 l
91 1050 176 1130 eliam,
190 1051 227 1114 ad
240 1052 391 1134 agendam
409 1059 586 1134 perpetuam
600 1053 824 1136 poeuitantiam,
840 1051 871 1114 iu
889 1060 1005 1116 arctum

63 1158 73 1195 l
91 1142 290 1204 monasterium
306 1141 540 1204 detrudendum.
556 1165 571 1201 a
596 1210 601 1215 ,

91 1231 165 1292 taut.
187 1231 271 1294 Circa
291 1231 372 1293 hanc
396 1231 609 1312 obligationem
632 1233 788 1315 sequeutia
811 1238 882 1296 sunt
907 1231 1006 1296 obser·

63 1318 157 1382 tanda:

92 1413 115 1466 l⁰
128 1411 156 1471 ln
174 1411 257 1474 omni
281 1429 356 1474 casu
372 1408 486 1491 obligat
498 1410 652 1492 Sigillum,
672 1417 701 1474 et
715 1413 851 1494 quamvis
868 1417 1007 1493 ageretur

62 1493 88 1554 de
99 1499 225 1564 salvanda
234 1500 410 1582 ltepubliot,
422 1499 545 1570 tacenda
555 1507 654 1562 essent
668 1500 747 1562 diota
760 1501 791 1561 in
806 1501 1005 1578 consessione,

62 1587 130 1649 etiam
149 1599 357 1672 postmortem
376 1589 546 1670 paenitentis
566 1609 572 1648 :
589 1589 700 1670 quippe
715 1589 851 1651 revelatio
871 1589 1007 1653 redderet

62 1677 263 1743 Sacramentum
283 1695 449 1741 onerosum
466 1679 511 1741 vel
530 1678 680 1740 odiosum.
703 1680 734 1741 S.
750 1679 886 1760 Liguor.,
906 1679 957 1740 tib.
976 1683 1007 1757 c,

64 1779 86 1822 ¹1⁰
96 1772 155 1832 titt.

90 1859 165 1921 3335.
175 1895 214 1908 -
227 1866 259 1924 2⁰
274 1858 437 1942 Triplicem
452 1857 597 1920 malitiam
611 1857 744 1920 continet
758 1856 876 1918 violatio
892 1856 1005 1938 Sigilli,

63 1962 149 2030 nimpe
173 1949 345 2030 sacrilegii,
365 1955 469 2010 contra
491 1954 737 2024 sacramentum,
761 1946 858 2027 gravis
881 1945 1008 2009 infideli·

64 2037 121 2114 utis,
135 2040 317 2119 promissum
333 2056 393 2098 non
404 2037 549 2100 servando
564 2046 731 2114 secretum;
753 2042 783 2098 et
799 2035 1007 2115 detractionis,

65 2123 80 2182 si
91 2137 231 2205 uocatum
244 2127 353 2190 nonsit
364 2126 529 2208 publicum.
545 2127 589 2188 lta
603 2123 803 2188 communiter
817 2127 858 2202 (S.
874 2125 1008 2208 Liguor.,

65 2207 100 2274 tt.
112 2221 138 2294 c,
153 2231 185 2280 n⁰
198 2217 398 2298 litut-Nou
412 2215 500 2277 datur
514 2213 641 2297 parvitas
656 2213 786 2278 materiae
801 2213 832 2277 in
852 2214 1010 2278 violatione

63 2301 146 2383 tigilli,
159 2309 264 2370 saltem
280 2303 402 2388 quando
417 2303 593 2381 estdireota;
604 2300 667 2366 dari
677 2303 843 2387 verdposse
854 2305 885 2366 in
896 2306 1009 2368 revela·

62 2389 123 2456 tione
134 2395 279 2460 indirecte
316 2401 399 2476 putat
414 2395 446 2456 P.
468 2395 549 2474 dury
564 2393 647 2468 (tom.
670 2397 709 2471 2,
725 2397 759 2455 n⁰
777 2395 851 2473 tat)
865 2442 873 2461 ,
889 2395 1011 2476 quando

63 2497 150 2567 urrupe
164 2501 273 2569 parurn
285 2481 438 2566 probabile
452 2491 497 2545 est
510 2481 677 2566 periculum
692 2483 890 2546 revetationis.

91 2575 169 2638 3836.
181 2609 218 2624 --
234 2573 268 2638 3θ
282 2567 432 2654 Quidquid
445 2571 515 2634 alibi
529 2571 635 2634 dixerit
649 2574 680 2634 S.
697 2571 833 2651 Liguor.,
847 2587 880 2631 re
893 2583 1011 2634 accura-

62 2657 106 2722 tiis
119 2667 261 2748 perpenset
280 2661 346 2744 (lib.
359 2663 389 2736 6,
402 2673 434 2723 n·
446 2659 526 2739 (333),
542 2667 627 2744 putat
636 2657 762 2722 omniuo
772 2673 837 2720 esso
851 2657 1012 2720 dicendum

61 2751 127 2828 prud
141 2769 229 2818 nemo
247 2753 342 2836 possit
356 2747 399 2813 uti
414 2750 538 2814 scientit
559 2749 658 2812 habitu
677 2761 713 2810 ex
731 2739 939 2824 consessione,
956 2747 1011 2807 nisi

62 2853 158 2904 rituum
171 2847 210 2906 sit
222 2842 377 2905 moraliter
397 2841 479 2922 qudd
492 2861 527 2903 ex
542 2841 591 2902 tali
608 2857 665 2901 usu
680 2836 762 2900 nulla
782 2833 880 2898 evenit
896 2831 1013 2897 conses-

62 2929 137 2994 sionis
150 2931 309 3009 rerelatio,
324 2935 355 2994 et
367 2929 484 2992 nullutn
498 2927 654 3012 poenitenti
669 2939 828 3008 gravamen
845 2945 852 2984 :
868 2923 1014 3008 quianon

63 3025 95 3078 ut
109 3021 216 3085 licitum
227 3021 270 3086 uti
285 3019 428 3101 opinione
441 3017 585 3100 probabili
595 3019 626 3080 in
637 3015 844 3101 prejudicium
854 3011 931 3096 turis
943 3013 1014 3079 certi

64 3109 129 3186 quod
142 3111 214 3174 ulter
228 3107 371 3194 possidet.
388 3105 464 3186 (Lib.
480 3109 511 3184 6,
527 3113 560 3170 u⁰
574 3111 658 3187 633.)

93 3201 215 3264 3831.-
226 3205 260 3264 4⁰
274 3201 342 3264 llou
358 3195 509 3260 inducitur
523 3195 664 3279 obligatio
678 3193 773 3279 sigilli
784 3211 839 3280 per
852 3193 1015 3260 contessio-

65 3301 121 3350 urm
134 3289 252 3370 liciam,
268 3305 296 3353 r.
318 3305 364 3371 g,
383 3285 618 3367 adimendum,
641 3285 679 3350 ad
702 3285 909 3364 illudendum,
929 3281 966 3348 ad
985 3305 1017 3351 sa

63 3379 379 3462 conquaererentur
398 3377 582 3442 sacerdotem
601 3377 850 3461 pervertendum,
869 3377 924 3440 etti
944 3379 1017 3442 tunc

64 3467 211 3546 prudenter
225 3472 263 3534 sit
276 3464 456 3546 tacendum;
473 3469 545 3531 item
565 3485 626 3530 non
641 3463 793 3531 inducitur
806 3485 860 3548 per
880 3463 1019 3529 menites-

64 3553 192 3624 btlottetu
214 3561 271 3626 sub
293 3557 392 3641 sigillo
416 3563 499 3622 extra
516 3553 737 3622 contessionem
758 3577 766 3617 ε
789 3555 859 3636 quia
880 3559 954 3614 tunc
975 3559 1017 3610 eat
