2416 3954
1066 1 1182 187 'l

190 255 249 324 34444
398 275 534 324 uluuana
553 277 655 324 romus
676 276 759 323 auare
779 273 927 322 cluourcr.
1177 326 1183 399 ¹

190 399 205 435 r
230 375 328 454 inquil
341 374 490 451 Ferraris‚
510 373 710 436 hahetclaves
731 371 863 434 thesauri
885 369 1045 437 Ecclesiae:
1064 388 1128 438 ocur
1179 406 1183 439 ι

187 485 206 524 a
232 463 343 526 munis.
359 485 375 524 n
392 464 442 542 (V⁰
461 461 666 544 Indulpentt'o,
682 467 739 523 art.
755 465 788 535 E,
806 473 838 521 n⁰
852 463 917 538 31.)
1178 442 1184 543 Ι

230 557 321 614 4545.
343 587 381 597 -
403 555 434 614 2⁰
456 551 625 615 Concilium
644 549 880 628 oecumenicum,
902 548 993 612 eliam
1016 567 1067 632 pro
1081 561 1131 612 urt-
1179 546 1185 600 Ι

190 655 278 704 verso
291 639 418 706 mundo.

229 733 321 794 4546.
333 733 412 792 -3·
426 730 539 794 Omnes
551 731 642 793 etiam
661 729 770 812 quibus
789 730 819 791 S.
843 728 981 791 Pontifex
994 728 1134 790 autCorci·

187 819 267 882 ‘tium
285 819 507 882 oecumenicum
527 818 606 882 hauc
626 817 851 882 communicant
874 823 1049 899 potestatem
1065 817 1134 880 :cira

190 908 274 970 enim
288 917 372 971 actus
391 906 577 972 concedendi
600 906 801 987 indulgentias
824 924 885 968 nou
906 905 946 968 sil
966 905 1088 982 ordinis,
1100 903 1136 965 sal

189 996 425 1076 jurisdictionis,
449 995 600 1079 siquidem
623 1015 677 1079 per
700 1013 771 1058 eum
797 1013 860 1058 uon
882 993 1049 1058 infunditur
1068 994 1137 1075 gralia

191 1093 282 1166 prout
301 1085 334 1147 dt
351 1087 381 1147 in
402 1087 615 1162 sacramentis,
640 1083 695 1148 sed
714 1085 813 1147 sollrm
827 1083 998 1146 dissolvitur
1011 1082 1137 1145 vinculum
1182 1066 1188 1189 Ι

191 1193 290 1256 poenae
302 1174 492 1256 temporalis,
507 1193 562 1256 per
575 1173 829 1256 dispensationem
843 1171 974 1235 thesauri
990 1171 1136 1235 satisfactio·
1182 1192 1189 1234 a

193 1281 267 1325 num
281 1263 386 1326 Christi
402 1271 433 1326 et
450 1266 648 1340 Sanctorum,
670 1262 837 1326 oblatarum
857 1264 920 1324 Deo
942 1262 972 1322 in
987 1276 1137 1342 compensa·

192 1351 305 1413 tionem
333 1353 450 1432 iujuriae
478 1355 533 1435 ipsi
561 1371 615 1434 per
641 1359 799 1433 peccatum
820 1349 925 1426 illatae,
949 1349 1036 1413 illum
1061 1357 1138 1410 adun

192 1457 332 1504 exercere
343 1449 467 1524 possunt
478 1441 704 1523 ncnsolhmqui
714 1439 879 1502 adordines
888 1439 1140 1518 hierarchicospro
1183 1479 1189 1521 ,

193 1530 267 1590 moti
281 1539 362 1610 sunt,
377 1531 428 1593 sed
442 1539 472 1593 cl
485 1549 591 1594 omnes
601 1531 652 1612 qui
661 1529 698 1592 ad
708 1527 1023 1592 huncexercendumi
1034 1525 1141 1608 legitimo

193 1619 354 1701 Superiora
368 1620 566 1700 deputantur,
579 1621 664 1700 juxta
682 1619 880 1701 quantitatem
895 1625 998 1679 lamen
1013 1623 1044 1679 et
1055 1615 1141 1678 limitet
1183 1616 1189 1707 j

192 1707 232 1770 ab
246 1709 311 1789 ipso
325 1709 555 1786 determinatos,
571 1708 674 1771 unde:

231 1803 323 1862 4547.
341 1831 377 1845 -
391 1803 424 1859 4ο
439 1798 600 1881 Episcopi,
619 1797 688 1860 licet
711 1795 849 1860 nondum
868 1795 1051 1874 consecrati,
1070 1791 1142 1856 modi
1184 1798 1190 1859 ζ

193 1883 1142 1968 sintcanoniceinstitutietpossessionemsuae‹lioeccsisassump-
1185 1881 1192 1958 ,l

193 1975 299 2050 serint,
311 1983 436 2056 possunt
449 1975 649 2055 indulgentias
659 1973 824 2037 concedere
838 1991 891 2055 per
900 1992 932 2036 se
941 1973 1142 2054 autdelegatos,

193 2080 232 2125 ex
243 2063 625 2141 jureccclcsiasticoetnou
635 2063 749 2140 divino,
763 2071 797 2126 ut
805 2063 846 2125 ait
854 2061 1057 2140 Ferrarislib,
1067 2069 1114 2124 art.
1122 2063 1142 2130 l,

193 2159 227 2214 n⁰
242 2153 286 2230 5),
301 2159 331 2212 et
346 2151 468 2212 Billuart
481 2153 547 2227 (art.
562 2153 607 2228 3);
623 2151 725 2233 plures
738 2159 840 2214 tamen
853 2152 1081 2214 contradicunt:
1094 2147 1145 2208 vide
1188 2193 1189 2196 ,

193 2239 304 2316 Callet,
319 2257 385 2320 cap.
395 2243 426 2318 3,
443 2239 475 2301 u·
485 2243 535 2302 69.
551 2239 610 2302 Sed
621 2241 706 2319 juxta
719 2241 908 2322 disciplinam
922 2237 1106 2310 hodiernam,
1118 2235 1146 2297 ab

192 2329 382 2390 oecumenico
391 2328 502 2390 Concil.
513 2330 648 2392 lateran.
660 2331 698 2390 lV
708 2337 861 2406 statutam,
873 2347 955 2391 anno
968 2333 1057 2406 1215,
1068 2339 1147 2392 unun

192 2415 1147 2492 teuthmannum,dieDedicationisautConsecratiouisecclesia,

194 2504 1150 2590 etcaeteristemposibusquadragintaduntaxatdiesindulgentia

193 2613 263 2659 rum
286 2597 452 2660 concedere
479 2597 577 2660 valent
594 2597 733 2680 Episcopi
757 2599 839 2679 (cap.
865 2595 939 2660 cam
960 2615 1000 2659 ea·
1016 2617 1048 2660 eo
1063 2589 1151 2661 ll,de

189 2685 296 2769 ponit.
312 2695 341 2749 et
354 2687 512 2766 rcma'ss.)¹:
528 2693 558 2748 ct
569 2685 626 2747 hoc
640 2686 764 2766 quidem
778 2685 970 2749 solummodo
983 2705 1055 2767 erga
1067 2679 1152 2747 srrhdi·

193 2780 257 2854 tos,
269 2777 311 2839 uti
326 2787 371 2839 est
382 2776 483 2839 videre
496 2795 562 2857 cap.
577 2777 598 2836 4
613 2773 967 2856 concameratam
981 2768 1153 2838 titulillnda

194 2860 248 2925 has
263 2864 463 2946 indulgentias
476 2862 642 2927 concedere
656 2871 813 2945 nequeunt
825 2863 965 2946 Episcopi
987 2865 1019 2924 in
1031 2859 1153 2947 partitus

196 2951 379 3034 infidelium,
395 2959 447 3016 ant
460 2952 651 3018 solummodo
663 2952 797 3016 titulares
818 2961 869 3016 aul
882 2951 1112 3026 demissionarii,
1125 2951 1153 3008 etl

194 3039 276 3120 quod
308 3039 407 3103 nullos
433 3041 545 3104 habent
574 3042 709 3106 subditos
742 3042 879 3125 proprios
906 3039 996 3122 (Vide
1027 3039 1153 3105 curcua

193 3127 321 3206 dcloirc',
337 3146 368 3210 p.
383 3133 442 3207 38,
458 3135 489 3191 4·
510 3131 606 3210 edit).
621 3166 661 3178 -
675 3133 705 3194 Si
719 3137 821 3194 tamen
841 3131 1008 3214 Episcopus
1030 3127 1154 3214 proprios

194 3213 308 3279 habens
318 3217 463 3296 subditos,
478 3219 695 3301 indulgentiam
709 3220 854 3285 concedat
864 3221 952 3284 alicui
967 3221 1050 3299 loco,
1066 3213 1153 3286 altari,

194 3310 264 3380 ele,
281 3305 452 3386 hujusmodi
470 3307 657 3392 indulgentia
678 3311 793 3394 acquiri
816 3315 914 3393 potest
926 3309 1018 3373 etiam
1036 3309 1075 3373 ab
1092 3305 1153 3370 alie·

194 3393 312 3476 nigenis
331 3395 447 3474 locum,
465 3396 579 3478 altare,
599 3405 671 3478 etc,
690 3400 889 3464 visitantibus.
904 3433 945 3448 —
957 3399 1097 3464 Clemens
1109 3409 1154 3456 au·

226 3541 235 3568 ⁰
251 3537 354 3596 illudam
366 3535 431 3603 apud
450 3535 540 3598 Collet,
553 3552 607 3603 cap.
620 3538 644 3599 a,
657 3541 684 3588 nl
699 3539 744 3598 82,
757 3539 843 3592 volunt
855 3537 985 3606 ampliores
998 3531 1154 3604 indulgentia

193 3607 380 3746 ppplpppppppr
392 3607 423 3658 alt
444 3607 571 3674 Episcopia
588 3608 615 3659 in
627 3609 680 3661 loro
693 3609 859 3672 Poenitantie,
876 3611 920 3662 aad
936 3609 985 3662 hoc
1000 3623 1050 3662 non
1067 3605 1155 3658 videtu
