2416 3954
218 209 276 272 sat
455 217 595 274 atsutia
612 229 712 275 rorms
732 229 814 274 urinis
834 226 982 276 otacrum.

164 364 166 370 ,
218 323 361 386 factiones
374 339 481 386 eorum
495 323 546 403 qui
562 328 631 386 actu
645 324 681 386 iis
696 343 757 385 non
771 323 924 405 indigent,
938 323 1011 387 item
1027 324 1052 387 si
1065 323 1104 387 illi
1113 325 1167 406 qni·

219 411 276 474 hus
289 411 478 493 applicantur
487 429 564 493 opus
578 412 682 476 iisnon
696 411 836 487 habeant,
852 413 937 476 autsi
947 432 1051 476 earum
1061 431 1116 476 non
1125 415 1170 474 sint

218 517 358 580 capaocs;
375 499 481 561 rationi
504 500 587 561 enim
609 519 716 582 parum
737 519 905 582 congruere
930 502 1081 566 videretur
1105 501 1170 584 quid

219 584 391 663 hujusmodi
406 587 620 656 satisfactiones
634 597 824 652 remanerent
837 589 969 654 inutiles.

259 693 322 753 Nec
338 691 463 772 objicias
476 693 613 754 inutilem
633 710 698 755 osse
713 692 794 756 illam
813 693 1062 758 commixtionem
1079 704 1173 760 nodia

222 797 291 842 rum
306 780 541 843 satisfactionum
556 799 627 844 cum
641 781 747 844 Christi
765 781 1028 862 satisfactionibus,
1042 787 1112 848 chm
1125 788 1172 848 ista

222 868 283 930 sint
292 868 584 949 superabundantes;
601 869 662 932 imo
675 869 780 934 Christi
795 871 909 934 meritis
920 889 987 936 esse
1000 873 1171 954 injuriosam.

223 958 293 1019 clim
328 957 371 1018 sic
401 957 556 1020 videantur
588 955 797 1022 insufficientia
832 965 942 1023 nostrae
978 962 1172 1046 redemptioni.

221 1048 336 1106 —Nam
351 1045 406 1108 elsi
415 1045 522 1108 Christi
532 1046 745 1110 satisfactiones
754 1049 815 1110 sint
827 1051 914 1130 pretii
925 1049 1048 1126 infiniti,
1059 1053 1174 1115 Christus

221 1140 322 1195 lanian
336 1133 428 1196 uoluit
440 1135 504 1196 illas
517 1136 753 1218 esseunicuiquc
764 1137 957 1218 applicandas
969 1139 1063 1203 modo
1075 1145 1173 1203 tanlhn

223 1219 327 1297 finit0;
343 1222 469 1302 proinde
484 1223 556 1304 ipsis
573 1223 695 1305 adjungi
717 1232 861 1306 possunt,
877 1227 901 1288 si
917 1227 956 1289 ita
974 1229 1038 1292 Deo
1059 1231 1173 1312 placeat,

222 1309 437 1374 satisfactiones
444 1313 610 1392 justorum;
629 1320 657 1375 et
667 1317 697 1375 in
712 1313 769 1376 hoc
783 1315 864 1378 nulla
878 1314 911 1376 lit
927 1315 1043 1381 Christo
1062 1319 1173 1398 injuria:

223 1397 284 1459 into
294 1398 351 1460 hoc
365 1401 420 1482 ipsi
435 1408 479 1462 est
492 1400 704 1478 honorificum,
720 1405 790 1464 ciam
804 1423 896 1485 opera
913 1407 1093 1470 Sanctorum
1112 1407 1175 1469 hanc

223 1485 384 1550 efficaciam
395 1487 533 1551 hauriant
545 1507 582 1552 ex
596 1489 701 1552 Christi
717 1492 830 1554 meritis
838 1513 847 1569 ;
863 1500 892 1554 et
908 1494 951 1556 sic
964 1495 1090 1559 istorum
1103 1499 1176 1559 riatu-

224 1579 285 1636 tcm
298 1579 329 1638 et
342 1578 546 1639 excellentiam
561 1579 786 1642 commendant.

263 1680 352 1740 4534.
369 1678 497 1743 Ubinam
515 1685 616 1742 autem
632 1682 738 1744 existat
751 1683 799 1746 ille
816 1683 1045 1749 thesaurus‘l-
1059 1691 1121 1752 Non
1133 1709 1177 1770 po

225 1769 281 1829 lest
293 1767 418 1830 existere
433 1769 464 1828 in
477 1767 544 1832 loco
564 1768 777 1848 determinato,
793 1773 864 1834 cium
885 1792 932 1837 res
952 1777 991 1839 sit
1010 1777 1176 1860 spiritualis.

225 1853 276 1914 sed
290 1857 490 1918 communiter
504 1865 640 1920 auctores
657 1859 767 1921 docent
787 1861 871 1924 illurn
886 1881 952 1926 esse
970 1864 1003 1928 in
1017 1875 1116 1930 mente
1135 1868 1179 1928 liei

225 1943 276 2022 qui
304 1945 478 2006 recordatur
504 1947 736 2010 satisfactionum
761 1949 867 2013 Christi
891 1959 922 2014 ct
943 1955 1137 2026 Sanctorum,
1155 1965 1179 2017 at

225 2030 383 2092 efficaciter
392 2041 527 2094 movetur
537 2034 574 2095 ad
584 2035 817 2100 misericordiam
828 2041 1028 2120 praestandam
1037 2045 1073 2106 iis
1083 2045 1178 2126 quihus

225 2117 413 2198 applicantur
426 2119 463 2180 ab
477 2122 620 2185 Ecclesia.
637 2124 749 2198 (Theoi.
764 2128 877 2206 Tolos.)

265 2221 356 2281 toas.
380 2221 501 2292 Quaerit.
518 2225 548 2284 1⁰
565 2228 610 2286 lln
624 2225 756 2291 Christus
773 2233 842 2294 verb
855 2232 997 2298 Ecclesiae
1010 2235 1123 2303 dederit
1134 2259 1178 2324 po

225 2309 362 2370 testatem
376 2307 576 2391 indulgentias
591 2317 799 2380 concedendi?

265 2413 356 2496 Rcsp.
381 2415 576 2498 Affirmativh,
591 2426 621 2482 et
635 2423 796 2505 propositio
812 2431 858 2490 est
874 2428 997 2511 deiide,
1016 2441 1052 2498 ut
1064 2441 1139 2518 patet
1151 2455 1179 2498 aa

227 2503 340 2566 Concil.
356 2505 490 2569 Trident.
507 2508 590 2586 (sess.
606 2514 665 2590 25,
680 2513 709 2574 in
725 2513 846 2576 Ilecreto
859 2516 894 2579 de
907 2517 1128 2604 Indolqeatr'isl,
1140 2528 1179 2589 ubi

226 2591 336 2655 dicitur
352 2613 359 2656 :
379 2617 394 2653 n
409 2597 603 2661 Sacrosancta
617 2600 792 2680 Synodus...
809 2622 897 2668 eos...
913 2611 1103 2676 anathemate
1111 2615 1180 2676 dam

227 2703 242 2740 u
267 2689 319 2745 nat
332 2684 383 2764 qui
399 2685 620 2766 (indulgentias)
634 2696 685 2751 aut
698 2690 818 2753 inutiles
832 2709 897 2758 esse
915 2709 1068 2774 asserunt,
1085 2703 1127 2766 acl
1141 2721 1181 2765 aas

227 2792 242 2829 a
267 2773 451 2836 concedendi
464 2773 495 2836 in
509 2777 641 2842 Ecclesia
662 2785 835 2859 potestatem
859 2803 924 2846 esse
939 2797 1062 2869 negant.
1086 2795 1180 2854 alluo

182 2925 183 2928 Ἴ
228 2861 334 2920 veritas
349 2860 489 2924 fundatur
503 2865 600 2926 verbis
613 2866 718 2928 Christi
734 2887 741 2927 :
758 2870 851 2932 «Tibi
874 2871 952 2938 dabo
966 2879 1065 2942 claves
1082 2903 1112 2958 a,
1132 2887 1177 2943 elo.

228 2947 269 3022 (S.
290 2949 407 3026 lllatth.,
421 2968 449 3012 c.
471 2955 526 3028 lo,
544 2973 572 3014 v.
596 2957 662 3033 l9);
683 2963 711 3016 el
734 2957 764 3018 S.
780 2959 867 3021 toan.
885 2979 912 3024 c.
928 2967 963 3026 al
976 3013 985 3046 ,
1000 2985 1029 3029 v.
1048 2973 1097 3031 l'l.
1119 2969 1178 3030 l'ide

228 3034 317 3095 etiam
332 3039 350 3096 2
364 3039 446 3115 Cor„
463 3057 489 3101 c.
506 3043 543 3118 Ξ,
559 3060 586 3104 v.
603 3047 620 3103 'l
636 3049 666 3105 et
679 3047 708 3106 8.

268 3141 358 3200 4536.
381 3141 466 3202 Hanc
486 3149 661 3222 potestatem
684 3147 816 3212 Ecclesia
829 3157 962 3218 exercuit
974 3158 1066 3224 ctiam
1088 3163 1118 3226 in
1131 3163 1178 3227 suis

230 3225 417 3306 primordiis,
433 3229 503 3290 ciam
525 3233 702 3311 poenitentes
715 3237 753 3298 ah
767 3237 831 3319 ipsa
844 3242 1020 3310 obtinebant
1036 3253 1179 3316 relaxatio

227 3328 299 3375 nem
320 3333 417 3394 poenaa
435 3317 507 3398 ipsis
521 3319 684 3400 impositae,
699 3325 804 3390 virtute
818 3328 982 3396 litterarum
996 3343 1180 3405 commenda·

227 3402 362 3464 tiliarum
375 3423 450 3484 quas
463 3406 665 3472 obtinebanta
680 3415 857 3496 Martyribus
872 3421 901 3482 in
915 3440 1035 3489 carcere
1048 3429 1180 3503 detentis,

227 3495 258 3549 et
280 3489 389 3569 quibus
412 3493 467 3571 ipsi
492 3503 636 3574 martyres
651 3518 719 3562 snas
743 3506 883 3582 petebant
904 3514 1046 3593 applicari
1066 3521 1180 3582 satisfac-

229 3575 325 3638 tiones
346 3577 383 3638 ad
403 3577 489 3640 dictae
510 3599 607 3687 poenaa
624 3587 855 3674 relaxationem,
879 3609 967 3678 prout
983 3605 1131 3708 colligitur
1150 3627 1178 3668 es
