2416 3954
390 235 474 281 ldllEll
495 235 653 282 scortando.
933 247 996 312 439

485 396 504 478 ξ
521 398 573 459 lV.

51 519 90 585 lte
107 521 196 586 curiis
216 520 518 606 Confratema‘tutibto
535 527 565 584 et
584 517 781 601 Indulpcatr'is
799 519 841 582 cis
859 519 1004 582 conoesrlr.

83 678 167 740 tuat.
190 675 329 758 Longum
344 681 421 738 esset
430 675 496 738 illas
509 673 772 738 Contraternitates
786 692 964 737 enumerare
979 679 1007 735 et

50 766 298 843 exporrereomnis
308 765 486 846 quibusase
496 765 624 827 invicem
634 763 871 843 distinguuntur,
881 763 1008 826 etinnu·

49 868 137 914 meras
150 856 261 937 gratias
281 862 310 916 et
324 855 524 936 indulgentias
547 871 616 934 quae
630 855 648 914 t
661 851 859 914 confratribus
881 857 1008 932 possunt

48 943 164 1022 acquiri.
181 945 253 1006 Haeo
266 944 369 1008 omnia
388 949 582 1025 exponuntur
595 943 627 1006 in
640 941 728 1003 variis
741 940 884 1022 operibus
896 939 934 1002 de
947 941 1005 1003 hoc

48 1031 205 1109 specialiter
219 1032 414 1095 tractantibus
423 1038 513 1114 prout
522 1033 553 1093 in
572 1031 598 1093 Τ
596 1032 674 1092 ruite
686 1030 734 1092 dea
750 1027 933 1110 a'ndulpences
942 1031 1005 1090 DD.

48 1117 182 1196 bouvier;
209 1120 349 1185 caratam
368 1121 477 1183 ecloird
497 1123 530 1182 P.
546 1119 659 1183 Maurel
679 1120 816 1199 jesuitae,
836 1126 865 1179 et
884 1115 915 1178 in
943 1116 1008 1179 aliis

46 1225 106 1286 quae
120 1212 135 1270 t
149 1209 349 1273 directoribus
361 1211 532 1272 animarum
546 1209 749 1292 etpraesertim
764 1205 929 1289 tparochis
938 1211 1008 1267 suut

45 1298 234 1360 consulenda,

396 1575 543 1643 CAPUT
568 1577 649 1646 XII.

265 1735 308 1790 uu
331 1694 482 1796 staurus
505 1739 545 1788 ur
568 1738 783 1790 suessanus.

463 1911 544 1974 ΛΒΤ.
567 1919 589 1974 t.

397 2053 439 2099 us
470 2053 645 2109 suspulis.

73 2197 166 2257 tosa.
188 2227 230 2242 -
248 2195 272 2257 1.
297 2193 377 2270 Quid
386 2195 428 2255 sit
440 2195 603 2276 soca'eodum
617 2203 686 2260 onte
699 2198 871 2282 Eueqara'as?
885 2238 924 2250 —
938 2207 1005 2267 Non

38 2281 132 2344 solinu
154 2281 260 2360 decet,
275 2282 328 2345 ubi
349 2283 398 2364 pia
412 2284 490 2364 viget
509 2286 711 2363 consuetudo,
727 2287 877 2372 aliquibus
899 2291 1006 2356 ictibus

39 2373 154 2447 pulsare
179 2389 380 2454 campanam,
406 2381 474 2435 ante
500 2375 661 2436 instantem
683 2379 786 2458 aegroti
801 2385 942 2458 mortem,
967 2382 1006 2443 ad

37 2457 268 2535 significandum
279 2459 417 2523 lidelibus
427 2469 459 2523 ut
468 2469 541 2524 tunc
555 2482 609 2544 pro
623 2483 660 2525 eo
675 2467 771 2527 Deum
782 2473 903 2546 rogent,
919 2477 1007 2547 prout

37 2557 137 2611 nronet
151 2549 274 2611 Rituole
286 2550 464 2624 Romanum,
481 2550 544 2629 sed,
560 2555 677 2633 egressa
692 2553 793 2614 anima
806 2553 844 2614 de
858 2572 1003 2635 corpore,

36 2634 116 2697 addit
138 2637 221 2700 idenr
244 2637 382 2716 Rituole,
408 2639 565 2701 «interim
588 2639 676 2702 detur
707 2657 862 2722 campanae
885 2641 1006 2719 signum

36 2741 50 2779 r
74 2726 218 2788 transitus
231 2726 384 2806 cicindeli,
399 2745 454 2808 pro
468 2728 525 2792 loci
540 2727 778 2808 consuetudine,
793 2737 826 2791 ut
839 2730 1006 2812 audientes,

36 2831 50 2870 r
74 2833 128 2894 pro
143 2816 211 2894 ejus
224 2816 326 2878 aninra
343 2818 440 2880 iteum
456 2825 625 2898 precentur.
642 2816 757 2878 Deinde
771 2821 943 2900 (postquam
962 2825 1006 2882 ta·

37 2923 51 2958 a
74 2921 148 2965 men
168 2903 239 2967 satis
252 2903 290 2966 de
313 2914 408 2968 morte
422 2913 554 2977 constat,
571 2925 609 2968 ne
629 2904 701 2987 quid
715 2905 801 2982 vitoe,
816 2907 841 2969 si
864 2907 940 2970 torte
955 2929 1006 2973 su·

37 3012 50 3050 r
74 2993 179 3074 parsit,
189 2992 1005 3079 nocerevaleatlcorpusdemorebonesttcorupusiturn,

36 3101 50 3139 r
73 3082 143 3146 loco
165 3081 304 3160 decenti,
327 3103 398 3146 curn
421 3085 536 3145 lunrino
559 3083 738 3163 collocetur,
762 3103 798 3149 ac
820 3105 909 3168 parva
932 3109 1004 3154 crux

35 3193 51 3232 a
73 3181 284 3256 superpeotus
297 3173 375 3235 inter
389 3191 498 3236 manus
507 3173 638 3236 defuncti
653 3181 798 3254 ponatur;
812 3177 923 3239 autubi
934 3197 1005 3242 crux

35 3283 49 3320 a
72 3263 172 3342 desit,
188 3281 297 3326 uranus
309 3265 341 3325 in
356 3263 481 3326 rnodum
491 3264 589 3325 crucis
602 3271 837 3345 ‹componantun
855 3266 1005 3330 interdurn

35 3373 50 3408 n
74 3361 252 3433 aspergatur
265 3351 342 3435 opud
365 3351 532 3430 tenedtad,
547 3358 578 3414 et
591 3352 711 3415 iuterim
735 3353 834 3417 donec
846 3355 1006 3436 efferatur,

34 3461 50 3499 a
75 3443 129 3522 qui
153 3441 278 3518 adsunt,
298 3442 360 3506 sive
380 3441 565 3514 sacerdotes,
581 3440 641 3504 sive
655 3441 716 3521 alii,
731 3443 861 3506 orabunt
882 3463 937 3524 pro
953 3445 1005 3508 de·

35 3549 50 3588 ι
74 3529 224 3594 iuncto.»

73 3621 171 3683 ⁴683.
192 3621 325 3702 Corpora
337 3621 482 3683 laicorum
496 3620 559 3682 suis
573 3636 635 3681 nou
644 3620 743 3682 solent
755 3619 839 3680 indui
852 3617 982 3678 vestibus
995 3636 1004 3672 a
