2462 3972
140 84 167 137 N

407 230 493 279 arara
513 229 671 278 sacoaras.
974 215 1028 276 'lll

55 331 207 396 debentur
218 333 309 413 prout
323 330 354 392 in
373 326 465 392 Gallia
486 348 494 392 ι
509 329 643 392 Ecclesia
657 329 740 390 enim
754 347 809 411 per
822 333 876 392 art.
896 331 933 391 la
954 329 1033 390 Gon-

55 420 171 484 cordati
187 421 258 483 laol
278 437 339 482 non
353 418 456 498 abjicit
462 419 512 498 jus
525 417 607 500 quod
619 417 746 478 habebat
760 418 790 478 in
806 421 885 479 bona
895 419 912 478 a
923 417 1033 478 Guber-

57 511 112 574 nio
121 513 264 590 usurpata
279 513 309 568 et
331 507 369 568 ab
386 507 452 588 ipso
465 507 612 583 alienata,
629 505 684 567 nisi
703 509 739 567 ed
759 506 932 568 conditione
952 504 1033 585 qudd

56 597 216 681 Episcopis
239 602 269 658 et
295 595 434 678 parochis
460 596 663 677 assignaretur
689 611 824 676 congrua
851 594 1033 658 subventio:

57 686 143 751 unde
150 687 201 767 ius
214 685 351 749 strictum
365 683 456 748 habet
468 683 602 746 Ecclesia
616 689 649 746 ut
663 683 820 746 subventio
831 681 1003 764 huiusmodi
1017 685 1035 746 b

58 776 215 840 Gubemio
233 774 405 838 conteratur
418 779 449 835 ct
462 772 520 835 boc
531 775 580 853 Jus
590 779 633 835 est
649 773 779 854 pretium
793 773 943 836 bonorum
958 789 1035 855 quo·

58 883 129 928 rum
144 863 317 927 alienationi
326 862 479 925 consensit
488 863 552 943 ipsa
563 861 696 924 Ecclesia
706 880 713 922 :
725 861 852 943 proinde
865 859 1036 924 estbonum

57 955 97 1018 ad
113 954 210 1036 ipsam
223 950 506 1033 pertinensetquod
519 950 591 1012 dare
602 956 698 1032 potest
709 949 908 1013 beneficiariis
915 956 1037 1032 propter

59 1043 194 1106 odicium
206 1041 359 1128 spirituale
368 1039 406 1102 ab
421 1039 492 1122 ipsis
503 1039 698 1121 explendum,
714 1037 922 1102 soreveriluit
934 1038 1037 1100 datum

59 1133 92 1194 in
109 1131 204 1196 Gallia
216 1131 247 1192 in
262 1131 364 1192 dotem
377 1129 580 1192 Ecclesiamm
594 1127 818 1210 Episcopalium
833 1133 864 1190 et
882 1126 1037 1210 parochia-

61 1221 139 1284 lium
154 1223 171 1282 a
185 1219 273 1282 Card.
289 1220 429 1300 (lapsare,
444 1219 564 1280 Decrel.
580 1223 599 1281 9
613 1236 677 1300 apr.
692 1220 779 1292 1802,
791 1218 893 1299 inquo
910 1215 1035 1279 dicitur:

66 1333 81 1370 s
104 1307 332 1372 cathedralibus
349 1306 493 1369 Ecclesiis
516 1307 639 1383 erectis,
665 1306 738 1368 illud
759 1313 927 1388 superesset
948 1313 982 1369 ut
1000 1304 1039 1368 de

61 1423 76 1458 a
102 1395 1038 1461 earumdotutioae...statueremus.Sedcbmhancdotationom

62 1511 76 1547 a
103 1487 293 1549 Gubernium
324 1487 357 1547 in
386 1503 419 1546 se
446 1486 613 1566 receperit,
641 1485 830 1546 declaramus
862 1485 1038 1548 earumdem

62 1601 76 1634 a
103 1574 310 1638 Ecclesiamm
323 1572 499 1635 dotationem
513 1592 550 1635 ex
563 1575 599 1635 iis
610 1573 775 1636 redditibus
792 1573 952 1636 conflatam
963 1574 1038 1650 lore,

63 1687 77 1723 s
104 1665 157 1746 qui
172 1662 211 1725 ab
225 1663 289 1744 ipso
308 1661 460 1724 Gubernio
478 1663 706 1744 quamprimum
725 1661 898 1743 assignandi
911 1671 1038 1727 erunt...

62 1777 77 1814 n
103 1755 142 1814 Et
160 1751 343 1834 quoniam...
361 1767 437 1812 nova
451 1749 489 1811 ab
502 1750 659 1831 Episcopis
680 1751 878 1830 paroeoiarum
895 1751 1039 1814 circums-

62 1867 77 1900 ι)
103 1841 212 1923 criptio
236 1838 372 1902 facienda
394 1845 490 1917 est...‚
515 1839 642 1919 singulis
666 1837 800 1900 ecclesiis
820 1839 1041 1920 parochialibus

62 1955 77 1988 a
104 1927 257 2012 erigendis
270 1947 326 2012 pro
339 1930 474 2010 congrua
494 1934 643 1991 rectorum
659 1927 890 2005 sustentatione,
910 1946 962 1992 eos
976 1929 1042 1991 red·

63 2045 78 2080 n
104 2020 202 2097 ditus,
225 2019 276 2099 qui
292 2024 326 2080 ut
347 2017 379 2080 in
397 2015 565 2096 supradicta
592 2016 790 2078 conventione
812 2023 954 2080 statutum
975 2023 1039 2095 est,

65 2135 80 2169 a
105 2106 279 2189 assignandi
302 2113 406 2183 erunt,
430 2105 521 2167 iidem
540 2105 679 2188 Episcopi
698 2103 765 2167 loco
786 2104 946 2168 dotationis
959 2105 1042 2170 habi·

68 2221 82 2256 a
106 2207 191 2260 turos
203 2194 267 2258 fore
279 2195 513 2258 declarabunt.»

105 2289 197 2349 5380.
213 2285 329 2347 Erravit
338 2301 410 2365 ergo
425 2285 462 2345 D.
473 2285 584 2366 Emery
591 2283 730 2360 dicendo,
747 2304 779 2366 p.
793 2287 834 2347 lll
848 2289 879 2347 et
891 2290 931 2348 56
943 2287 1042 2368 operis

63 2376 114 2439 rui
129 2373 256 2438 titulus:
271 2373 436 2436 Nouueuua
448 2373 596 2454 opuscules
607 2372 642 2435 de
656 2374 687 2436 F
689 2373 775 2456 leury
787 2392 798 2434 .·
814 2373 867 2436 sll
878 2375 928 2455 n’y
942 2393 960 2436 a
973 2375 1042 2456 plus

62 2489 78 2526 a
105 2463 146 2526 de
159 2463 245 2525 biens
258 2461 500 2544 eeclesiastiques
514 2468 543 2524 et
557 2462 650 2542 qu’on
662 2462 762 2542 puisse
776 2461 840 2522 dire
853 2465 1040 2525 consacrdsd

62 2579 79 2613 a
106 2551 185 2614 lliuu
200 2571 208 2613 :
225 2551 245 2612 il
261 2551 311 2634 n’y
325 2568 343 2612 a
356 2549 437 2613 dono
450 2551 519 2632 plus
538 2548 576 2611 de
590 2549 804 2624 bdne'ticcs....;
820 2548 863 2610 les
877 2550 982 2623 cures,
998 2551 1040 2614 les

63 2665 80 2704 r
106 2639 294 2718 Chauoines,
311 2639 353 2702 les
370 2640 523 2720 Eveques‚
538 2638 629 2699 tirent
642 2637 834 2717 aujourd'hui
849 2637 914 2700 leur
927 2638 1040 2701 subsis-

65 2756 81 2790 υ
107 2739 211 2808 mnae,
225 2745 287 2790 uon
301 2727 356 2790 des
370 2727 455 2790 biens
468 2731 666 2810 appartenant
680 2727 826 2807 isl’llglise
839 2733 870 2789 et
883 2729 1042 2792 consecres

65 2845 80 2879 a
107 2817 237 2896 allieas,
257 2817 333 2880 mais
346 2817 438 2882 d'une
453 2817 579 2899 pension
595 2835 654 2897 que
674 2815 700 2877 lo
719 2823 955 2896 gourernement
976 2817 1042 2879 leur

64 2934 80 2968 a
105 2907 226 2988 assigno
249 2924 301 2968 sur
320 2905 349 2970 le
366 2907 462 2969 tresor
481 2905 519 2968 de
542 2905 646 2980 l’Etat‚
667 2903 867 2968 semblables
887 2905 962 2970 celle
982 2927 1041 2990 que

63 3021 81 3058 a
106 2998 259 3071 recolrent
276 2995 319 3058 les
339 2993 573 3058 fonctionnaires
594 2994 720 3076 publiea.
742 3017 756 3052 a
782 2993 881 3057 Facile
901 2996 984 3059 enim
998 3006 1043 3061 est

64 3087 241 3149 discernere
256 3085 350 3166 quim
364 3101 510 3165 magnum
524 3083 560 3145 sit
574 3082 735 3146 discrimen
751 3084 827 3146 inter
841 3083 947 3149 salaria
964 3089 1041 3152 civili

66 3191 197 3238 munere
211 3172 406 3256 iungentibus
419 3175 437 3235 a
452 3171 604 3234 Gubernio
617 3172 746 3253 praestita
765 3178 795 3236 et
810 3173 916 3236 salaria
936 3177 1041 3241 minis-

65 3264 122 3326 tris
143 3261 285 3325 Ecolesiae
304 3261 342 3324 ab
363 3261 469 3324 eodem
490 3261 644 3324 Gubernio
664 3261 804 3324 solvenda
825 3281 833 3322 s
854 3263 1041 3330 Guberaium

66 3352 153 3416 enim
176 3357 277 3432 posset
301 3353 490 3434 supprimere
512 3350 578 3412 sine
601 3349 744 3430 injustitia
770 3350 873 3414 munia
896 3353 991 3416 civilia
1013 3365 1042 3420 et

67 3439 160 3504 simul
177 3440 337 3522 pensiones
355 3459 410 3522 pro
431 3440 467 3502 iis
485 3440 669 3522 assignatas,
686 3439 739 3502 sed
759 3458 821 3502 nou
843 3448 944 3520 posset
961 3443 1041 3508 idem

68 3529 259 3592 Gubernium
272 3528 337 3592 sine
351 3527 493 3610 injustitia
506 3530 695 3610 supprimere
712 3529 874 3609 pensiones
895 3535 1040 3609 praestan·

68 3615 125 3680 stac
139 3615 285 3678 ministris
298 3617 457 3690 Ecclesia,
473 3616 529 3678 nial
543 3617 571 3678 ei
585 3615 769 3680 restituendo
782 3631 932 3680 summam
946 3616 1038 3696 equi·
