2474 3946
431 227 516 276 arara
537 213 697 279 saumana)
1002 214 1062 278 283

83 327 183 390 adhuc
197 325 305 390 luisset
318 324 425 388 initum
440 327 669 388 matrimonium
679 345 686 387 ε
696 325 736 388 ita
749 327 967 406 communiter,
982 327 1063 409 apud

85 419 117 479 S.
135 417 261 498 Liguor.
278 415 341 492 (tib,
357 417 388 490 6,
404 422 437 474 η’
454 416 552 490 1009).

122 509 214 568 lwl.
232 504 262 567 Si
277 509 377 566 autem
392 519 476 564 error
492 502 528 564 sit
542 505 621 566 cirea
636 503 794 585 qualitates
810 524 817 566 :
833 504 879 568 vel
892 510 939 567 est
951 524 1061 570 eonco-

84 601 195 656 mrtans
216 611 272 655 seu
294 590 444 653 nandans
464 609 585 654 oausam
605 592 787 669 contractui,
802 594 848 656 vel
868 601 971 657 causat
988 615 1061 660 con-

87 691 236 746 tractum:
253 680 284 743 in
302 679 400 762 primo
419 698 506 755 casu,
521 689 637 743 eertum
658 687 704 744 est
717 681 814 744 valere
835 683 1062 747 matrimonium

87 771 156 852 quia
176 771 262 834 adest
280 785 461 831 consensus:
478 769 516 831 ita
531 772 753 846 communiter;
771 771 802 832 in
821 771 955 833 seeundo
974 792 1061 852 casu,

85 859 210 940 quando
232 875 343 938 nempe
360 859 482 938 cognito
502 875 605 920 errore
626 859 854 921 matrimonium
878 878 939 921 non
962 859 1064 923 luisset

84 947 226 1026 initum,
261 945 401 1008 nonnulli
433 945 538 1008 dieunt
574 945 736 1010 invalidum
772 965 838 1010 esse
874 954 948 1010 tuno
989 968 1062 1011 con·

85 1041 229 1114 tractum,
245 1035 333 1116 quia,
349 1033 492 1115 qualitate
506 1034 673 1096 existimata
686 1035 863 1112 deficiente,
878 1035 979 1098 deficit
993 1057 1064 1100 oon-

83 1143 219 1186 sensus:
247 1125 288 1185 ita
307 1123 452 1199 Pontius3
473 1123 527 1185 sed
547 1125 694 1187 sententia
716 1126 890 1188 communis
918 1131 949 1188 et
968 1127 1064 1188 rarior

83 1213 220 1276 relidum
241 1211 332 1274 habet
352 1211 409 1273 tale
433 1211 679 1290 matrimonium,
703 1213 773 1294 quia
790 1215 879 1276 adest
900 1233 1064 1279 consensus

82 1303 167 1364 eirca
190 1299 408 1378 substantiam,
423 1306 454 1362 et
475 1301 613 1381 quamvis
627 1301 746 1363 deficiat
772 1303 852 1364 circa
874 1303 1061 1383 accidentia,

82 1390 250 1473 praeualere
258 1388 347 1450 dehet
359 1407 526 1450 consensus
539 1391 618 1451 eirea
632 1391 839 1470 substantiam,
848 1392 887 1453 oh
899 1393 1061 1458 innumera

81 1479 180 1541 dubia
194 1478 242 1540 rel
263 1477 328 1539 lites
341 1495 409 1558 quae
423 1478 508 1538 aliter
521 1487 729 1558 emergerent3
746 1488 775 1541 et
794 1480 831 1542 ad
850 1480 906 1544 hoc
922 1489 1062 1546 censetur

81 1568 279 1630 consensisse
295 1566 494 1644 contrahens,
510 1569 561 1648 qui
584 1587 645 1628 non
661 1568 816 1648 ignorabat
830 1587 861 1630 se
875 1577 1063 1634 contractum

83 1655 328 1718 indissolubilem
348 1654 465 1732 lacere,
489 1663 540 1716 aut
558 1655 582 1717 si
603 1656 661 1718 hoe
684 1658 857 1737 ignorabat,
877 1659 969 1720 voluit
989 1679 1063 1722 con-

83 1746 207 1806 trahere
223 1745 307 1822 juxta
331 1747 502 1806 contractus
525 1752 682 1822 naturam,
703 1744 829 1826 proinde
853 1753 966 1808 utnon
987 1757 1064 1811 esset

84 1832 273 1894 dissolubilis
297 1838 419 1913 propter
442 1831 644 1894 delicientiam
665 1833 852 1914 qualitatum.
869 1836 910 1912 (S.
928 1835 1062 1916 Lignea,

83 1921 139 1984 lib.
157 1927 190 1998 6,
208 1923 310 1997 tota.)

126 2021 219 2080 taos.
237 2016 412 2098 Excipiendi
427 2023 498 2078 sunt
511 2024 612 2080 tamen
627 2037 714 2081 casus
728 2020 759 2080 in
774 2021 883 2101 quihus
893 2040 975 2085 error
989 2043 1062 2106 qua·

83 2107 206 2167 litatum
217 2103 399 2168 redundaret
408 2106 438 2166 in
454 2106 661 2182 substantiam,
673 2107 734 2170 sire
748 2109 779 2169 in
793 2126 953 2190 personam
964 2133 970 2172 :
983 2111 1063 2194 quod

1 2229 2 2234 κ
81 2193 261 2274 contingit:
279 2196 309 2255 l⁰
326 2193 449 2274 quando
468 2195 537 2276 quis
561 2197 700 2276 expresse
723 2215 785 2259 non
805 2199 865 2260 rull
888 2203 1063 2266 contrahere

83 2283 147 2344 nisi
170 2283 227 2344 sub
240 2281 411 2344 conditione
431 2283 498 2344 talis
512 2284 662 2364 qualitatis
678 2305 685 2345 ε
701 2285 810 2349 sufficit
827 2288 908 2369 qudd
926 2289 990 2352 haec
1011 2311 1063 2354 vo-

83 2371 192 2433 luntas
211 2371 255 2432 sio
277 2370 480 2433 conditionata
493 2371 593 2434 habita
616 2373 699 2454 pribs
713 2374 816 2451 luerit,
838 2383 869 2438 et
892 2397 954 2440 non
975 2379 1063 2444 luerit

83 2467 247 2522 retraetata
262 2467 330 2521 ante
339 2459 583 2536 matrimonium;
595 2465 626 2522 2⁰
640 2464 762 2543 quando
776 2465 902 2544 qualitas
912 2468 949 2529 ad
964 2469 1064 2548 plures

83 2567 154 2611 non
176 2547 361 2624 extenditur,
377 2547 429 2610 sed
451 2555 497 2610 est
515 2550 636 2630 propria
659 2557 689 2612 et
711 2551 916 2628 individualis,
932 2563 965 2616 ut
983 2576 1011 2618 v.
1032 2579 1061 2637 g.

83 2636 220 2718 qualitas
237 2637 428 2718 primogeniti
443 2638 510 2699 talis
528 2657 684 2719 personae:
700 2638 782 2701 unde
804 2639 967 2703 invalidum
988 2653 1064 2706 esset

84 2725 319 2788 matrimonium
342 2729 366 2788 si
397 2726 465 2807 quis
489 2733 599 2809 putans
625 2728 742 2789 nubere
769 2746 840 2789 eum
865 2731 1066 2812 primogenita

84 2813 219 2892 alicujus
232 2814 340 2895 degis,
355 2832 428 2876 curn
441 2815 498 2876 alid
517 2817 744 2877 matrimonium
768 2816 874 2893 iniret;
891 2836 978 2880 secus
1000 2839 1065 2884 esse

85 2901 254 2966 dicendum
271 2909 356 2984 putat
374 2905 405 2965 S.
423 2905 558 2984 lignun,
577 2904 602 2965 si
622 2905 797 2985 simpliciter
812 2914 927 2987 putaret
942 2929 973 2970 se
991 2929 1064 2972 eon-

87 2991 209 3053 trahere
232 3011 303 3054 curn
324 2991 383 3054 ldie
398 2993 506 3073 Regis,
522 2999 573 3055 aut
595 2993 683 3055 etiam
707 3012 777 3056 curn
793 2998 991 3079 primogenite
1014 3001 1066 3064 ali-

89 3081 180 3158 cujus
194 3081 282 3161 ttegis
297 3079 326 3142 in
342 3099 470 3162 genere,
487 3081 543 3142 nisi
558 3081 589 3141 in
604 3081 661 3144 hoc
675 3101 746 3145 casu
760 3090 899 3167 expresse
922 3091 1065 3155 noluisset

91 3169 269 3232 contrahere
284 3169 341 3230 nisi
357 3187 427 3232 cum
449 3171 504 3232 hta
522 3168 711 3243 conditione,
728 3183 816 3254 prout
830 3176 922 3239 modo
935 3179 1065 3244 diximus

1 3313 2 3318 ,
90 3257 122 3318 in
145 3260 189 3333 l⁰;
206 3258 251 3320 rel
272 3257 328 3319 nisi
348 3257 475 3340 qualitas
495 3258 606 3321 directe
628 3266 659 3321 et
681 3261 821 3340 primario
836 3265 1040 3333 intenderetur

1 3329 2 3418 i
90 3353 181 3428 prout
195 3345 331 3410 dicemus
345 3348 376 3408 in
390 3351 432 3424 3⁰,
448 3349 519 3429 quia
537 3349 621 3410 aliter
642 3349 768 3430 qualitas
788 3371 848 3414 non
870 3356 1016 3422 redundat
1033 3320 1065 3424 in

1 3441 2 3444 ’
89 3437 1066 3530 personam33⁰quandoeonsensuslerturdirecteetprincipaliter

89 3525 121 3586 in
136 3523 311 3604 qualitatem
334 3534 363 3588 et
383 3526 485 3588 minus
502 3527 704 3608 principaliter
724 3529 756 3590 in
777 3550 956 3612 personam;
979 3555 1066 3598 secus

2 3671 3 3678 ,
88 3613 113 3676 si
130 3612 336 3696 principaliter
350 3613 381 3678 in
396 3633 557 3696 personam
571 3623 601 3678 et
619 3617 797 3680 secundario
814 3620 845 3680 in
866 3623 1062 3694 qualitatema
