2498 3966
257 249 342 296 ursan
363 249 523 298 sacnnnne.
547 267 582 284 -
605 251 797 300 aaramrccs.
959 240 1014 302 tm

378 447 568 510 autunum
584 447 676 511 XVll.

101 609 181 658 (ERGA
196 611 380 658 notassem
404 609 604 658 uelscoaoumt
616 609 715 664 Quoto
727 609 955 658 tnuututattt'tts.

438 725 486 788 (aa
499 740 525 790 p.
541 722 610 788 ue.)

78 877 254 940 limitasse
279 877 409 940 modum
438 876 536 958 hujus
563 876 722 958 potestatis
752 875 873 957 optime
899 876 1019 942 indicat

41 983 173 1046 sequens
193 968 353 1029 decretum
378 967 410 1029 S.
441 965 473 1027 E.
494 965 619 1046 lndulg.
651 966 683 1032 d.
712 963 751 1028 {2
776 965 846 1028 Jan.
874 965 961 1041 1878,
985 968 1017 1030 in

42 1053 157 1125 Onitae.
169 1055 337 1130 Qonsuom
354 1073 468 1138 nempe
482 1065 566 1120 erat:

80 1169 93 1200 a
110 1143 131 1206 l.
147 1144 288 1206 Potestne
304 1145 475 1226 Episcopus
491 1145 539 1207 vel
553 1145 635 1208 alius
657 1145 853 1226 quicumque
868 1143 1018 1209 Praelatus

40 1232 136 1295 eidem
152 1235 235 1297 actui
256 1235 391 1316 pictatis,
407 1235 472 1297 sive
494 1234 596 1298 eidem
613 1235 664 1317 pio
679 1235 839 1312 sodalitio,
855 1235 906 1298 cui
925 1235 942 1296 a
958 1235 1018 1298 llo·

40 1339 130 1385 mann
145 1324 295 1386 Pontilice
306 1324 373 1404 jam
384 1325 592 1403 indulgentiae
608 1324 673 1386 sive
695 1323 845 1404 plenariae
865 1325 931 1388 slve
945 1343 1018 1407 par-

41 1413 124 1476 tiales
138 1430 295 1477 concesse
310 1422 395 1488 sunt,
411 1412 489 1476 alias
504 1413 718 1493 indulgentias
740 1412 939 1495 adjungeret
960 1415 1017 1478 Po-

39 1509 134 1564 testne
147 1503 307 1576 crucibus,
325 1504 464 1577 coronis,
483 1505 579 1566 sacris
596 1503 800 1584 imaginibus,
815 1507 834 1564 a
856 1503 939 1584 Papi
966 1505 1015 1566 vel

38 1592 194 1654 sacerdote
212 1591 353 1672 legitima
380 1590 530 1654 facultate
555 1593 681 1655 munito
707 1592 892 1669 benedictis,
918 1610 1017 1655 novas

39 1679 199 1744 adnectere
215 1681 460 1762 indulgentias?

74 1769 141 1832 all.
159 1771 305 1834 Potestne
329 1769 503 1852 Episcopus
514 1770 663 1834 fidelibus
689 1769 832 1833 dioecesis
862 1787 927 1835 non
952 1790 1017 1834 suae

38 1855 250 1941 indulgentias
260 1860 444 1936 concedere,
458 1861 483 1922 si
494 1859 680 1923 Ordinarius
691 1859 753 1924 loci
765 1859 947 1922 consentit?
963 1861 1017 1923 Po·

37 1955 132 2012 testne
148 1951 276 2014 tolerari
290 1947 475 2030 hujusmodi
498 1952 603 2031 praxis
620 1951 644 2010 si
660 1949 739 2012 nihil
760 1946 847 2012 aliud
878 1949 1016 2014 intendi·

38 2041 154 2102 turnisi
165 2059 221 2119 per
235 2039 387 2118 maj0rem
401 2055 571 2102 numerum
584 2039 788 2102 Praelatorum
799 2036 1016 2118 indulgentias

38 2131 273 2193 concedentium
302 2145 429 2191 summa
464 2128 588 2191 dierum
613 2127 884 2210 indulgentiarum
911 2129 1015 2192 silem

38 2218 115 2278 actui
126 2218 241 2283 devoto
255 2217 450 2280 adnexarum
461 2215 715 2299 multiplicetur?

76 2305 156 2370 »tlt
185 2309 329 2371 Potestne
358 2309 532 2390 Episcopus
546 2307 650 2372 eidem
664 2307 709 2370 rei
728 2306 779 2372 tel
802 2306 904 2372 eidem
931 2311 1014 2374 actui

36 2395 167 2474 pietatis,
177 2398 229 2461 cui
238 2399 306 2478 jam
320 2407 498 2460 antecessor
512 2398 727 2478 indulgentias
737 2397 900 2474 adnexuit,
918 2417 1016 2464 novas

37 2481 241 2566 indulgentias
256 2485 442 2568 applicaret

75 2575 164 2639 er.
191 2579 339 2638 Potestne
366 2573 543 2656 Episcopus
578 2575 609 2637 in
654 2575 798 2657 partibus
838 2575 1013 2640 infidelium

35 2668 175 2738 quamvis
200 2665 387 2729 auxiliarius
408 2662 564 2728 Ordinarii
581 2666 727 2747 alicujus,
744 2664 887 2730 dioecesis
909 2667 1015 2730 indul-

35 2754 168 2824 gentiam
183 2757 225 2817 er
236 2754 360 2817 dierum
374 2755 545 2818 concedere
558 2755 638 2818 sicut
655 2755 881 2818 llioecesanusl

72 2839 138 2904 all.
156 2843 579 2928 Potestne'Episcopus‚quin
598 2845 714 2907 limites
724 2845 859 2926 suijuris
871 2845 1011 2924 excedat,

34 2926 259 3018 adaugendas
283 2934 675 3015 indulgentias,eumdc1n
701 2945 806 2998 actum
832 2935 956 3016 pietatis
980 2939 1011 2998 in

34 3025 133 3114 partes
143 3022 296 3096 dividere,
312 3032 353 3099 et,
370 3043 419 3087 ex.
433 3025 547 3105 gratia,
559 3044 618 3104 pro
631 3026 719 3089 omni
737 3024 832 3088 uerbo
847 3024 1011 3090 salutatio·

34 3117 80 3164 ms
94 3113 246 3190 angelicae
260 3117 300 3176 lt)
315 3114 382 3178 dies
398 3115 670 3192 indulgentiarum
684 3112 880 3179 concedere?

70 3193 142 3260 cvl,
154 3201 297 3264 Potestne
308 3201 685 3284 Delegatusapostolicus
699 3203 814 3266 virtute
824 3202 1010 3266 facultatum

32 3294 139 3358 quasa
154 3288 187 3354 S.
203 3291 357 3354 Pontifice
370 3296 503 3372 accepit,
521 3293 553 3356 in
576 3292 792 3356 concedendis
805 3292 1010 3372 indulgentiis

32 3381 217 3442 concurrere
231 3399 304 3443 cum
319 3399 383 3443 uno
401 3382 449 3444 vel
467 3383 566 3445 altero
581 3383 738 3465 Episcopo
759 3383 908 3446 territorii
924 3382 1007 3443 dele·

33 3459 237 3533 gationissuee
252 3478 285 3532 ut
298 3469 380 3532 ldem
398 3471 558 3553 obiectum
574 3473 622 3536 vel
638 3473 786 3537 eumdem
814 3479 918 3534 ectum
943 3472 1009 3551 pic-

33 3547 102 3610 tatis
116 3554 322 3639 indulgentiis
335 3558 436 3623 ditet?
