2474 3946
445 235 531 282 cuum
552 235 709 283 susurrus.
1005 219 1061 280 est

90 333 242 412 Matr-im„
253 333 377 412 n0338),
391 337 423 396 ct
436 333 590 414 probabile
603 331 719 397 ridetur
729 331 938 415 qudd,salteru
947 349 1019 394 casu
1035 332 1065 394 in

89 442 149 505 quc
173 423 336 485 divortium
351 424 464 504 privata
490 424 664 484 auctoritate
678 429 834 504 peractum
854 421 929 500 luit,
953 422 1066 501 conjux

89 512 240 574 innocens
255 519 391 575 teneatur
412 517 598 593 campartem
613 528 752 576 revocare
775 511 800 572 si
815 511 941 592 ipsemet
955 509 1067 573 incidet

6 597 8 608 ¹
90 601 120 662 iu
135 600 332 663 adulterium.
721 656 724 664 .

127 693 223 752 tlte.
246 689 369 762 Quaerit.
392 690 426 752 3·
444 691 491 751 Aa
506 689 619 768 conjux
631 689 780 751 innocens
793 689 887 770 possit
900 687 1065 752 adulteram

89 779 245 841 dimittere
260 777 380 860 propriu
393 777 593 840 auctoritate?

126 869 225 948 Resp.
239 868 313 928 Tres
334 884 400 930 esse
412 865 451 928 de
464 865 523 928 hoc
539 865 698 947 opiniones
714 886 721 928 :
738 866 845 932 Primo
860 866 996 930 absolute
1011 883 1066 927 ne-

89 962 159 1038 gat3
177 953 311 1018 Secundo
320 953 493 1037 distinguit,
509 953 686 1018 affirmando
696 955 720 1018 si
732 955 914 1018 adulterium
929 955 966 1018 sit
980 959 1066 1016 uoto·

89 1045 193 1118 rium,
220 1044 359 1126 negando
383 1052 484 1108 autem
507 1045 532 1106 si
556 1045 594 1106 sit
616 1045 788 1122 occultum3
817 1043 919 1107 l'ertic
943 1042 1067 1106 tandem

87 1133 230 1197 atsolute
243 1133 390 1210 affirmat,
405 1127 498 1195 modd
510 1131 689 1196 adulterium
699 1135 736 1196 sit
750 1141 879 1212 certum,
891 1141 920 1196 et
934 1151 970 1196 ex
985 1151 1068 1215 sepa-

87 1223 208 1284 ratione
224 1241 286 1285 uon
306 1221 482 1284 interveniat
500 1220 675 1284 scandalum
690 1222 771 1304 quod
788 1241 849 1284 non
869 1223 963 1306 possit
983 1222 1068 1284 aliter

88 1311 227 1394 reparari
247 1331 255 1372 ι
272 1311 415 1393 probatur
429 1329 467 1372 ex
481 1329 549 1392 cap.
566 1310 657 1372 llicit
672 1312 828 1382 Dominus,
846 1315 902 1387 32,
917 1332 948 1394 q.
966 1315 999 1387 l,
1015 1312 1065 1374 ubi

87 1397 203 1463 dicitur
234 1419 242 1462 :
271 1399 498 1481 «Ubicumque
520 1399 677 1463 fornicatio
698 1403 769 1478 erit,
796 1401 842 1464 vel
862 1401 1067 1484 dimicationis

87 1513 105 1549 n
129 1489 268 1571 asspicio,
283 1488 642 1551 lr'beriuxordimittiturr
655 1511 662 1550 ε
674 1489 832 1553 haectertie
845 1491 992 1553 sententie
1001 1509 1067 1572 pro

88 1579 220 1642 habilior
241 1577 356 1640 videtur
370 1579 402 1641 S.
425 1578 581 1659 Liguorio‚
597 1577 658 1653 ila,
677 1589 710 1641 n·
731 1583 807 1656 969,
823 1580 929 1641 saltem
948 1579 972 1640 si
986 1580 1067 1640 adul·

89 1667 204 1730 terium
226 1666 265 1728 sit
284 1683 321 1729 ex
337 1671 422 1748 parte
443 1665 584 1758 laminae,
605 1669 677 1749 quia
697 1668 809 1731 durum
831 1667 946 1730 videtur
959 1687 1067 1748 cogere

90 1757 191 1819 uirum
205 1763 323 1818 certum
346 1754 385 1817 de
399 1755 545 1818 adulterio
560 1757 682 1835 uxoris,
705 1762 740 1818 ut
760 1755 916 1836 publicum
932 1754 1018 1816 laciat
1036 1756 1067 1816 in

87 1846 205 1926 judicio
212 1846 329 1908 crimen
345 1863 416 1908 cum
431 1844 794 1927 sucperpetuodedecore
806 1863 813 1904 :
827 1844 851 1904 si
866 1843 1068 1921 tamenjudex

92 1935 181 1998 illum
201 1940 291 2016 coget
312 1933 350 1996 ad
364 1933 619 2010 cohabitandum,
640 1940 760 1996 tenetur
777 1931 922 2008 obedire,
939 1932 989 1994 sed
1006 1952 1067 1996 uon

92 2029 213 2086 tenetur
227 2023 353 2086 reddere
371 2021 504 2086 debitum
527 2024 558 2084 in
580 2021 637 2084 hac
651 2021 810 2085 sententia.
833 2020 908 2084 Vide
922 2018 999 2084 infra
1021 2019 1066 2083 di-

93 2113 190 2175 cenda
206 2116 317 2190 (6080).

132 2205 225 2264 llll.
249 2201 339 2263 Facit
358 2205 460 2263 autem
480 2203 607 2282 Juncictt
629 2203 837 2283 separatione,
859 2201 904 2264 vir
921 2203 1067 2266 innocens

93 2297 192 2374 potest
212 2289 401 2371 Religionem
421 2290 559 2371 ingredi,
574 2291 665 2352 invitt
683 2291 836 2368 adultere,
852 2291 1007 2365 autetiam
1022 2311 1068 2354 or·

6 2433 7 2452 ,
40 2405 43 2408 ·
91 2380 181 2442 dines
201 2397 303 2441 sacros
325 2379 478 2460 suscipere
503 2399 510 2440 :
534 2379 598 2443 haec
614 2380 685 2442 verd
709 2379 774 2442 lieri
797 2399 860 2442 nou
881 2386 1019 2461 possent,
1042 2383 1065 2443 si

6 2513 7 2518 κ
94 2468 245 2552 separatio
260 2485 321 2529 uon
336 2474 414 2530 esset
429 2468 568 2548 iuridicu.
584 2504 623 2514 -
637 2470 831 2545 Ecoutrario,
847 2469 963 2530 adulter
977 2471 1067 2531 etiam

94 2565 162 2640 post
175 2557 337 2620 divertium
355 2556 483 2636 juridice
503 2556 616 2621 lactum
639 2557 745 2638 nequit
764 2556 921 2636 religiosus
937 2555 1001 2618 fieri
1017 2565 1069 2620 eut

6 2639 7 2644 ’
93 2645 217 2710 ordines
230 2647 403 2728 suscipere,
419 2645 476 2708 nisi
489 2645 528 2709 de
541 2647 661 2710 lieentia
674 2645 796 2708 alterius
808 2691 816 2720 ,
833 2645 857 2704 si
870 2643 945 2704 alter
958 2649 1068 2706 statum

94 2735 321 2800 irrevocabilem
350 2733 415 2798 ncu'
438 2735 634 2818 assumpserit
660 2753 668 2794 ι
692 2732 801 2795 sullicit
824 2737 926 2793 autem
950 2731 1069 2793 licentia

93 2825 199 2903 tacite,
221 2823 268 2886 vel
295 2823 377 2906 qudd
398 2823 474 2887 alter
495 2824 658 2907 requisitus
681 2827 772 2902 neget
792 2819 1069 2882 reconciliationem

92 2915 172 2996 (esp.
190 2911 372 2989 Gaudemus,
387 2912 423 2976 de
435 2931 561 2977 ecnuers.
577 2912 725 2994 conjug),
741 2915 793 2972 aut
811 2909 893 2992 quod
908 2916 975 2992 post
989 2908 1070 2972 bieu-

93 3005 183 3072 uium
198 3021 260 3066 ncn
275 3011 391 3067 revocet
406 3004 448 3082 (S.
464 3003 600 3084 Lignea,
616 3000 715 3081 ibid).

133 3097 225 3156 mre.
249 3091 328 3153 Nota
346 3092 378 3154 in
401 3092 638 3174 congregatione
661 3090 831 3173 particulari
851 3089 952 3152 habite
966 3107 1068 3152 comm

92 3179 273 3247 Innocentio
293 3182 335 3261 X,
359 3187 504 3244 statutum
528 3180 618 3244 luisse
637 3180 719 3262 qudd
740 3181 785 3260 si,
808 3177 990 3242 sufficienter
1004 3199 1070 3261 pro·

94 3271 166 3334 hato
193 3269 329 3333 mulieris
356 3268 524 3350 adulterio,
552 3270 617 3353 ipsa
647 3269 836 3351 Religionem
865 3268 1068 3351 ingrediatur,

92 3359 157 3437 vir,
180 3359 251 3422 licet
274 3359 385 3423 llorens
407 3365 512 3438 aetate,
535 3377 597 3421 neu
616 3359 653 3421 sit
666 3357 821 3440 cogendus
841 3356 880 3419 ad
893 3357 1069 3439 religionem

92 3448 208 3532 pariter
231 3447 486 3529 ingrediendum,
507 3446 561 3509 sed
583 3445 653 3509 satis
675 3455 794 3510 esseut
815 3453 917 3509 votum
941 3448 1068 3528 simplex

92 3537 241 3602 castitatis
263 3544 417 3620 perpetuae
437 3537 563 3599 emittat.
586 3537 639 3598 His
662 3543 830 3598 consonant
854 3535 956 3616 plures
978 3535 1009 3594 S.
1035 3533 1066 3593 G.

92 3625 212 3690 concil.
237 3625 449 3688 resolutiones.
464 3624 540 3689 Vide
557 3623 602 3688 lle
620 3624 759 3706 synodo,
775 3622 826 3684 lib.
850 3625 990 3698 13,eap.
1014 3621 1068 3688 lt,
