2482 3944
350 257 435 306 ursrn
456 255 614 304 srcuuuus.
935 239 974 304 ss

41 359 79 418 23·
90 356 155 430 lim,
170 358 223 423 col.
238 361 293 424 349
308 363 402 424 et355
411 364 459 434 ;el
471 355 721 440 coraustum„
735 355 788 420 lib.
800 361 831 436 2,
844 363 972 442 centii,

67 537 138 598 urso.
158 571 188 584 -
201 540 309 601 3⁰Non
324 557 360 602 ex
380 538 450 618 iure
469 536 589 614 divino,
609 533 662 598 sed
682 533 828 600 duntaxat
847 555 884 602 cx
903 537 973 617 iure

38 623 216 703 eclesiasticm
233 628 463 692 communicans
484 627 606 706 ieiunus
627 643 694 688 csse
715 623 805 688 debet
833 627 850 688 t
873 625 970 690 medit

39 721 102 773 nocte
111 761 118 789 ,
128 715 207 792 juxta
216 735 281 799 cap.
294 717 348 780 Er
358 723 456 798 purte,
473 715 508 778 de
521 713 628 776 celebr.
639 713 750 790 Misere,
762 720 792 778 ct
801 715 883 778 veria
896 717 971 779 Cou-

38 799 241 884 riliupraescrtim
250 804 490 882 constantiense,
501 802 553 866 ubi
563 802 763 885 legitumsess.
776 804 842 884 t3t:
857 805 975 870 «sacru

37 907 47 941 ι
65 907 192 956 renonum
205 893 361 956 laudabilis
374 891 535 956 auctoritas
553 897 585 956 et
601 890 765 974 approbata
784 893 973 960 consuetudo

36 995 46 1029 ι
64 985 140 1042 scrrut
150 981 229 1063 quod
242 981 417 1062 hujusmodi
432 987 656 1046 sacramentum
677 999 740 1044 nou
759 979 849 1046 debet
862 981 970 1052 confici

37 1083 46 1120 r
65 1073 257 1147 postrenum,
273 1073 358 1134 nect
372 1069 514 1134 fidelibus
527 1069 620 1152 recipi
635 1087 698 1132 non
709 1069 836 1150 jejunis,
867 1071 925 1134 nisi
939 1072 971 1136 in

38 1173 47 1206 r
64 1171 117 1217 cusu
130 1157 303 1224 infirmitatis
317 1165 370 1223 eut
383 1159 506 1223 ulterius
519 1157 705 1222 necessitatis
719 1159 736 1221 lt
755 1159 823 1238 jure
844 1159 891 1222 vel
911 1161 971 1226 Ec·

39 1262 48 1294 r
63 1243 133 1307 clesit
144 1265 282 1312 concesso
295 1248 343 1312 vel
358 1247 501 1312 admisso.
517 1249 619 1310 n-ln
633 1245 691 1309 hoc
705 1254 806 1312 autem
820 1255 971 1332 praecepto

39 1333 163 1397 nondetur
175 1339 306 1401 muteriae
328 1338 477 1420 parcitus,
498 1343 532 1400 ut
552 1353 660 1400 omnes
678 1336 741 1397 DD.
762 1339 969 1416 conveniunt,

38 1420 147 1500 quidquid
160 1423 256 1489 dicent
271 1426 377 1490 Gibert
398 1429 428 1489 et
449 1423 608 1508 Pcsquel.‚
629 1421 728 1507 quiin
745 1423 804 1490 hoo
823 1444 887 1490 non
900 1432 972 1490 sunt

38 1507 152 1574 uniendi.

64 1599 104 1668 Oui
124 1605 215 1666 cutem
235 1605 330 1688 paulo
352 1604 424 1667 unte
442 1603 575 1666 mediam
597 1610 718 1668 noctem
732 1603 895 1668 Natiuitatis
908 1606 968 1668 Do·

37 1684 87 1746 nini
99 1697 244 1770 cerneret,
259 1699 365 1776 posset
377 1692 528 1756 celebrere
542 1698 572 1755 et
584 1693 810 1756 communicare
825 1699 893 1774 post
905 1711 971 1756 me·

36 1770 93 1835 diem
105 1788 221 1845 uocem.
236 1783 315 1846 Vide
330 1783 362 1845 S.
379 1783 500 1863 Lignor.
517 1781 585 1862 (lib.
602 1785 637 1858 6,
654 1797 687 1842 n·
700 1784 759 1843 289
772 1827 780 1857 ‚
795 1781 828 1841 in
841 1781 923 1862 fine).

62 1865 131 1928 tter.
151 1870 193 1931 td
205 1871 263 1936 hoc
275 1873 351 1934 vero
367 1870 516 1953 jejunium
534 1868 737 1950 frangendum
758 1867 816 1931 tric
833 1885 971 1933 commu·

39 1949 89 2014 niter
100 1960 279 2040 requiruntur
293 1981 303 2022 ι
321 1965 353 2023 t·
369 1966 402 2023 ut
415 1959 499 2043 quod
512 1958 642 2021 sumitur
655 1962 792 2020 sumetur
805 1956 843 2020 eb
857 1958 972 2022 extrin-

37 2054 97 2117 sec03
108 2049 172 2109 rut
184 2058 323 2113 sumatur
331 2068 384 2131 per
397 2048 523 2111 modum
531 2046 725 2110 comestionis
733 2047 951 2132 autpotutionis
958 2069 969 2130 ;

37 2127 59 2184 3·
68 2139 89 2191 ut
100 2146 261 2220 resumpta
275 2138 386 2201 habeat
399 2137 546 2200 tutionem
559 2135 617 2198 cibi
631 2141 683 2198 aut
697 2139 795 2219 potius.

61 2221 129 2285 ilii.
143 2227 243 2299 Quoad
251 2227 387 2310 primum
396 2226 528 2309 requiam
540 2225 612 2308 :qui
621 2224 782 2307 deglutiret
789 2229 970 2311 sanguinem

36 2303 178 2376 defluentem
199 2319 218 2379 e
236 2317 337 2399 cupite
355 2315 401 2378 vel
422 2314 571 2395 gingivis,
590 2321 641 2377 out
664 2315 778 2378 saniem
800 2335 835 2380 cx
851 2320 970 2400 pustult

35 2397 280 2483 oriserucnentem,
296 2405 388 2468 etiem
407 2422 446 2466 ex
468 2403 633 2474 industrit.
650 2421 711 2466 nou
729 2403 880 2488 frangeret
891 2409 969 2488 jeju-

33 2481 186 2572 niumque
205 2513 268 2558 non
291 2493 332 2556 ab
354 2495 522 2556 extrinseco
545 2499 675 2556 sumeret
691 2513 699 2556 :
715 2494 755 2556 itu
768 2500 971 2561 communiter

31 2574 88 2649 apud
100 2579 125 2640 S.
140 2581 271 2664 Lignor„
288 2582 341 2644 lib.
358 2586 396 2658 6,
413 2593 447 2645 n⁰
461 2585 538 2660 2793
554 2601 655 2660 secus,
675 2582 700 2646 si
719 2591 838 2666 sugeret
852 2586 971 2669 sungui-

31 2674 119 2728 nemcx
131 2668 230 2752 digito,
245 2671 294 2736 vel
304 2671 453 2754 hommes
463 2690 498 2735 ex
513 2671 608 2736 oculis
621 2679 780 2734 manentes
793 2671 901 2751 (ibim).

57 2754 129 2819 3453.
144 2761 263 2832 cuerit.
281 2765 315 2825 t·
329 2763 378 2824 An
390 2760 541 2844 absorptio
554 2760 752 2843 reliquiarum
766 2759 973 2841 cibilrangant

30 2839 168 2916 injunium?

57 2931 127 3016 Hesp,
142 2939 351 3004 communiter
365 2946 400 3004 ut
412 2947 529 3006 certum
551 2937 655 3004 heberi
678 2939 819 3022 reliquias
832 2937 972 3005 cibomm

32 3033 78 3093 uuo
88 3023 276 3094 involuntarie
290 3029 509 3112 deglutiuntur,
525 3049 588 3093 non
608 3029 724 3094 solvere
731 3031 881 3111 ieiunium
894 3049 903 3106 ;
918 3028 971 3094 sel

33 3100 194 3182 lulituturen
207 3119 377 3184 voluntario
386 3125 508 3183 illorum
517 3119 669 3202 absorptio
674 3121 824 3201 ieiunium
836 3117 970 3202 frangat:

30 3190 55 3254 dt
65 3219 115 3278 quo
126 3205 232 3290 duplex
247 3218 293 3274 est
305 3210 453 3272 sententia
469 3229 477 3272 τ
499 3209 605 3272 Primo
624 3227 738 3291 negans
758 3209 830 3292 quio
850 3210 900 3274 illa
918 3210 971 3274 ab·

31 3291 115 3367 strutio
128 3313 186 3358 non
199 3305 246 3360 est
259 3315 336 3361 novo
348 3299 495 3362 comestio
504 3297 543 3361 ul)
551 3297 730 3377 extrinseco,
738 3298 790 3362 sed
798 3300 926 3382 pertinet
934 3299 972 3364 ed

33 3383 215 3450 moestiorem
236 3387 434 3470 precedentis
454 3387 531 3465 diei,
546 3387 591 3451 vel
613 3387 673 3452 dioi
694 3395 791 3471 potest
808 3389 891 3472 quud
915 3391 973 3455 itte

34 3465 138 3548 reliquie
151 3493 210 3538 non
225 3485 384 3540 sumuntur
404 3497 458 3561 per
479 3476 606 3540 mudum
619 3478 697 3557 cibi,
713 3477 766 3541 sed
779 3497 833 3561 per
847 3479 974 3544 modum

34 3553 107 3620 nure
117 3573 225 3645 ‚orout
237 3567 346 3632 dicitur
359 3567 391 3630 in
405 3567 678 3632 rubrictMissulis:
695 3589 711 3628 n
725 3567 756 3632 Si
765 3569 901 3650 reliquiae
915 3569 974 3632 cibi

35 3659 45 3696 ¹
62 3662 233 3719 minuentes
246 3655 276 3719 iu
290 3673 343 3720 ore
357 3655 615 3739 transglutiuntur,
630 3675 692 3718 non
707 3655 878 3737 impediunt
890 3673 973 3717 com·
