2462 3972
181 157 240 222 638
403 173 539 220 narnate
562 173 663 218 nonus
682 172 764 219 surus
786 171 933 218 canonici.

184 269 287 334 omnia
298 275 367 336 vota
377 269 488 334 directe
503 271 634 348 irritare,
650 276 679 332 et
697 269 842 332 indirecte
855 274 923 332 vote
942 285 1008 331 non
1023 267 1160 348 subjecto

186 377 254 422 rum
279 357 401 442 quando
425 360 485 423 voti
503 359 628 421 materia
648 358 705 441 ipsi
732 358 852 420 tantum
873 357 1063 438 subiicitur;
1087 357 1161 421 unde

188 447 298 531 duplex
309 449 500 512 estirritatio:
512 447 625 511 directa
633 447 756 529 quidem
765 445 872 529 quaein
882 465 1050 528 personam
1057 465 1161 509 voven-

188 537 224 598 tis
237 537 334 614 eadit3
351 542 382 599 et
395 537 540 600 indirecto
551 557 619 620 quae
633 536 713 599 cadit
726 537 759 598 in
778 535 839 598 voti
853 535 1026 598 materiam.
1043 538 1108 598 Hoc
1118 537 1161 616 jus

189 625 383 706 procedirnon
394 627 614 706 tantbmtJure
624 625 748 707 positivo
758 643 821 705 quo
830 624 920 687 certis
929 625 1074 706 personis
1082 624 1161 686 datur

188 719 317 794 potestas
335 714 519 778 dominativa
537 715 568 778 in
588 713 774 777 voluntatem
793 711 943 790 aliorum,
965 713 1021 778 scd
1043 713 1161 776 etiami

186 802 254 881 jure
268 805 409 868 naturali.
426 807 468 884 (S.
484 805 618 892 Lignea,
634 802 687 864 lib.
703 805 733 879 3,
751 803 784 864 η0
797 802 880 883 227.)

230 895 320 954 5212.
339 894 546 958 Communiter
568 899 704 955 auctores
726 890 837 954 docent
858 897 926 957 vota
947 909 1042 972 posse
1065 893 1163 956 irritari

191 979 305 1063 absque
312 985 404 1046 causa
417 983 611 1065 sinepercaio
624 979 742 1043 mortali
754 999 763 1056 ;
775 979 875 1043 verius
882 986 928 1042 est
942 979 1039 1044 etiem
1053 982 1163 1044 nullum

192 1075 277 1148 tunc,
293 1090 348 1153 per
361 1090 394 1134 se
405 1071 568 1154 loquend0,
586 1069 691 1132 adesse
705 1077 881 1150 peccatum,
897 1069 970 1150 quin
983 1077 1056 1133 voto
1070 1070 1163 1133 subdi-

192 1163 295 1222 torum
309 1160 365 1223 sub
379 1159 436 1223 bac
447 1159 619 1224 conditione
632 1159 799 1222 consensbs
809 1157 1012 1240 superiorum
1028 1161 1161 1222 emittun-

195 1248 476 1330 tur.-Dicilurper
488 1269 517 1310 se
531 1247 670 1330 loquendo
680 1295 687 1325 ‚
699 1247 769 1328 quia
783 1247 856 1310 alias
869 1246 928 1309 boo
942 1246 1072 1312 difficile
1087 1267 1154 1312 exeo

193 1344 276 1399 satur
292 1339 308 1398 b
323 1337 452 1414 veniali,
467 1339 537 1399 cirm
553 1337 591 1398 sit
605 1336 709 1398 saltem
724 1337 855 1400 otiosum
871 1353 965 1418 agere
978 1337 1049 1400 sine
1065 1343 1160 1408 coust,

193 1431 223 1487 et
236 1423 1027 1508 sicirrationabiliterimpedireturproiectusalterius
1043 1446 1052 1489 ε
1068 1427 1164 1490 suffieit

194 1515 414 1596 cutemquaevis
425 1515 996 1596 conserationabilis3necetiampeccot
1011 1518 1164 1580 mortaliter

195 1603 245 1684 qui
255 1603 406 1666 licentiam
417 1602 652 1680 datamrcvocat3
662 1603 725 1666 imo
733 1603 886 1685 probabile
895 1611 1008 1668 estnec
1021 1607 1164 1669 venialiter

196 1710 320 1774 peccare
335 1691 392 1755 nisi
406 1692 577 1774 promiserit
594 1710 656 1754 non
679 1710 830 1754 revocare.
846 1692 877 1755 Si
896 1695 970 1756 vero
989 1712 1056 1756 non
1077 1697 1164 1758 solim

197 1781 339 1862 Superior
353 1781 504 1844 licentiam
517 1780 648 1843 dedisset
661 1781 785 1844 vovendi
799 1789 963 1844 autvotum
974 1785 1163 1866 exsequenti,

198 1871 250 1932 sed
265 1871 356 1933 etiam
369 1875 472 1932 votum
487 1871 611 1951 positive
626 1870 834 1952 approbasset,
851 1879 925 1934 ωηο
937 1871 1098 1954 disputant
1110 1875 1162 1934 Db.

198 1979 237 2021 an
251 1967 323 2022 lunc
338 1965 475 2040 peccaret
487 1959 603 2022 tantbm
617 1957 771 2020 venialiter
789 1977 880 2022 suum
898 1961 965 2022 sine
985 1967 1082 2024 rausa
1097 1982 1165 2024 rem

198 2067 271 2110 rans
285 2066 485 2110 consensum:
502 2049 604 2129 plures
617 2048 721 2110 volunt
734 2048 833 2129 ipsum
853 2066 981 2130 peceare
999 2056 1078 2115 ωηο
1100 2072 1165 2116 mor-

199 2137 309 2212 tnliter;
328 2136 392 2212 sed,
408 2136 525 2198 secluso
544 2136 685 2200 scandalo
699 2146 751 2199 aut
759 2143 951 2219 contemptu,
968 2141 1002 2203 S.
1019 2143 1163 2223 Lignorius

200 2224 431 2306 probabiliorem
451 2224 541 2287 habet
561 2226 740 2289 sententiam
767 2233 951 2290 asserentem
975 2229 1010 2291 in
1034 2230 1095 2295 hoc
1113 2249 1158 2294 erse

201 2313 315 2376 tentum
324 2320 483 2398 peccatum
491 2314 618 2394 veniale,
629 2315 699 2396 quia
707 2315 849 2398 Superior
860 2335 921 2377 non
931 2321 1155 2397 potestabdinre

201 2421 288 2468 suam
300 2401 515 2466 dominativum
529 2410 706 2486 potestatem
720 2405 753 2467 in
765 2412 940 2467 voventem:
952 2406 1008 2469 sed
1023 2409 1085 2473 hoc
1098 2407 1162 2471 intel·

204 2491 358 2576 ligandum
377 2499 422 2554 est
445 2495 562 2555 tantum
583 2492 621 2554 de
643 2493 807 2556 irritatione
820 2493 952 2573 directa,
974 2515 1040 2559 non
1059 2497 1165 2561 venlde

204 2583 368 2662 indirecta,
382 2581 454 2664 quia
468 2581 611 2664 Superior
624 2589 721 2664 potest
733 2582 872 2646 abdicare
883 2585 934 2665 jus
946 2587 1033 2667 quod
1047 2588 1167 2652 hebetia

205 2669 507 2755 mmmm

245 2766 334 2824 5213.
350 2760 442 2842 lgitur
452 2760 568 2823 etiamsi
582 2761 757 2842 Superiores
768 2762 978 2826 ratificaverint
991 2781 1061 2830 vote
1080 2766 1168 2830 suurlt-

207 2857 325 2929 torum‚
351 2857 476 2932 possunt
496 2851 577 2914 certe
596 2850 647 2912 illa
669 2850 768 2914 adhuc
790 2851 906 2915 irritare
927 2853 1035 2917 saltem
1060 2857 1165 2919 valide:

207 2941 297 3020 porro
308 2938 403 3000 valida
413 2945 459 3002 est
467 2939 591 3002 irritatio
601 2940 740 3003 omnium
749 2947 888 3004 votorum
901 2941 993 3004 etiam
1004 2944 1037 3006 in
1048 2965 1165 3028 genere,

208 3029 276 3089 licet
288 3027 468 3105 futurorum,
479 3046 517 3094 ac
528 3035 675 3092 renuente
686 3027 817 3093 subdito.
833 3031 877 3108 (S.
890 3031 1063 3114 Lignorius,
1078 3033 1128 3097 lib.
1141 3037 1166 3110 3,

209 3115 250 3176 n¹·
264 3118 334 3192 228,
349 3115 437 3195 239.)

249 3206 339 3264 cult.
356 3205 467 3265 Votum
487 3206 581 3270 semel
603 3207 721 3270 irritum
743 3227 806 3272 nou
828 3207 896 3272 ideo
914 3207 1077 3288 reviviscit,
1095 3211 1167 3292 quiid

211 3293 312 3369 postea
332 3290 364 3350 in
390 3289 464 3353 illud
491 3297 658 3358 consentiat
679 3297 817 3376 irritam,
841 3297 895 3362 sed
917 3301 1080 3381 requiritur
1101 3317 1168 3362 nura

210 3375 331 3436 emissio
344 3377 403 3437 voti
418 3378 536 3459 abipso
553 3392 678 3446 vovente
691 3385 768 3448 lactc
788 3405 795 3446 :
815 3387 856 3449 ita
869 3387 971 3469 plures
983 3395 1086 3451 contra
1102 3407 1168 3450 uon·

211 3461 328 3537 nullos,
343 3481 392 3544 ap.
409 3465 440 3526 S.
456 3467 578 3544 Lignor.
595 3471 658 3546 (lib.
671 3475 701 3551 3,
717 3476 750 3536 η0
762 3478 843 3556 236).

252 3552 340 3610 5215.
358 3552 478 3622 Ouaerit.
495 3557 523 3614 1⁰
534 3558 662 3627 Quinum
678 3564 792 3642 possint
801 3571 868 3626 vota
882 3565 1019 3631 irritare?
