2482 3944
426 321 512 368 marn
532 323 692 370 sacunous.
1021 309 1039 371 5

69 437 129 482 care
141 418 179 484 de
191 437 248 481 suo
260 417 425 482 sacrificio.
442 419 517 481 Vide
530 437 579 500 ap.
596 420 627 483 S.
645 421 780 501 Liguor„
794 420 847 484 lib.
863 425 894 500 6,
910 420 951 482 n¹·
966 425 1037 496 aba,

105 599 191 660 tuot.
217 597 340 679 Species
360 603 464 659 autem
489 615 580 660 sacrm
604 603 677 660 sunt
700 598 880 662 renovanda
906 600 1038 680 quolibet

70 696 167 748 octavo
179 684 247 754 die,
262 687 347 765 juxta
361 684 563 748 decisisonem
577 687 608 748 S.
621 688 656 748 R.
668 687 791 768 Congr..
804 693 822 750 3
833 695 908 769 sept.
923 693 999 750 {672
1011 694 1038 750 et

72 773 178 836 t6dec.
193 778 290 836 tuan:
305 773 395 852 huius
406 782 506 835 autern
520 773 680 837 decisionis
694 777 864 852 occasione,
877 777 1038 838 Gar-delitui

71 863 137 925 dicit
147 862 304 944 praefatam
317 863 543 925 renovationem
560 881 622 924 non
637 881 703 925 esse
723 865 827 927 saitem
843 864 1042 926 differendam

75 951 144 1012 ultra
158 955 195 1012 td
207 949 288 1012 dies:
300 949 382 1030 quod
399 951 505 1013 nititur
514 951 637 1014 Constit.
655 955 710 1014 mr
725 953 887 1016 Gtementis
899 953 972 1029 vul,
989 952 1041 1015 ubi

75 1038 174 1101 dicitur
193 1058 202 1100 s
222 1039 477 1101 «sanctissimum
492 1039 686 1103 Eucharistiae
701 1043 943 1120 Sacramentum,
959 1041 1041 1122 quod

74 1149 87 1186 n
108 1147 161 1209 pro
175 1126 306 1189 infirmis
315 1135 499 1204 asservatur,
513 1129 640 1210 singulis
653 1137 721 1191 octo
734 1129 857 1206 diebus,
872 1138 925 1193 aut
936 1133 1041 1194 saltem

73 1237 87 1274 s
107 1215 273 1297 qaindecim
291 1223 464 1278 renouetur.
480 1239 495 1276 a
513 1217 625 1278 Eadem
647 1223 678 1278 et
696 1217 802 1280 iisdem
818 1217 886 1281 isere
908 1221 1043 1282 terminis

74 1312 211 1366 renovata
228 1304 284 1366 fuir
305 1305 490 1387 praescriptio
508 1308 525 1367 a
548 1305 662 1368 Bened.
681 1309 758 1384 xlv,
775 1308 805 1368 in
824 1309 949 1370 Constit.
971 1309 1040 1370 Etsi

72 1393 237 1474 pastoralis.
253 1393 314 1472 56.
330 1394 405 1456 Vide
418 1395 562 1456 Analecta
576 1395 643 1474 (3tt·
658 1395 736 1470 tin,
751 1396 808 1457 col.
825 1398 866 1475 t),
883 1397 978 1458 Reouc
995 1397 1044 1458 dcc

73 1483 192 1543 sn‘ences
203 1483 364 1544 ecclesiast.
377 1489 420 1561 tn·
431 1486 460 1556 Ξ,
473 1504 503 1563 ρ.
521 1485 599 1560 tia),
611 1489 642 1545 et
655 1485 784 1547 Romsde
797 1485 922 1562 (Proseis
934 1485 1041 1548 celebr.

73 1571 202 1642 missum,
220 1589 291 1650 pars
303 1575 332 1642 2,
349 1579 402 1632 art.
420 1574 470 1644 13,
486 1581 518 1633 n⁰
533 1575 573 1650 8).

110 1663 198 1722 3362.
212 1661 335 1731 Quaerit.
349 1663 380 1721 3⁰
394 1661 487 1732 Quale
499 1661 602 1723 vinum
619 1663 656 1723 sit
670 1663 794 1724 materia
808 1661 1023 1725 Eucharistiae?

110 1751 202 1828 resp.
223 1747 329 1810 Soliun
349 1749 446 1810 ninum
466 1749 501 1810 de
519 1751 592 1819 nr'tc.
612 1751 653 1812 uti
674 1749 810 1812 definivit
834 1751 986 1829 Eugenius
1006 1753 1043 1810 tv

76 1837 104 1896 in
117 1839 245 1899 Deci-eto
259 1855 349 1918 supra
364 1838 455 1899 relato
469 1839 593 1920 (3356);
611 1857 672 1898 non
687 1838 786 1898 sotum
797 1845 897 1898 autem
912 1837 969 1897 tale
985 1855 1046 1898 non

76 1933 225 2006 reputatur
252 1928 352 1988 omnis
369 1925 466 2007 liquor
479 1946 517 1989 ex
532 1928 597 1988 uvis
611 1944 672 1986 non
684 1925 877 2006 proveniens,
889 1923 941 1986 sed
956 1925 1046 1987 ctiam

78 2029 179 2076 succus
200 2033 239 2076 ex
262 2014 327 2076 uvis
348 2015 517 2077 immaturis
539 2033 719 2096 expressus3
744 2021 882 2092 acetum,
908 2014 979 2096 quia
1001 2022 1045 2078 est

77 2102 173 2164 sinum
188 2103 422 2166 substantialiter
435 2111 609 2184 corruptum
620 2123 627 2179 ;
640 2121 716 2178 uvae,
727 2103 797 2184 quia
807 2123 867 2165 non
876 2113 946 2166 sunt
957 2111 1045 2186 potus

76 2191 123 2250 sed
136 2209 227 2269 esca,
243 2191 281 2253 ita
306 2199 337 2253 ut
353 2209 392 2253 eu
410 2191 482 2272 ipsis
499 2191 653 2273 frangatur
664 2193 831 2271 jejunium;
848 2211 939 2274 sapa,
956 2193 1045 2272 idest

77 2288 206 2342 mustum
225 2280 262 2341 nd
277 2279 433 2342 dimidiam
451 2289 565 2362 partem
583 2281 758 2358 decoctum,
774 2281 844 2362 quia
859 2283 969 2364 pariter
983 2301 1046 2342 am·

77 2368 151 2443 ptiius
166 2386 228 2430 non
243 2377 288 2430 est
304 2370 409 2430 vinum
424 2369 476 2430 sed
490 2369 586 2431 cibus.
603 2371 652 2432 Sic
666 2370 748 2430 enim
763 2369 889 2432 habetur
900 2370 930 2430 in
946 2371 1044 2432 rubri-

77 2456 117 2515 cis
130 2456 275 2530 Missalis,
292 2457 335 2518 Dc
352 2455 536 2536 defectibus:
556 2479 571 2516 r
585 2458 615 2519 Si
630 2459 735 2520 vinum
753 2459 789 2520 sit
800 2458 910 2520 sactum
926 2458 1046 2538 penitus

78 2563 93 2598 a
113 2554 229 2606 acetum
242 2592 251 2622 ,
265 2545 311 2606 vel
326 2546 445 2626 penitus
460 2546 628 2626 putridum,
643 2547 688 2608 vet
707 2547 746 2609 de
766 2547 831 2608 uvis
845 2547 976 2617 acerbis,
992 2566 1044 2609 seu

79 2653 92 2686 r
116 2649 174 2694 non
189 2634 314 2696 maturis
329 2652 503 2714 expressum
513 2682 522 2714 ,
532 2635 577 2696 vei
592 2635 619 2697 ei
633 2635 800 2697 admixtum
816 2643 932 2698 tantum
945 2655 1044 2716 aquae,

77 2739 91 2774 r
114 2729 147 2782 ut
156 2723 260 2784 rinurn
274 2722 314 2784 sit
325 2729 517 2803 corruptum,
534 2741 594 2785 non
609 2723 769 2785 conficitur
778 2733 1010 2786 sacramentum.

111 2829 128 2867 r
151 2809 182 2872 si
205 2811 310 2873 vinum
331 2812 457 2892 ooeperit
476 2829 614 2874 acescere
632 2811 677 2872 vei
696 2808 870 2888 corrumpi,
889 2809 936 2869 vei
959 2809 1048 2872 suerit

78 2917 92 2952 r
112 2897 334 2980 aliquantutum
342 2917 422 2974 acre,
434 2899 479 2962 rel
490 2909 623 2962 mustum
631 2899 669 2960 de
678 2900 743 2960 uvis
754 2905 826 2959 tunc
836 2915 1011 2977 expressum
1023 2903 1045 2970 ¹,

77 3007 90 3040 r
111 2987 169 3063 rei,
183 2995 284 3064 etc...;
300 2986 459 3050 coniicitur
471 2995 711 3058 sacramentum,
729 2986 782 3048 sed
797 2985 965 3048 conficiens
978 3001 1047 3064 gra-

76 3097 90 3129 υ
112 3077 186 3138 riter
207 3083 323 3158 peccat.
345 3077 422 3136 »Ex
436 3077 483 3138 his
502 3076 716 3158 posterioribus
733 3075 831 3138 verbis
850 3093 911 3137 non
931 3073 1048 3136 vidntur

77 3180 160 3240 posse
182 3163 324 3227 sustineri
343 3165 490 3226 sententia
508 3165 758 3240 salmanticens,
776 3173 806 3226 et
825 3163 953 3227 alioruin
977 3183 1046 3246 gra·

77 3251 154 3313 rium
173 3255 235 3314 bD.
250 3253 302 3334 qui
317 3252 423 3314 dicunt
436 3261 509 3315 tunc
524 3257 640 3316 tantum
656 3254 771 3334 peccari
787 3255 914 3334 graviter
928 3254 958 3315 in
973 3273 1046 3317 con-

74 3342 219 3404 secrando
232 3343 303 3404 uiuo
316 3349 490 3418 acescente,
503 3342 625 3423 quando
639 3342 716 3404 istud
732 3349 778 3403 est
787 3344 957 3422 proximum
972 3346 1044 3407 aceti

103 3495 156 3548 'ln
177 3497 227 3548 hoc
245 3515 256 3544 ι
276 3495 413 3548 mundum
426 3496 546 3563 quosdam
566 3501 666 3548 excusat
685 3495 783 3546 devotio
800 3496 884 3560 populi
898 3512 904 3548 :
920 3498 1047 3563 quomodo

74 3583 84 3608 ι
102 3569 177 3618 multi
195 3577 328 3628 excusant,
348 3577 433 3620 contra
450 3569 550 3627 suarez,
571 3569 638 3634 quod
651 3568 674 3617 in
688 3567 835 3632 quibusdam
857 3567 918 3616 iocis
936 3569 1046 3631 primitia

75 3657 84 3679 ι
102 3653 209 3688 uvarum
222 3639 246 3688 in
261 3641 339 3690 calice
353 3640 528 3701 exurimantur.
539 3639 599 3690 Vide
616 3638 710 3688 Rouac.
723 3654 733 3684 ι
748 3637 781 3690 tu
791 3637 1045 3700 Eusembaum,apud

74 3705 99 3756 s.
111 3707 227 3775 sanor..
239 3709 282 3760 ns.
295 3711 318 3770 a,
332 3711 361 3760 n·
371 3709 428 3761 roi.
