2474 3946
452 227 537 280 staua
558 222 715 282 saturnus
1022 205 1080 280 tdb

99 325 352 398 communissima
370 332 477 396 dieunt
489 335 552 396 DD.
576 335 601 396 si
615 335 654 398 ob
674 333 798 396 nimiam
812 332 1014 408 caliditatem,
1039 332 1083 394 vir

100 443 221 505 semper
235 424 367 485 seminet
380 430 464 484 extra
478 441 540 501 vas,
556 431 718 503 antequam
731 423 824 506 possit
837 425 938 499 eoire;
954 421 1007 484 sed
1016 421 1083 485 haeo

102 513 256 589 soliditas,
269 513 401 590 juxtas,
417 511 564 573 Thomam
579 513 717 590 atatim,
732 513 777 573 vix
793 518 969 593 potestesse
984 513 1080 592 impe·

104 600 275 662 dimentum
290 607 480 682 perpetuum.
502 601 587 664 Idem
609 601 719 662 dicitur
738 600 775 662 de
789 600 1012 662 abominatione
1026 593 1080 662 viri

102 707 174 770 erga
187 689 350 750 mutierem
365 687 487 770 quando
505 689 545 751 ob
559 690 624 769 ejus
637 689 873 766 deformitatem,
892 690 974 751 nulio
989 683 1081 750 modo

13 827 16 830 .
104 783 201 859 potest
215 777 336 840 emitari
351 776 388 838 ad
402 778 564 858 copulam:
581 779 612 840 in
637 777 684 842 his
698 777 842 840 omnibus
863 777 982 840 casibus
994 778 1082 839 datur

106 867 286 950 conjugibus
299 867 465 929 triennium
479 868 509 928 in
525 887 587 950 quo
596 867 677 930 licite
694 873 821 949 possunt
834 866 977 948 copulam
990 883 1081 947 expe·

105 956 174 1026 riri,
190 975 228 1018 ex
241 974 309 1038 oap.
325 953 533 1031 mutabilem,
550 956 584 1018 de
597 956 788 1037 bipartitam,
807 961 864 1018 eto.
881 955 928 1037 (S.
945 955 1081 1036 Lignea,

108 1043 241 1124 ididan.)

145 1137 236 1194 ⁴223.
260 1133 392 1197 Invalida
419 1136 509 1197 etiam
535 1134 717 1198 contrahunt
744 1135 856 1196 evirati
883 1152 937 1197 seu
959 1132 1083 1196 eunuchi

105 1221 230 1304 quando
243 1229 347 1285 carent
366 1230 494 1304 utroque
516 1223 653 1286 testiculo
669 1239 679 1308 (
694 1243 781 1288 secus
795 1223 819 1286 si
842 1242 905 1287 uno
917 1220 1089 1302 duntaxat‚)

105 1312 181 1392 quia
196 1330 257 1372 non
271 1313 414 1374 emittunt
427 1330 531 1374 semen
542 1320 646 1394 aptum
656 1313 840 1394 generationi
853 1332 860 1374 ε
872 1311 947 1376 dum
961 1313 1083 1374 econtra

106 1399 183 1462 iilud
198 1401 337 1463 emittunt
358 1420 461 1478 senaa,
476 1401 531 1464 etsi
551 1419 605 1483 per
628 1401 767 1464 accidens
781 1421 884 1465 semen
899 1418 1006 1464 eorum
1020 1419 1082 1464 non

105 1491 147 1552 sit
162 1490 332 1570 proiiticum
347 1491 405 1572 (ap.
422 1493 454 1553 S.
470 1489 606 1571 Liguor„
621 1490 672 1552 lib.
690 1495 727 1569 6,
744 1493 776 1552 n⁰
794 1495 883 1570 1095,
900 1493 938 1570 1).

148 1581 216 1640 b'on
230 1579 403 1660 reputandae
416 1585 488 1642 sunt
502 1579 681 1660 impotentes
698 1579 820 1642 feminae
834 1599 902 1661 quae
918 1597 979 1642 non
991 1580 1084 1644 edunt

105 1668 215 1730 ioetum
229 1667 286 1730 nisi
300 1675 455 1731 montaum
470 1716 478 1746 ,
494 1668 539 1730 vet
554 1669 672 1730 nonnisi
687 1687 759 1730 aum
772 1667 907 1748 periculo
924 1667 991 1730 vitae
1013 1688 1083 1749 pro·

106 1757 182 1838 priae
195 1777 203 1831 ;
219 1775 276 1818 neo
289 1758 339 1838 qui
357 1758 446 1838 pautd
456 1765 521 1839 post
531 1764 601 1819 sunt
614 1756 859 1838 mor·iturae,quia
870 1762 940 1817 sunt
949 1763 1084 1836 potentes

106 1845 146 1908 ad
162 1845 285 1907 coitum.
302 1847 343 1919 (S.
360 1848 494 1927 Liguon,
511 1845 597 1926 idid.)

147 1938 315 1997 tim-3⁰
329 1934 628 2017 Eu-improportr'one
643 1953 680 1995 :a
694 1934 718 1997 si
733 1951 843 2017 nempe
852 1935 965 1999 semina
978 1935 1085 2000 habeat

108 2048 123 2084 a
150 2041 209 2085 vas-
217 2024 293 2087 adeo
306 2031 423 2086 arctum
438 2024 560 2104 (saitem
574 2029 709 2106 respectu
732 2024 813 2102 viri),
838 2032 873 2087 ut
892 2024 942 2088 ille
955 2033 1085 2108 nequeat

105 2139 121 2174 n
150 2120 329 2194 penetrare:
345 2121 418 2176 tune
432 2115 456 2175 si
471 2113 583 2175 semina
599 2131 659 2174 non
675 2114 769 2196 possit
782 2121 850 2196 apta
862 2114 927 2178 tieri
942 2115 980 2179 ad
994 2135 1084 2199 oopu-

105 2229 121 2268 υ
149 2203 212 2266 lam
226 2201 282 2264 nisi
297 2221 369 2266 eum
379 2201 513 2284 periculo
527 2201 646 2280 mortis,
662 2221 769 2266 omnes
784 2207 970 2270 conveniunt
982 2207 1084 2269 Matri-

106 2319 121 2354 1
149 2293 289 2355 monium
312 2310 377 2353 esse
400 2292 517 2354 nullum
541 2311 577 2354 ex
600 2311 667 2374 sap.
690 2293 919 2368 Fratemitatis‚
940 2295 974 2357 de
991 2296 1084 2378 sript-

105 2408 122 2444 υ
149 2382 299 2456 ditate...,·
309 2381 513 2443 undeetiamsi
523 2399 594 2444 eum
604 2381 653 2442 tati
665 2381 798 2464 periculo
808 2385 913 2445 mortis
923 2384 1086 2465 ipsatuerit

106 2499 122 2533 a
150 2471 246 2534 incisa
263 2477 294 2544 et
315 2468 393 2532 tauta
410 2469 538 2548 idonea,
565 2471 790 2534 matrimonium
810 2491 871 2533 non
894 2473 989 2548 valet,
1015 2475 1086 2555 quia

106 2585 122 2622 a
150 2559 233 2643 quod
254 2558 292 2621 ab
312 2558 399 2620 initio
416 2565 462 2620 est
486 2559 667 2636 invalidum,
693 2561 798 2640 nequit
824 2567 920 2620 tractu
942 2562 1086 2640 temporis

106 2675 122 2713 s
150 2649 376 2714 convalescere:
391 2648 431 2710 ita
443 2649 656 2711 communiter.
672 2671 687 2707 s
702 2651 732 2710 S.
745 2647 808 2727 Lig.
821 2647 884 2724 (lib.
897 2652 927 2722 6,
942 2652 1084 2726 midaii).

150 2743 242 2803 4225.
266 2739 500 2800 controvertitur
513 2756 553 2800 an
569 2737 768 2818 iudicandum
782 2736 819 2796 sit
841 2734 960 2797 nullum
983 2737 1086 2797 matri-

110 2830 251 2894 monium
265 2826 387 2908 quando
402 2827 511 2890 mulier
525 2833 625 2908 posset
638 2835 706 2906 apta
720 2824 786 2886 beri
801 2823 839 2884 ad
853 2824 1010 2906 copulam,
1022 2826 1088 2889 sind

110 2917 236 3002 quidem
251 2915 386 2998 periculo
401 2917 521 2992 mortis,
537 2911 590 2976 sed
613 2930 684 2976 eum
708 2913 842 2993 periculo
856 2913 954 2994 gravis
968 2914 1085 2978 morbi:

111 3007 294 3090 speculative
308 3005 404 3068 verior
413 3011 536 3086 apparet
549 3003 696 3064 sententia
706 3021 819 3084 negans
833 3002 872 3064 ob
881 3003 1088 3068 auctoritatem

111 3115 178 3178 cap.
204 3093 421 3158 Fratemitatia
440 3093 533 3155 modd
553 3091 654 3170 citati,
673 3090 725 3155 ubi
747 3091 856 3154 dieitur
881 3091 1000 3155 nullum
1022 3112 1088 3158 esse

1 3231 2 3258 2
111 3183 342 3248 matrimonium
356 3183 478 3264 quando
501 3181 610 3263 copule
631 3181 736 3262 nequit
757 3179 859 3244 baberi
873 3181 934 3244 uiri
942 3202 999 3264 per
1012 3183 1090 3245 iacin

107 3275 222 3336 sionem
240 3279 294 3334 out
310 3271 371 3334 ulio
389 3271 448 3334 siti
463 3269 546 3333 modo
568 3269 709 3332 violentia
728 3269 892 3352 inseratur,
909 3271 966 3332 aad
978 3272 1087 3334 solum-

107 3362 195 3424 modo
208 3361 289 3432 levis,
306 3359 357 3422 sed
366 3359 446 3441 forti
460 3369 519 3421 tam
538 3360 639 3442 prauis
653 3366 687 3420 at
704 3377 742 3420 eo
759 3358 792 3421 ed
805 3359 910 3420 mortis
922 3360 1088 3441 perdomans

1 3441 2 3468 ¹
110 3451 278 3513 timeatur:
291 3449 423 3514 diximus
434 3448 629 3533 speculative,
646 3447 718 3530 quia
731 3448 880 3530 practice,
903 3449 1022 3528 quoties
1037 3468 1089 3528 per

109 3539 295 3603 incisionem
314 3539 412 3621 gravis
430 3539 555 3602 morbus
580 3539 728 3614 timetur,
752 3537 856 3600 subest
874 3536 966 3598 otiam
985 3534 1089 3594 mortis

110 3629 297 3712 perieulum.
310 3630 354 3707 (S.
367 3627 501 3710 Liguor„
517 3627 569 3690 tib.
585 3631 605 3689 6
614 3670 623 3703 ,
639 3629 673 3687 n⁰
683 3628 784 3705 1097.)

237 3745 331 3794 mul.
997 3695 1015 3747 ν
1080 3753 1083 3756 “
