2434 3940
214 147 274 210 ent
432 161 572 209 annulus
591 159 692 207 rorrus
712 158 793 206 runis
812 154 959 202 neronior.

214 261 294 341 qrrdd
310 260 333 322 si
349 279 418 342 pars
432 265 566 322 materiae
575 259 674 331 luerit,
689 257 735 321 vel
744 255 896 319 dubitetur
910 270 949 314 an
962 249 1052 313 luerit
1061 247 1176 322 omissa,

215 368 241 410 v.
258 370 306 430 g„
334 351 357 412 si
378 350 484 412 tradita
507 350 609 412 luisset
632 357 738 430 patena
759 361 829 408 cum
849 341 965 416 hostie,
980 345 1012 402 et
1028 337 1102 438 calis
1116 337 1179 397 sine

214 438 294 512 rino,
310 446 369 500 lota
383 439 532 500 ordinatio
546 446 621 500 esset
638 434 815 518 repetendu;
827 441 856 494 et
871 431 950 493 idern
965 435 1011 490 est
1023 425 1179 489 drrendunr

214 527 252 588 de
266 527 454 589 ordinatione
469 527 606 608 Episcopi
618 533 649 588 et
664 525 784 587 Diaconi
795 527 873 604 (cap.
892 517 1067 600 Presbyter,
1084 515 1117 576 de
1130 515 1181 614 So:

215 615 549 696 erumnoniterundisb
562 615 618 678 hoc
627 622 728 676 lernen
740 630 800 674 non
813 610 942 691 exigitur
952 626 1007 690 pro
1018 624 1088 670 casu
1102 603 1179 705 dubo

217 703 246 764 in
261 705 325 766 aliis
339 704 580 767 ordinationibus
596 723 604 764 :
625 705 656 765 in
678 703 722 765 eis
741 701 842 770 enim,
867 699 891 760 si
907 697 982 759 adsit
997 693 1182 794 parbubrlrtas

216 811 271 874 pro
281 794 379 855 valore
389 793 504 856 ordinis
515 793 655 874 suscepti,
667 783 802 854 delectus
813 794 927 850 nonest
937 785 1105 848 necessario
1118 801 1183 863 sup

217 882 356 962 plendus,
371 885 407 946 eb
430 881 512 963 quod
531 900 562 943 rn
577 879 745 944 sacerdotio
759 885 863 960 postea
878 873 1070 956 suscipiendo
1088 872 1184 934 onruis

217 971 335 1034 illorurn
352 979 482 1054 potestas
494 970 663 1052 recipiatur.
680 971 711 1031 S.
727 969 863 1048 Lignor.,
881 965 933 1026 lib.
948 967 984 1041 6,
1001 972 1033 1025 η’
1048 965 1116 1026 858.
1131 963 1184 1022 Ca-

218 1077 287 1122 rens
314 1071 414 1123 autern
445 1061 552 1122 ordine
580 1057 736 1121 sacerdotii
761 1057 805 1118 vel
841 1055 1035 1136 Episcopatus
1061 1051 1185 1113 invalide

218 1167 324 1212 eorum
349 1169 474 1212 munera
496 1155 667 1224 exerceret3
688 1147 753 1209 aliis
769 1147 839 1208 verb
861 1144 1019 1205 ordinibus
1042 1149 1184 1216 carentes,

219 1237 298 1298 licite
320 1238 444 1318 quidern
473 1245 593 1319 possent
616 1253 755 1299 exercere
779 1233 804 1296 sl
832 1241 931 1296 essent
959 1233 1109 1306 minores,
1136 1229 1188 1293 sed

220 1325 319 1388 illicite
339 1327 363 1387 si
385 1334 485 1388 essent
505 1327 650 1406 majores,
669 1331 700 1388 et
718 1323 829 1388 incurri
858 1327 959 1406 posset
977 1318 1186 1402 irregularitas.

220 1416 261 1489 (S,
276 1414 408 1494 L?guor.,
425 1428 458 1477 n⁰
471 1419 552 1491 754.)

260 1507 349 1566 3976.
374 1506 497 1577 Quaerit.
518 1509 549 1568 8ο
568 1506 706 1576 Quonam
729 1509 865 1586 tempore
882 1499 1042 1593 supplendi
1060 1498 1121 1562 sint
1138 1499 1192 1564 de·

221 1593 315 1656 lectus
329 1595 481 1656 corninissi
496 1593 526 1655 in
543 1592 755 1655 ordinatione?

261 1681 352 1765 ltesp.
368 1683 417 1745 Sic
431 1683 531 1746 haberi
552 1683 583 1744 in
597 1701 664 1763 cap.
685 1680 847 1763 Presbyter
868 1679 959 1743 modo
976 1681 1087 1760 citato,
1106 1699 1194 1744 occa·

222 1773 306 1835 sione
320 1773 492 1834 omissionis
502 1772 702 1855 impositionis
711 1789 857 1833 manuurn
869 1773 900 1832 in
910 1770 1101 1833 ordinatione
1112 1791 1195 1854 pres·

224 1861 317 1943 byteri
331 1863 375 1924 rel
390 1861 534 1923 diaconi:
560 1861 619 1924 «Si
638 1861 786 1923 corissum
806 1859 916 1934 luerit,
932 1878 993 1922 non
1013 1867 1060 1922 est
1079 1859 1196 1942 aliqua-

225 1958 351 2012 »tenus
372 1950 557 2027 iterandum,
580 1949 644 2024 sed,
669 1957 778 2012 statuto
804 1956 939 2031 ternpore
964 1949 1001 2011 ad
1023 1947 1198 2031 hujusmodi

224 2059 241 2098 ι
262 2038 993 2120 ordinesconlerendos,cautcsupplendunrquod
1002 2058 1200 2122 pererrorenr

223 2149 239 2185 n
262 2125 372 2188 exstitit
400 2135 683 2208 praetermissum.»
711 2129 754 2189 Ex
783 2127 834 2189 illo
860 2145 978 2191 canone
1003 2131 1202 2192 communius

225 2224 356 2296 arguunt
371 2217 432 2276 ub.
453 2215 588 2277 delectus
600 2217 779 2278 commissos
794 2217 824 2278 in
838 2217 1028 2282 ordinatione
1042 2235 1110 2282 esse
1128 2239 1202 2302 sup·

225 2304 351 2384 pleodcs
364 2309 500 2384 tenrpore
518 2304 757 2368 ordinationibus
771 2310 938 2389 assignato,
955 2325 1016 2370 non
1034 2311 1108 2371 verb
1126 2329 1203 2391 quo·

226 2411 361 2472 cumque
379 2393 450 2454 anni
473 2399 629 2479 tempure,
650 2402 683 2456 ut
697 2390 801 2457 volunt
824 2398 1016 2473 salmantic.;
1040 2398 1202 2480 distinguit

225 2489 324 2544 autern
335 2483 366 2543 S.
382 2482 502 2563 Liguor.
515 2483 623 2545 etdicit
632 2483 765 2546 delectus
775 2485 1054 2550 essentialesdeberi
1065 2489 1204 2572 suppleri

226 2580 360 2652 tompore
374 2571 612 2633 ordinationibus
630 2575 795 2652 assignato
816 2593 922 2654 secus,
947 2577 971 2638 si
992 2577 1132 2640 delectus
1146 2579 1206 2640 sint

226 2660 438 2737 accidentales;
449 2660 558 2722 deinde
566 2659 665 2721 addit:
678 2662 934 2727 «Probabiliter...
944 2665 1016 2728 dicit
1024 2667 1205 2730 'larubur‚..

226 2773 240 2810 o
265 2758 295 2812 el
309 2751 421 2812 Crois..
437 2749 519 2831 qudd
534 2751 558 2811 si
573 2750 612 2810 ob
626 2749 724 2811 solum
738 2751 876 2828 dubiurn,
889 2755 1012 2818 iteretur
1026 2757 1086 2819 sub
1100 2759 1197 2820 condi

226 2862 241 2898 n
266 2839 347 2900 tione
364 2838 439 2900 ordo
461 2840 506 2900 rel
520 2840 699 2901 caerernonia
711 2841 826 2921 aliqua,
843 2845 952 2924 poterit
971 2845 1071 2908 iterari
1096 2851 1193 2928 quoti

226 2947 241 2984 a
266 2926 314 2986 die
332 2933 363 2986 et
378 2929 396 2986 a
410 2929 515 3006 quoris
526 2930 692 3010 Episcopo,
709 2929 878 3012 eodemque
891 2932 1095 3015 dispulerunt
1113 2938 1200 2998 simu

227 3037 242 3072 n
267 3013 394 3074 conferri
406 3015 537 3087 ordines,
551 3027 611 3076 tarn
633 3020 762 3098 nrajores
780 3023 873 3100 quain
894 3022 1045 3101 minores,
1062 3025 1196 3087 adbibili

227 3123 243 3160 n
267 3104 338 3162 solis
349 3103 587 3165 solennitatibus
601 3107 793 3187 probabiliter
802 3112 1209 3176 necessnusadraloreunr

228 3192 260 3250 S.
278 3191 420 3270 lignun,
438 3190 488 3250 lib.
502 3195 540 3270 6,
557 3204 589 3254 n⁰
605 3201 672 3258 759.

266 3280 356 3340 3977.
380 3281 502 3350 uuaerit.
523 3285 555 3344 9⁰
581 3287 626 3344 bn
646 3286 842 3367 irregulares,
861 3291 1143 3358 excommunicati.
1166 3283 1209 3392 rel

228 3364 287 3428 alio
308 3368 397 3430 niodo
417 3370 530 3452 indigni
555 3379 698 3453 lanquarn
718 3378 812 3440 valide
831 3379 958 3442 ordinati
975 3391 1033 3442 sint
1050 3382 1209 3568 habendpp

229 3455 351 3536 quando
374 3466 443 3519 ante
466 3459 685 3524 ordinationem
710 3467 887 3548 Episcopus¹
899 3477 1081 3553 pnrlestatus
1105 3479 1157 3536 est

230 3545 309 3610 nollo
324 3545 494 3626 huiusmodi
508 3550 647 3632 indignos
662 3553 823 3620 ordinare?
1208 3569 1209 3578 ’
