2474 3946
163 194 221 260 aar
387 210 525 260 sinuata
544 210 645 261 rorrus
666 210 747 260 runis
767 207 914 258 carromcr.

201 313 292 375 teau.
316 310 345 374 Si
360 311 431 372 verb
444 312 607 393 conjuges,
623 311 677 373 elsi
691 309 836 392 puberes,
849 327 913 372 non
925 309 1056 373 valerent
1068 325 1132 371 ma·

163 399 339 462 trimonium
361 417 589 474 consummare,
613 416 675 460 non
704 397 771 460 ideo
794 397 914 460 nullum
939 397 1133 478 judicandum

163 505 269 551 eorum
282 487 475 569 coniugium,
491 487 638 569 quidquid
653 485 790 549 nonnulli
800 485 919 564 dicant,
931 487 1003 568 quia
1017 486 1136 548 illorum

164 576 340 658 impotentia
362 576 470 638 merito
496 574 747 656 presumi-deber.
769 580 803 637 ut
829 574 929 638 solum
952 574 1134 656 temporalis.

164 665 252 730 Unde
267 665 461 728 communius
478 663 604 727 docetur
621 661 702 744 quod
722 662 888 724 triennium
907 681 1087 726 concessum
1100 661 1136 724 ad

164 753 379 834 experiendam
393 752 556 836 potentiam
568 753 701 833 incipere
715 751 804 813 debet
816 751 947 828 notum,
956 771 1011 834 pro
1024 751 1089 814 siro
1102 750 1138 813 ab

166 859 245 904 anno
261 845 319 912 l8,
341 851 370 904 et
389 859 443 924 pro
462 840 574 904 lemine
588 840 627 902 ab
649 857 731 902 enno
746 843 804 918 ΙΙ,
829 841 901 920 quia
920 839 976 902 htc
996 839 1137 903 duntaxat

165 937 250 994 aetate
273 929 348 994 solet
369 930 501 1010 perlecta
522 947 587 991 esse
606 927 760 1010 pubertas.
773 961 810 976 -
823 929 855 990 S.
872 929 994 1010 Liguor.
1010 928 1075 1011 (lib.
1099 932 1137 1006 6,

166 1027 200 1082 u⁰
212 1018 300 1095 roob)
315 1027 344 1082 et
357 1018 461 1081 Theoi.
473 1017 573 1081 Totos.

205 1111 294 1169 tato.
318 1109 497 1187 Quanquam
512 1105 703 1168 matrimonia
721 1113 785 1169 rata
805 1105 996 1188 impuberum
1011 1105 1138 1169 invalida

166 1195 332 1258 habeantur
345 1213 381 1256 ex
392 1194 510 1257 delectu
519 1198 701 1272 consensus,
711 1195 810 1258 valere
823 1202 925 1257 tamen
941 1203 1070 1275 possunt
1079 1203 1141 1258 tan·

166 1302 257 1363 quam
272 1283 421 1364 sponsalia
435 1301 472 1344 ex
492 1283 612 1364 speciali
627 1283 822 1364 dispositione
834 1283 910 1364 juris
924 1283 956 1345 in
970 1301 1037 1364 cap.
1059 1283 1138 1354 Tuoe,

168 1369 200 1432 de
217 1391 311 1452 spone.
328 1370 439 1452 impet.
452 1417 460 1448 ,
475 1378 504 1433 et
517 1389 584 1452 cap.
601 1371 683 1434 unic.
708 1371 822 1451 eodem,
842 1372 873 1434 in
896 1376 939 1436 6⁰.
961 1371 1035 1458 Vide
1053 1372 1137 1438 Card.

167 1459 267 1540 Soglia
282 1459 364 1537 [last.
377 1458 443 1540 jur.
455 1459 550 1540 prin,
565 1460 584 1539 ξ
598 1462 681 1540 188).
998 1537 1003 1546 ,

205 1551 295 1610 luti.
317 1549 407 1611 Juxta
424 1547 533 1609 Bened.
550 1551 636 1623 xlv,
658 1549 690 1611 in
705 1549 806 1631 Epist.
822 1550 862 1612 cd
875 1551 1034 1634 Epr'reopor
1048 1551 1143 1614 Polo·

167 1635 242 1706 nite,
265 1643 391 1720 possunt
404 1637 543 1718 Episcopi
563 1637 715 1700 declarare
729 1657 768 1700 an
786 1639 899 1702 malitia
916 1639 1057 1721 suppleat
1070 1646 1142 1702 aeto·

167 1732 245 1801 tem,
260 1745 296 1788 ac
310 1724 434 1807 proinde
448 1745 487 1788 an
501 1725 539 1787 sit
554 1725 638 1788 locus
657 1725 748 1788 dandi
766 1728 917 1790 licentiam
933 1728 1053 1810 nuptias
1069 1747 1142 1791 con·

167 1815 324 1893 trahendi,
340 1823 409 1878 ante
423 1814 587 1896 legitimam
602 1822 730 1877 aetatem.
751 1817 809 1878 Sed
820 1816 859 1878 ad
873 1815 971 1879 solum
986 1819 1018 1878 S.
1035 1818 1142 1880 Ponti-

168 1904 256 1967 ficem
282 1904 411 1984 pertinet
432 1903 606 1985 dispensare
630 1921 701 1965 cum
725 1905 841 1987 eisqui
865 1905 1001 1968 nondum
1029 1905 1143 1970 habent

167 1999 285 2053 aetatem
312 1999 341 2053 et
369 2011 429 2054 non
458 1991 556 2054 adhuc
581 1997 653 2056 sunt
677 2001 824 2074 potentes.
855 1993 930 2057 Vide
958 1993 1139 2079 compend..

167 2081 205 2144 lt.
220 2080 373 2158 Cernere,
390 2089 423 2142 n·
438 2084 506 2141 tet.

645 2209 665 2263 lt

450 2331 485 2372 on
504 2330 689 2374 ruraurrmnro
708 2331 854 2377 urcaurms.

207 2452 297 2510 lm.
320 2449 378 2510 Per
396 2447 525 2528 ligamen
540 2445 715 2526 intelligitur
734 2447 890 2510 vinculum
907 2445 1016 2530 prioris
1038 2450 1143 2514 matri·

169 2537 263 2599 monii
282 2556 289 2598 :
306 2537 374 2617 iure
396 2534 498 2596 divino
527 2535 631 2596 nititur
655 2535 712 2596 hoc
735 2535 986 2616 impedimentum
1003 2583 1011 2614 ‚
1027 2539 1143 2602 unitate

170 2643 280 2708 nempe
289 2623 584 2688 etindissolubilitate
598 2623 779 2686 matrimonii
789 2643 857 2706 quae
864 2623 940 2703 juris
953 2624 1047 2688 divini
1057 2635 1139 2707 sunt,

169 2723 199 2778 et
213 2714 372 2796 exquibus
386 2712 529 2794 corrJ‘uges
538 2719 694 2793 nequeunt
703 2711 975 2776 aalidesecundum
986 2717 1142 2779 matrimo-

168 2911 185 2952 ι
209 2891 341 2954 Trident.
354 2897 437 2967 (sess.
449 2895 499 2967 24,
511 2909 579 2952 can.
591 2894 633 2968 Ξ),
649 2890 737 2951 licere.
745 2890 915 2952 christianis
934 2891 1035 2972 plures
1052 2893 1141 2956 simul

169 3001 184 3038 r
210 2978 318 3040 habere
341 2997 465 3054 uxores,
481 2985 512 3039 ot
534 2977 591 3041 hoc
610 2979 693 3040 nullt
713 2979 779 3060 lege
798 2977 899 3044 divine
919 2997 985 3041 esse
999 2981 1141 3060 prohibi·

169 3087 184 3127 r
209 3073 289 3138 tum,
304 3064 463 3126 anathema
477 3066 524 3127 sit.
540 3088 556 3125 u
571 3101 608 3114 -
619 3069 681 3130 Nec
690 3086 744 3150 per
757 3067 1018 3149 supervenientem
1034 3071 1139 3150 prioris

171 3155 307 3236 coniugis
333 3153 464 3228 obitum,
492 3155 662 3218 secundum
688 3155 917 3219 matrimonium
944 3159 1139 3238 convalescit,

135 3241 137 3244 ’
169 3243 241 3323 quia
254 3261 291 3305 ex
305 3243 409 3323 regula
424 3245 461 3305 tc
473 3243 550 3321 J'uris
564 3244 594 3305 in
609 3249 640 3306 δ’
657 3264 665 3306 :
685 3267 701 3306 a
721 3247 787 3308 Non
802 3245 939 3308 firmatur
952 3251 1051 3308 tractu
1065 3255 1140 3311 tem·

168 3350 185 3392 s
209 3332 290 3414 poris
303 3331 384 3414 quod
398 3331 511 3411 dejure
525 3331 563 3394 ab
577 3332 661 3396 initio
676 3353 737 3397 non
752 3335 895 3397 subsistit.
911 3357 927 3394 n

209 3425 298 3484 tate.
322 3421 468 3483 Secundae
494 3422 605 3501 nuptiae
629 3422 826 3502 prohibentur
841 3423 1039 3506 quoadusque
1059 3427 1140 3490 certd

170 3517 285 3576 constet
298 3508 336 3571 de
351 3517 447 3570 morte
460 3509 568 3590 prioris
582 3512 731 3591 conjugis.
754 3513 804 3575 Sic
818 3514 900 3575 enim
916 3514 1025 3576 Lucius
1038 3517 1093 3590 ΙΙΙ,
1108 3517 1139 3578 in

172 3615 237 3679 cap.
254 3603 288 3676 2,
304 3597 339 3660 de
351 3596 616 3677 secundianuptr'is‚
632 3600 786 3676 respondit
795 3599 964 3663 christianis
977 3601 1008 3664 in
1023 3604 1137 3683 captivi·
