2416 3954
187 183 244 246 750
401 191 664 252 urnurarssrorras
684 207 765 254 rums
785 203 934 255 cannmcr.

224 310 366 383 ouoedam
386 317 487 374 autem
506 317 635 378 notanda
655 327 726 382 sunl
739 324 821 385 circa
836 319 935 383 varios
951 317 1019 381 illos
1036 319 1144 382 rasusl

185 400 513 464 iiilualienumerstos:

222 494 311 552 4778.
336 493 367 552 7·
383 491 519 554 Haeretici
534 493 670 574 privandi
686 504 756 562 sunt
767 498 923 580 sepulturi
936 515 973 560 ex
991 514 1058 574 cap.
1075 493 1146 572 (lui-

184 598 305 660 eumqrre
320 577 355 641 de
366 578 522 654 hereticis,
543 582 575 644 in
591 587 635 660 6⁰,
648 587 678 648 in
692 606 754 667 quo
775 589 905 650 dicitur:
925 609 942 648 s
962 585 1146 664 Quicumque

183 689 198 726 7
217 667 384 738 haereticos,
395 668 562 743 credentes,
577 682 788 755 receptatores,
801 675 988 750 defensores,
999 673 1046 738 rel
1058 673 1145 736 lauta-

185 777 200 813 n
220 773 266 816 res
280 773 388 818 eorum
402 756 533 820 scienter
546 765 794 843 presumpserint
807 765 1020 828 ecclesiasticas
1038 763 1148 824 tradere

184 867 200 904 s
218 845 1148 928 sepulture,usqueadsatistactionemidoneam,excommuni-

186 955 200 994 a
219 934 343 995 cationis
356 936 510 998 sentenliae
519 955 551 999 se
560 943 698 1004 noverint
708 943 880 1020 subjacere,
893 961 950 1004 nec
960 941 1150 1003 absolutionis

186 1043 201 1081 a
220 1021 399 1086 beneficium
415 1033 599 1103 mereantur,
611 1029 666 1092 nisi
680 1032 810 1114 propriis
820 1029 961 1094 munibus
971 1029 1090 1112 pontice
1100 1049 1141 1091 ex·

187 1133 202 1171 7
226 1111 415 1174 tuoruleotet
426 1113 583 1192 projiciant
598 1117 771 1196 hujusmodi
786 1121 1149 1200 corporadamnatorum,

186 1223 201 1258 a
219 1207 247 1260 et
261 1199 346 1262 locus
360 1201 409 1262 ille
424 1205 568 1282 perpetui
580 1216 680 1270 careat
693 1211 860 1290 sepulturi.
878 1231 894 1268 s
910 1210 992 1272 loter
1005 1217 1152 1288 apostatas

186 1289 377 1350 adnumerari
392 1289 500 1352 debent
515 1312 623 1360 omnes
642 1299 726 1380 impii
744 1301 796 1381 qui
815 1300 935 1378 scriptis
951 1297 1151 1376 allreismum,

185 1377 427 1458 parrhenorum,
442 1383 693 1448 materialismum
712 1388 839 1464 docent,
855 1407 919 1450 uno
932 1386 1023 1450 verbo
1045 1405 1155 1451 carnes

186 1464 237 1544 qui
252 1464 444 1526 christianam
466 1471 678 1537 renotationem
701 1485 824 1558 negant.
840 1479 884 1538 7777
900 1473 934 1539 G.
953 1479 1052 1558 opor.
1070 1475 1157 1540 Sedis

185 1553 239 1615 soli
255 1552 432 1615 mandantes
444 1573 498 1619 seu
519 1569 664 1639 cogentes
676 1565 752 1627 tradi
769 1565 907 1649 prelatos
923 1566 1091 1646 sepulturus
1103 1585 1156 1630 ec-

121 1695 123 1700 .
185 1641 357 1704 clesiasticae
373 1650 687 1715 excommunicantur.

222 1733 387 1794 llll-2⁰
400 1733 654 1802 Difficultasestsn
666 1724 1161 1821 perpublicosexcommunicatas

69 1816 92 1822 ”
114 1821 116 1824 ’
184 1820 311 1901 intelligi
328 1823 444 1884 tanturn
459 1825 589 1889 debeant
610 1828 779 1893 denuntiati
797 1841 826 1894 et
850 1831 1160 1896 catarracte-reseras

182 1929 364 1992 percussores
379 1931 386 1971 :
400 1915 483 1990 juxta
497 1915 649 1978 llerllenst.
675 1927 705 1982 et
723 1921 826 2000 plures
844 1922 929 1994 alios,
947 1920 1058 1984 suflicit
1073 1925 1162 2003 qudd

183 2000 434 2061 excommunicati
446 2001 505 2062 sint
517 2006 625 2066 notorii
641 2004 705 2088 (lib.
720 2011 751 2084 3,
760 2007 805 2071 tit.
821 2013 871 2082 78,
883 2013 982 2088 77788)
995 2031 1004 2082 ;
1017 2021 1162 2087 77777777,

180 2087 263 2164 juxta
279 2088 309 2148 S.
325 2089 441 2167 Lignor.
458 2089 522 2170 (lib.
535 2096 566 2167 7,
583 2106 616 2154 n⁰
631 2096 713 2176 787),
727 2099 891 2179 requiritur
901 2104 1161 2164 utexcommuni·

182 2175 238 2235 cati
259 2193 319 2235 non
332 2175 392 2236 sint
408 2175 537 2256 tolerati,
558 2183 685 2261 proinde
705 2193 738 2248 ut
752 2188 812 2248 sint
825 2187 1008 2259 denuntiati,
1025 2193 1163 2268 quando

181 2272 319 2324 unusual
328 2265 442 2326 77777777·
451 2266 627 2331 clericorum
638 2293 817 2354 percussores
832 2295 840 2338 :
860 2277 1026 2351 nTolerati,
1038 2279 1160 2361 inquit,

182 2373 197 2411 a
221 2351 300 2413 licite
315 2354 503 2432 sepeliuntur
516 2357 546 2417 in
564 2359 630 2422 loco
644 2380 741 2436 77777,
757 2364 781 2424 si
795 2382 866 2426 cum
890 2364 987 2444 signis
1003 2371 1165 2446 [7777777777-

169 2437 196 2502 'a
221 2441 268 2502 tiae
288 2443 305 2502 7
328 2442 385 2503 viti
408 2445 611 2523 migraverint.
631 2470 647 2508 a
669 2451 699 2512 Si
716 2459 895 2514 autemnon
912 2453 1054 2516 dederint
1071 2461 1167 2538 signa

181 2553 195 2590 a
221 2529 414 2610 poenilrntiae,
427 2535 544 2596 excludi
554 2547 677 2613 possunt
690 2541 1088 2620 isepulturiecclesisstird
1098 2559 1168 2610 tan·

180 2639 271 2702 quam
287 2630 449 2702 peccatores
467 2623 583 2702 publici
598 2629 652 2707 qui
669 2631 732 2692 sini
748 2629 925 2711 punitentia
943 2633 1120 2714 perier-rme.

218 2713 307 2772 7778.
327 2713 406 2772 --3ο
422 2711 507 2782 Oudd
527 2713 642 2794 seipsos
661 2718 833 2781 occidentes
851 2719 891 2782 ob
905 2720 1165 2801 desperationem

178 2801 332 2877 sepulturi
342 2801 402 2862 sint
413 2801 560 2879 privandi,
572 2813 687 2866 constat
700 2806 868 2886 insuperex
883 2827 951 2889 cap.
965 2809 1099 2873 Placuit
1108 2819 1163 2889 23,

178 2906 207 2966 q.
224 2892 242 2948 5
259 2907 266 2946 :
286 2887 442 2961 «Placuit,
467 2894 501 2951 ut
522 2892 573 2971 qui
589 2891 644 2952 sibi
664 2894 736 2974 ipsis
749 2896 929 2970 voluntarie,
948 2906 1000 2960 aut
1015 2917 1076 2978 per
1097 2901 1166 2964 fer-

177 2995 192 3032 s
216 2993 295 3048 rum,
312 2983 365 3033 aul
391 2995 445 3054 per
466 2995 631 3056 venenum,
648 2993 699 3043 aut
714 3000 769 3062 per
783 2985 1000 3064 precipitium,
1022 2999 1085 3052 aut
1107 3009 1166 3071 per

176 3084 191 3121 s
215 3062 424 3142 suspendium,
442 3063 627 3145 velquolilrst
640 3070 899 3134 modoriolsniam
918 3075 1056 3138 inierunt
1072 3097 1164 3141 mor-

175 3173 189 3210 s
214 3150 1162 3230 tem...,ausepultursrneorumcausveranondeduunror.1

213 3243 392 3300 tatu-4⁰
406 3241 509 3311 Quoad
522 3244 687 3321 duellislas,
704 3248 747 3310 sic
763 3247 857 3311 habet
871 3247 989 3313 Concil.
1006 3255 1165 3320 Trident-

175 3329 261 3408 (sess.
277 3329 326 3398 75,
344 3345 410 3407 cap.
429 3327 479 3411 l9)
501 3350 507 3390 :
528 3332 613 3406 «Oui
630 3335 701 3396 verd
716 3355 851 3419 pugnarn
867 3339 911 3417 (in
926 3341 1045 3422 duello)
1066 3363 1166 3407 com·

172 3435 187 3474 a
214 3412 385 3475 miserint...
408 3416 433 3476 si
458 3418 487 3477 ln
515 3418 580 3500 ipso
603 3421 744 3486 condictu
765 3425 964 3502 decesserint,
994 3437 1166 3512 perpetuo

170 3523 187 3564 a
212 3507 332 3563 careant
346 3503 509 3584 sepulturi.
533 3527 550 3566 a
581 3508 669 3570 addit
683 3521 785 3574 autem
802 3515 924 3578 Itituale
942 3517 1099 3594 Rumon„
1127 3531 1165 3584 ut

174 3605 262 3671 supra
275 3587 405 3652 vidimus
422 3613 429 3650 :
446 3593 665 3661 «Etiamsiante
678 3601 797 3665 obitum
811 3599 1165 3686 dederintpieuitentin
