2434 3940
178 221 237 284 reo
399 234 537 282 urrunnu
555 233 658 281 sonos
676 233 758 280 tunrs
778 231 925 280 seronior.

177 337 352 412 sententias,
363 333 535 398 eommunis
545 340 646 396 tamen
663 337 695 396 et
709 331 890 415 probabilior
903 332 1051 395 sententia
1068 337 1145 396 tenet

178 440 265 507 posse
285 432 359 487 tuno
372 422 522 504 sponsalia
535 424 551 482 l
566 437 677 503 sponso
690 420 812 495 resilui,
828 439 889 483 non
909 423 980 484 verb
994 423 1012 484 lt
1026 424 1143 502 sponst,

178 512 371 594 quieturpior
380 519 424 573 est
433 509 590 574 fornicatio
603 508 948 591 sponsaequlmsponsi.
960 511 1004 586 (S.
1015 509 1145 590 Lignea,

178 597 231 661 lib.
247 603 278 672 6,
294 613 327 662 n⁰
341 599 425 677 861.)

218 691 308 752 tuat.
324 689 388 752 lmb
402 688 426 750 si
440 707 551 770 sponsa
564 688 717 771 permittat
733 705 766 750 se
779 688 861 770 tangi
876 686 1028 769 impudica
1042 686 1080 750 ab
1093 687 1148 751 elio

179 795 233 859 per
254 777 358 841 ossula
371 785 400 840 et
413 777 588 858 amplexus,
604 781 701 860 potest
720 793 850 856 sponsus
873 775 1004 852 resilire,
1024 775 1076 837 sed
1091 795 1148 839 non

181 866 243 928 vice
265 869 377 929 versa:
402 867 473 948 quia
494 867 549 930 etsi
576 883 706 948 sponsus
728 863 759 925 id
778 861 866 926 iaciat
879 883 941 927 non
962 870 1009 926 est
1022 863 1149 928 dedecus

180 972 317 1034 sponsae,
342 954 397 1016 nisi
416 954 486 1016 talia
507 962 569 1017 tam
596 971 676 1036 saepe
698 951 837 1014 evenient
858 959 893 1016 ul
915 952 1022 1014 meritd
1044 970 1150 1034 sponsa

180 1042 285 1108 timere
300 1046 394 1124 possit
410 1042 494 1124 qudd
506 1044 550 1105 vir
564 1059 625 1106 non
641 1041 678 1103 sit
691 1039 731 1105 illi
747 1037 839 1104 iidem
853 1037 1034 1104 servaturus.
1090 1091 1098 1102 .

219 1136 311 1194 loti.
334 1131 381 1193 Ob
399 1131 456 1194 alie
476 1132 569 1194 etiem
594 1130 724 1193 erimina
749 1127 821 1191 solvi
844 1137 971 1210 possunt
991 1129 1150 1211 sponsalia,

81 1239 86 1244 ·
181 1237 292 1302 nempe
305 1219 345 1282 ob
360 1219 485 1296 lurtum,
500 1219 698 1282 homicidium
712 1225 743 1280 et
762 1215 871 1280 similia
885 1235 954 1300 quae
968 1237 1058 1300 grave
1072 1218 1150 1282 dam·

113 1359 118 1364 .
182 1325 257 1369 num
270 1307 315 1370 rel
330 1307 485 1370 infamiam
500 1307 627 1390 pariant.
643 1309 687 1386 (S.
704 1307 839 1389 lignos,
854 1305 906 1369 lib.
921 1310 1002 1376 6,.n⁰
1016 1309 1099 1384 860.)

221 1398 270 1458 IV.
293 1397 356 1460 Per
370 1397 559 1457 mutationem
574 1395 730 1458 notabilem
744 1409 813 1476 quae
829 1395 1001 1478 supervenit
1017 1395 1063 1458 vel
1076 1395 1154 1459 dete

182 1485 271 1564 gitur,
293 1485 453 1548 contractis
466 1483 676 1566 sponsalibus,
692 1490 724 1546 et
736 1501 807 1565 quae
819 1482 858 1546 ab
872 1483 908 1546 iis
921 1483 1117 1547 deterruisset
1130 1485 1153 1548 si

182 1573 360 1655 aprincipio
374 1571 478 1636 luisset
490 1573 632 1654 cognita:
653 1591 741 1636 secus
762 1573 786 1633 si
806 1589 867 1634 noo
888 1571 1101 1648 deterruisset3
1118 1575 1154 1635 ita

182 1662 410 1724 communiter:
439 1667 470 1724 et
498 1660 555 1724 hoo
575 1661 692 1724 etiamsi
720 1660 912 1722 intervenerit
931 1660 1059 1742 copula,
1086 1663 1156 1744 quia

183 1754 255 1813 tuno
269 1749 378 1813 suffieit
394 1749 541 1814 damnum
556 1765 773 1831 compensare:
789 1749 865 1810 ratio
879 1757 925 1811 est
941 1751 1013 1831 quia
1027 1749 1059 1812 in
1072 1753 1155 1812 omni

184 1845 338 1902 eontraotu
358 1837 523 1901 dissolubili
549 1837 783 1918 subintelligitur
813 1836 964 1916 conditio,
998 1837 1081 1900 modd
1103 1859 1156 1900 nan

183 1927 365 2008 superveniat
378 1935 431 1988 oat
451 1945 508 1988 aon
526 1925 913 2008 detepatarer'reamstaatia
934 1944 1016 2008 qaae,
1041 1929 1156 2008 eopaita

183 2023 236 2076 aat
246 2015 382 2098 praevisa,
396 2015 435 2078 ab
449 2015 504 2077 illo
516 2013 704 2078 deterruisset
713 2018 737 2077 ¹.
1209 2035 1210 2076 r

223 2105 256 2166 ln
270 2102 362 2168 dubio
372 2112 472 2168 autem
487 2123 526 2166 an
535 2103 601 2166 talis
612 2104 650 2166 sit
664 2103 788 2166 mutatio
800 2107 854 2168 aut
866 2101 1156 2184 delectusdeteotus,
1209 2083 1210 2172 l

184 2193 247 2275 qui,
263 2194 287 2256 si
299 2194 437 2276 cognitus
450 2191 564 2268 luisset,
579 2191 729 2275 sponsalia
742 2191 960 2276 impedivisset,
978 2193 1046 2256 talis
1063 2201 1160 2275 potest
1208 2245 1209 2258 ,

185 2282 341 2362 praesumi,
354 2283 438 2364 juxta
456 2282 488 2344 S.
508 2281 695 2363 lignarium,
716 2281 741 2343 si
761 2283 864 2344 revera
877 2282 909 2342 in
923 2299 955 2343 se
968 2282 1006 2344 sit
1019 2283 1118 2364 gravis
1130 2287 1163 2344 et

185 2370 334 2433 notabilis.

223 2462 313 2521 toas.
329 2459 473 2523 Censetur
486 2466 587 2523 autem
600 2459 777 2542 contingere
790 2459 841 2521 illa
850 2457 990 2521 notabilis
1010 2459 1161 2523 mulatio:
1207 2513 1208 2532 ,

12 2577 33 2592 ¹>
66 2575 67 2578 ¹
186 2545 373 2612 l⁰sioriatur
387 2548 1084 2630 inirnicitiapmodiumgrareintersponsos‚rel
1094 2547 1162 2628 jus·
1207 2535 1208 2602 l

124 2645 127 2654 ⁴
184 2641 232 2700 lus
241 2637 332 2700 timor
343 2634 1165 2718 neexmatrimonionesoanturseandalaetgravieodia

73 2765 77 2768 -
185 2726 262 2790 inter
280 2728 539 2808 consanguineos3
563 2725 588 2789 si
603 2724 760 2806 detegetur
782 2732 847 2806 post
870 2725 1020 2806 sponsalia
1039 2742 1163 2786 morum
1206 2733 1207 2817 l

184 2817 327 2894 asperitas
336 2817 381 2877 vel
392 2816 503 2878 saevitia
516 2815 546 2878 in
561 2832 673 2897 sponso
683 2816 871 2896 auteponsl3
886 2818 918 2875 2⁰
927 2815 952 2875 si
963 2813 1105 2876 alteruter
1114 2812 1165 2874 in·

184 2901 264 2964 eldat
286 2903 317 2964 in
340 2903 471 2983 lepram,
497 2904 676 2984 paralysim,
700 2902 841 2964 morbum
866 2901 1027 2982 gallicum,
1042 2899 1165 2974 eto.;si

185 2990 313 3070 graviter
336 2991 503 3068 mutiletur,
527 2999 579 3053 aut
601 2990 764 3053 amissione
787 2989 885 3065 oculi,
909 2990 988 3066 nasi,
1007 2990 1053 3053 rel
1075 2988 1165 3051 aliter
1205 2993 1206 3033 l

185 3078 312 3159 graviter
325 3076 509 3140 deformetur
523 3081 688 3159 praesertim
697 3097 808 3160 sponsa
823 3098 831 3140 ι
847 3077 894 3140 vel
908 3079 933 3141 si
946 3095 1078 3160 sponsus
1091 3075 1165 3138 red·

185 3165 272 3228 datur
289 3167 408 3248 ineptus
425 3165 463 3228 ad
477 3165 632 3249 opificium
646 3165 865 3245 exercendum,
879 3168 924 3230 rel
939 3164 1165 3249 acquirendum
1204 3169 1205 3249 l

185 3253 317 3316 odicium
331 3253 369 3316 ad
383 3255 630 3317 sustentationem
652 3256 774 3318 familiae
789 3256 1008 3320 necessarium:
1024 3256 1065 3317 ita
1078 3269 1168 3317 oom-

186 3341 319 3402 muniter
331 3361 338 3402 :
349 3349 381 3404 et
393 3342 452 3406 hoo
464 3343 579 3404 etiamsi
594 3361 655 3404 non
667 3344 745 3405 adsit
757 3324 950 3408 oertiludode
962 3344 1050 3407 dietis
1062 3340 1168 3406 delec-

218 3450 227 3479 ·
246 3445 298 3496 lion
320 3454 401 3499 tamen
421 3449 534 3500 absolute
550 3451 684 3501 admittunt
705 3467 792 3504 omnes
813 3453 861 3505 uu.
879 3453 952 3505 toties
968 3469 1040 3520 posse
1057 3449 1169 3502 dissolri

188 3517 319 3582 sponsalis.
328 3519 399 3570 card.
412 3521 512 3586 Sopita,
526 3529 581 3588 post
593 3522 755 3588 lan-&pem
768 3523 815 3576 hoo
825 3527 918 3575 tanturn
931 3525 1037 3574 admittit
1046 3521 1167 3589 quando.

188 3588 323 3639 seeundum
338 3589 445 3656 prudens
460 3591 597 3658 indiarum,
611 3593 783 3645 contrahentes
801 3611 851 3646 nou
863 3603 995 3647 censentur
1006 3609 1079 3648 suurn
1092 3605 1168 3641 eon·

188 3671 287 3790 gepggm
299 3659 439 3712 extendisse
448 3661 478 3712 ad
489 3661 699 3713 absumaturnam
707 3677 756 3716 uon
766 3666 912 3727 praeditam.
925 3661 1164 3733 (lutitiae-priv..

1198 3735 1202 3911 l
