2416 3954
168 191 226 259 368
388 209 524 256 ulnulas
544 169 645 254 rorrus
665 205 746 251 ruars
766 201 913 248 canourcr.

167 313 225 376 col.
244 317 315 376 1561
332 359 339 388 ,
355 309 407 373 nbi
430 309 519 372 etiarn
535 307 603 390 (col.
627 308 715 384 15681
736 309 780 366 est
793 301 956 384 legendum
976 303 1138 363 Decretum

168 402 255 465 Card.
272 404 315 463 De
328 403 482 461 Touraon.

209 495 298 552 1157.
322 493 388 551 Non
403 490 476 567 ergo
500 487 577 549 bend
594 483 779 548 concordant
796 487 933 545 auctores
954 481 984 542 in
1004 499 1042 543 eo
1058 479 1141 561 quod

170 580 208 642 sit
228 577 455 658 intelligendum
480 595 532 656 per
549 573 786 636 Sacramentola'a
803 571 922 634 :Collet
934 569 1019 647 (idid.
1035 575 1092 630 art.
1108 573 1141 646 2)

170 668 221 730 illa
234 667 353 742 delinit,
362 666 457 748 jacto
468 672 613 745 receptum
624 683 706 724 aanor
721 663 769 743 (ut
781 662 832 738 ait)
850 681 857 722 :
877 661 965 721 «Res
980 663 1024 740 (et
1033 677 1088 740 per
1097 677 1144 720 res

171 780 187 818 o
211 757 301 821 eliam
315 763 399 818 aetus
414 754 560 835 intelligit)
578 751 615 814 ad
629 753 745 814 cultum
762 751 815 812 Dei
831 748 974 830 religioso
989 749 1047 810 ritu
1061 747 1143 809 ordi-

173 867 189 908 »
212 851 309 922 natae,
325 851 406 907 etex
420 841 573 906 communi
588 841 720 922 quadam
741 837 877 900 fidelium
899 838 1095 920 persuasione
1107 836 1146 898 ad

178 959 192 990 n
212 934 371 996 hominum
385 932 651 994 sanctificationem
665 928 785 1011 speciali
800 927 891 991 modo
903 927 1112 990 inservientes.
1128 949 1143 984 o

176 1017 1148 1106 Exquodannilione,neeassarianonvidaratnrtnsntarioEode-

174 1115 225 1176 010
240 1112 277 1174 ad
290 1111 450 1174 essentiam
464 1108 740 1182 sacramentaliurn3
755 1127 771 1165 a
784 1125 899 1183 rerum,
911 1105 1012 1188 inquit
1025 1107 1152 1169 Billuart

175 1225 190 1261 r
212 1200 257 1278 (de
266 1201 413 1275 Sacram,
429 1198 501 1260 diss,
517 1203 548 1275 ’1,
563 1205 618 1259 art.
634 1202 665 1273 1,
680 1203 755 1258 torn.
773 1199 822 1274 16,
833 1213 865 1276 p.
880 1199 955 1273 811,
970 1195 1042 1258 edit
1061 1201 1151 1274 1888)

175 1313 190 1350 a
215 1308 269 1351 eur
291 1288 408 1367 largitio
430 1287 630 1367 eleemosyna
648 1293 678 1347 01
701 1285 795 1347 oratio
813 1285 989 1361 dominica,
1016 1285 1075 1348 nisi
1100 1289 1153 1347 liat

175 1401 191 1437 r>
216 1376 338 1437 nomine
358 1376 518 1453 Ecclesiae,
540 1375 639 1437 autin
659 1375 725 1436 loco
747 1385 939 1450 consecrato,
955 1385 1152 1438 recenseatur

175 1488 191 1524 a
215 1465 292 1526 inter
304 1464 546 1542 sacramentalia,
569 1463 761 1545 potiusquam
783 1465 909 1546 quodvis
930 1457 1014 1528 aliud
1033 1465 1152 1528 bonum

176 1577 190 1614 n
216 1571 292 1636 opus
306 1553 435 1628 morale,
452 1571 514 1615 nou
528 1551 624 1614 rideo.
641 1575 656 1612 a
675 1556 736 1616 Nec
750 1571 851 1616 revera
865 1553 951 1616 lacile
964 1563 1010 1616 est
1022 1550 1128 1618 ridere
1145 1576 1152 1616 ε

56 1723 58 1728 ¹
177 1643 257 1706 unde
289 1643 457 1705 accuratius
491 1642 716 1704 sacramentalia
738 1661 810 1705 curn
841 1643 1013 1706 Editoribus
1040 1644 1154 1708 Car-ads

177 1733 314 1814 complcti
330 1735 366 1795 D.
386 1732 506 1814 iligna,
522 1730 640 1794 definiri
656 1730 812 1794 videnlur:
826 1753 841 1790 c
856 1733 914 1794 Res
931 1733 1076 1814 quaedam
1104 1743 1154 1799 aul

178 1844 193 1880 a
217 1823 349 1884 actiones
363 1821 401 1883 ab
415 1820 546 1883 Ecclesia
561 1820 701 1883 instituta
715 1827 744 1881 01
756 1831 938 1883 consecratae
952 1821 989 1882 ad
1002 1824 1153 1905 quosdam

177 1933 193 1970 a
217 1911 340 1973 allectus
349 1909 516 1990 spirituales
526 1907 765 1992 producendos.»
776 1905 908 1990 (lb.‚ool.
920 1915 1008 1989 1550,
1018 1921 1153 1994 notar.)

217 2011 306 2069 1158.
329 2010 417 2070 Juxta
432 2007 509 2068 hano
523 2007 729 2069 definitionem
742 2055 750 2085 ‚
762 2009 994 2074 Sacramentalia
1009 2031 1074 2076 non
1086 2027 1154 2078 sunt

138 2136 140 2138 -
179 2095 326 2174 imagines
345 2102 397 2156 aut
423 2101 527 2156 slaluae
550 2114 612 2155 non
635 2095 820 2175 benedictae,
846 2117 903 2161 neo
926 2100 1083 2182 reliquiae,
1106 2113 1155 2168 nul

178 2183 287 2244 similia
304 2201 372 2262 quae
388 2201 424 2244 ex
442 2182 549 2244 notarri
562 2182 630 2259 scd,
648 2203 710 2247 non
731 2205 767 2248 ex
787 2186 996 2252 benedictione
1010 2193 1155 2257 Ecclesia

179 2271 217 2332 ad
235 2272 375 2352 pietatem
397 2279 534 2349 movent,
551 2291 608 2334 nec
628 2273 782 2337 esculenta
801 2279 913 2358 privata
929 2281 1048 2342 tanturn
1065 2282 1155 2347 hene·

179 2359 309 2421 dictione
331 2361 532 2438 sanctiticata3
559 2380 615 2422 nec
638 2363 849 2446 eleemosyna,
873 2369 973 2430 tunsio
1000 2373 1154 2452 pectoris,

180 2449 273 2512 oratio
291 2448 459 2528 dominica,
479 2468 563 2532 quae,
580 2469 642 2513 non
661 2452 819 2532 Ecclesia,
835 2454 887 2517 sed
907 2455 1022 2538 privata
1034 2465 1154 2525 tantuna

180 2537 354 2601 auctoritate
369 2548 563 2620 peraguntur.

221 2633 308 2691 1159.
333 2629 391 2690 Sex
417 2637 517 2691 autem
539 2631 772 2693 sacramentalia
800 2635 1004 2700 communiter
1024 2657 1154 2704 enume-

181 2725 285 2782 rantur
298 2716 316 2780 1
329 2719 562 2798 recentioribus,
578 2719 676 2801 inquit
691 2719 933 2804 Billuartlitid.l‚
948 2726 1108 2793 videlicet:

274 2866 285 2895 a
304 2847 394 2909 Orare,
408 2847 509 2910 tinctus,
523 2847 614 2909 odana,
628 2845 771 2909 consessus.
785 2845 860 2912 dnos,
873 2848 1034 2906 benedicens.

221 2988 236 3026 o
262 2966 356 3030 Orous
380 2968 527 3046 significat
554 2970 728 3032 Orationem
751 2972 966 3052 Dominieam,
998 2983 1050 3039 aut
1080 2977 1155 3041 alias

181 3073 200 3118 a
222 3073 325 3136 praees
342 3055 380 3116 ab
397 3055 529 3120 Ecclesia
552 3060 755 3142 praescriptas,
774 3078 829 3124 seu
851 3060 882 3124 in
896 3063 1023 3127 aeclesia
1045 3067 1154 3129 solem·

182 3163 200 3209 r
223 3144 300 3206 niter
328 3143 474 3207 recitatas.
487 3181 526 3192 -
550 3146 669 3208 Tinctus
683 3149 832 3230 significat
845 3155 1083 3234 assumptionem
1096 3175 1155 3219 seu

15 3265 18 3274 Δ
94 3319 96 3324 Ι
150 3236 156 3245 ’
180 3253 197 3296 n
221 3231 424 3314 aspersionem
445 3253 532 3315 aquoe
557 3235 722 3300 benedictae
735 3261 750 3296 a
765 3257 773 3300 :
786 3237 861 3317 huc,
882 3241 980 3323 inquit
999 3243 1152 3322 Ferraria,

185 3319 269 3398 16101,
285 3333 319 3382 n⁰
333 3325 387 3398 56,
404 3323 556 3387 reducitur
570 3327 672 3387 unctio
687 3344 794 3409 regum
805 3333 835 3391 et
848 3329 976 3410 similia,
987 3333 1074 3396 etiarn
1087 3334 1151 3395 irn-

180 3410 290 3494 positio
304 3410 452 3474 cinerum.

182 3591 190 3608 .
220 3511 309 3570 1160.
336 3513 358 3568 Α
375 3509 547 3589 primordiis
556 3509 696 3574 Ecclesiae
709 3531 789 3594 aqua
797 3515 956 3582 benedicta
965 3517 1021 3582 luit
1033 3521 1062 3582 in
1076 3535 1150 3600 usu,

180 3603 263 3673 Juxta
286 3596 473 3666 Baroniurn:
497 3597 565 3658 vide
597 3598 688 3664 Gaura
713 3602 748 3665 de
774 3603 854 3676 droit
881 3623 972 3674 canoa
995 3605 1149 3686 diade,
