2482 3944
96 133 98 142 .
157 78 189 140 tc
366 93 504 141 uxuuxxn
523 95 624 140 rorrus
643 93 726 140 runrs
747 92 897 139 cxxoxrcr.

190 201 281 260 3557.
297 199 518 278 interrumpere
536 202 637 258 cutem
657 194 879 258 accidentaliter
905 195 974 259 lice-t
995 213 1130 279 sequen·

160 286 234 350 tibus
246 285 365 349 casibus
377 305 384 347 :

194 380 225 437 p
239 375 284 438 Ob
297 374 476 437 concionem
492 381 561 458 post
577 376 793 458 Evangelium,
808 379 861 437 aut
881 375 972 438 etiarn
987 372 1025 436 ab
1044 372 1127 436 altar

155 471 223 528 ante
245 463 492 526 communionem
510 463 674 526 astantibus
688 462 946 539 distribuendam
965 463 1005 524 ita
1019 465 1050 524 S.
1069 463 1129 522 uir.

156 555 263 635 cong,
276 555 397 633 l2scpt.
416 553 505 629 lact,
516 553 554 614 ad
565 557 603 615 tc
615 553 782 630 (Analecta,
798 555 850 615 23⁸
865 551 944 630 lira,
960 551 1018 613 col.
1029 554 1091 614 '337
1104 555 1136 612 cl

157 645 238 718 355),
254 640 300 703 rel
309 640 348 702 cb
362 643 585 721 processionem
599 641 818 722 excipiendam.

195 736 228 792 2⁰
241 732 274 791 ln
285 731 411 810 gratiam
425 729 662 810 supervenientis
672 729 830 810 Principis,
846 727 1032 808 cardinalis,
1048 728 1135 810 Epis·

160 820 241 900 copi,
265 817 310 880 vel
337 817 433 880 turbae
454 818 684 900 peregrinorum
711 817 764 899 qui
787 817 859 880 alils
882 819 1005 879 missam
1027 817 1136 880 audire

159 927 220 969 non
232 913 364 987 possent,
375 905 421 966 vel
428 905 573 966 similium
584 923 754 981 causarum;
767 913 890 983 ettunc,
902 906 925 967 si
937 925 998 967 non
1009 907 1048 967 sit
1057 905 1135 968 lacta

159 995 288 1072 oblatio,
304 1001 400 1075 potest
414 993 505 1056 missa
520 993 558 1056 de
572 1013 649 1056 noro
669 994 760 1075 incipi
774 999 809 1056 ut
821 1001 919 1056 totum
940 1013 1059 1056 sacrum
1078 1013 1135 1056 au·

160 1085 261 1160 diant,
277 1083 344 1145 licet
357 1081 395 1144 ad
411 1081 441 1143 id
462 1083 577 1145 nonsit
593 1082 746 1164 obligatio,
763 1089 791 1144 et
805 1083 837 1143 in
852 1081 911 1143 hoc
924 1081 1136 1146 consuetudini

162 1174 198 1233 sit
209 1173 360 1232 standum.
584 1248 587 1254 Ι

202 1264 234 1322 3⁰
246 1260 276 1322 si
291 1267 360 1321 ante
373 1277 522 1322 canonem
532 1259 672 1323 sacerdos
685 1259 858 1322 recordetur
868 1259 996 1340 alicujus
1006 1261 1137 1342 impedi·

163 1351 269 1426 menti,
280 1369 307 1411 r.
324 1369 353 1430 g.
370 1367 402 1410 se
417 1367 478 1410 non
493 1367 558 1410 esse
570 1351 730 1428 jejunum,
745 1349 791 1410 rel
805 1349 837 1410 in
858 1355 935 1410 statu
954 1352 1073 1430 gratiae,
1090 1349 1137 1411 rel

165 1457 228 1500 esse
252 1438 447 1518 irregularem
474 1444 526 1499 aut
551 1435 866 1516 excommunicatum,
891 1438 981 1499 modo
1006 1439 1137 1520 relinqui

166 1528 257 1606 possit
271 1527 361 1588 missa
374 1527 439 1588 sine
452 1525 605 1602 scandalo,
616 1532 668 1588 aut
678 1527 758 1606 gravi
771 1530 856 1602 nota3
869 1527 909 1588 ita
918 1527 1136 1600 conrrnuniter;

166 1616 236 1676 itcrn
247 1617 270 1677 si
286 1613 564 1677 excommunicatus
574 1631 636 1676 non
645 1613 788 1678 toleratus
797 1617 959 1697 presumat
972 1615 1135 1692 interesse,

167 1721 224 1765 nec
238 1703 330 1785 possit
343 1701 463 1784 expelli.

206 1806 239 1863 4⁰
262 1803 390 1882 Urgente
405 1800 486 1881 gravi
501 1803 692 1878 necessitate,
707 1800 753 1862 rel
767 1801 905 1883 proprii,
919 1821 947 1863 r.
964 1821 993 1883 g.
1011 1801 1139 1880 morbo,

167 1889 211 1952 rel
236 1889 380 1970 proximi,
404 1889 429 1950 si
453 1908 563 1971 nempe
585 1889 748 1952 moriturus
772 1897 849 1952 esset
874 1889 1067 1972 baptizandus
1094 1892 1139 1953 vel

169 1975 377 2040 absolvendus.
394 1979 460 2037 Non
476 1975 555 2038 idem
570 1984 648 2038 essct
660 1975 698 2039 dc
712 1977 776 2039 aliis
790 1979 998 2056 sacramentis,
1010 1979 1066 2040 nisi
1078 1997 1141 2042 mo

171 2065 281 2126 ritmus
302 2071 380 2126 essct
399 2065 430 2125 in
458 2065 614 2144 proximo,
639 2083 697 2128 nec
723 2085 799 2148 opus
821 2075 898 2129 essct
926 2085 1025 2128 sacras
1046 2075 1141 2130 restes

171 2155 318 2228 cxucre¹;
334 2149 379 2214 rel
397 2151 454 2214 nisi
475 2151 662 2216 Paenitentiae
680 2162 901 2217 sacramentum
914 2155 954 2217 ob
968 2155 1140 2235 phrenesim

172 2242 322 2322 suscipere
344 2257 405 2301 non
427 2245 553 2320 posset:
572 2247 645 2305 tunc
666 2241 801 2324 plerique
814 2241 942 2324 theologi
965 2245 1143 2323 permittunt

172 2331 293 2392 missam
322 2329 565 2409 interrumpere,
593 2331 684 2393 etiam
711 2329 748 2392 ad
774 2333 1142 2395 Extremam-Unctionem

171 2417 449 2479 administrandam.
466 2417 590 2495 (Bened.
606 2415 683 2496 lllV,
694 2419 738 2481 lle
752 2417 841 2501 Spe,
852 2421 903 2482 lib.
916 2423 950 2498 8,
961 2437 988 2482 c.
1001 2425 1035 2498 c,
1051 2431 1084 2482 n⁰
1094 2423 1141 2502 5.)

213 2519 302 2578 3558.
326 2516 487 2578 Revertens
501 2523 601 2578 autern
615 2515 654 2579 ad
668 2517 775 2586 altare,
786 2517 924 2579 sacerdos
934 2563 942 2594 ,
952 2517 976 2578 si
985 2525 1054 2579 ante
1067 2518 1144 2582 lacta

174 2604 262 2665 luerit
285 2605 489 2682 consecratio,
505 2605 626 2686 incipiet
649 2605 700 2668 ubi
723 2606 865 2668 desierit:
882 2605 1017 2667 similiter
1034 2605 1141 2685 faciet,

174 2693 227 2754 etsi
238 2693 315 2756 lacta
324 2711 385 2756 non
397 2691 485 2755 fucrit
494 2693 694 2771 consecratio,
706 2693 730 2755 si
742 2695 939 2756 intercesserit
950 2711 1035 2756 mora
1045 2693 1144 2758 minor

175 2783 267 2862 quim
289 2783 379 2845 unius
402 2781 507 2843 horae:
531 2782 556 2843 si
580 2789 681 2844 summ
695 2782 822 2862 longior,
837 2782 970 2844 ordietur
987 2781 1026 2845 ab
1047 2783 1141 2846 initio.

175 2870 252 2932 Casu
265 2887 326 2952 quo
343 2869 445 2931 delicit
462 2868 601 2932 sacerdos
622 2870 746 2932 missam
764 2869 945 2933 celebrando
961 2917 970 2950 ,
985 2871 1031 2933 rel
1044 2869 1142 2935 deficit

208 3066 215 3091 ¹
232 3059 383 3124 Interrogata
402 3071 432 3108 an
451 3057 537 3109 liceret
552 3058 573 3110 ei
593 3058 636 3128 qui
652 3059 751 3110 missam
772 3059 919 3112 celebratio
938 3059 1131 3112 ecclesianam

176 3129 253 3191 lium,
267 3130 304 3180 vel
314 3131 338 3180 in
351 3130 460 3181 oratorio
472 3129 565 3196 privato
576 3172 581 3189 .
597 3133 693 3181 missam
707 3131 900 3197 interrumpere,
915 3137 995 3184 statem
1009 3138 1065 3197 post
1075 3127 1141 3182 cosn-

68 3231 70 3238 ‹
178 3201 333 3262 munionem,
346 3201 377 3250 ad
391 3200 546 3253 deferendam
567 3199 744 3252 Errelraristiam
761 3201 858 3254 intirmo
875 3203 938 3252 lecto
952 3201 1109 3252 rleeurnlrenti
1121 3203 1143 3251 in

178 3277 315 3332 conventu,
330 3271 366 3323 vel
385 3269 410 3323 in
429 3274 503 3324 domo
519 3271 625 3323 oratorio
645 3273 774 3338 contigua,
789 3273 830 3340 qui
848 3273 900 3324 vult
916 3272 1100 3324 communicare
1116 3287 1142 3323 ex

178 3339 230 3393 sola
251 3341 395 3404 devotione,
408 3345 434 3396 S.
450 3345 497 3395 llit.
510 3343 647 3409 congreg,
662 3343 674 3392 l
693 3344 805 3395 decemlu
819 3345 892 3406 l8ll,
908 3343 1053 3409 respondit:
1067 3363 1077 3391 s
1091 3343 1142 3396 Non

181 3433 191 3461 s
209 3413 321 3476 licere...,·
340 3415 383 3466 sed
396 3416 416 3466 si
429 3413 561 3466 necessitas
578 3421 680 3482 urgeat,
698 3414 741 3496 ist
760 3416 871 3467 sbsclutl
883 3415 965 3466 miset.
982 3433 992 3462 ι
1007 3415 1141 3478 (Analecta,

19 3453 23 3458 ’
115 3489 120 3494 ·‘
179 3485 298 3547 sserxvr,
314 3487 360 3538 eor.
376 3488 440 3548 aso.)

1142 23 1147 54 l
