2498 3966
229 293 289 358 802
446 314 586 360 urrunnu
605 315 712 360 rorros
729 315 810 360 rurus
830 315 983 363 crrourcr.

571 539 763 604 APPENDIX
785 541 863 605 11111.

310 719 424 766 DEGISIO
453 721 477 767 Β.
510 719 761 766 rmutuuttrtrtum
779 721 867 767 (111101
888 721 1115 770 ΟΒΒΕΙΠΑΜΙΔΙ

521 817 723 864 nosrtrtuttrut
740 819 772 864 ut
785 819 913 866 ruttulo.

629 944 680 1006 (tu
694 958 719 1008 r·
735 942 804 1008 563·)

347 1108 584 1172 Errrnuurrssrus
605 1107 763 1184 minens,

270 1225 403 1301 Quidam
428 1225 605 1288 sacerdotes
620 1241 791 1304 regnorum
806 1223 903 1307 Belgii
918 1233 951 1288 et
962 1223 1151 1301 Bollandioe,
1165 1227 1194 1288 nl

230 1313 492 1397 tranquillitatem
517 1313 721 1377 conscientias
746 1330 813 1377 suto
833 1325 862 1376 et
876 1313 916 1376 ad
933 1325 1054 1378 certam
1069 1317 1195 1379 tideliun

229 1404 448 1476 directionem,
463 1403 614 1465 instanter
628 1411 740 1484 petunt
755 1401 987 1469 auumtnsnrra
1000 1405 1112 1469 Vestra
1124 1407 1197 1471 solu·

231 1493 348 1554 tionem
363 1493 563 1571 sequentium
579 1490 768 1553 dubiorum:

269 1579 364 1660 Gury,
391 1578 515 1645 Scariui
538 1587 570 1642 et
593 1581 647 1642 alii
662 1579 804 1644 referunt
826 1589 980 1666 tauquam
1006 1601 1159 1666 respousa
1175 1586 1199 1647 S.

232 1669 474 1732 Poenitentiarlae
489 1669 561 1732 data
575 1669 626 1732 dio
641 1667 759 1734 toran.
778 1669 871 1734 tuot:

272 1783 287 1818 a
312 1759 401 1822 Posse
416 1761 638 1840 personisquae
651 1768 726 1821 sunt
742 1760 773 1820 in
791 1767 943 1840 potestate
955 1762 1201 1842 patrisfamilits.

232 1851 282 1912 oui
307 1850 388 1913 lecta
401 1860 449 1911 est
469 1848 609 1929 legitimo
637 1849 769 1911 t'acultas
790 1848 906 1911 edendi
922 1867 1043 1924 carues,
1071 1853 1204 1933 permitti

231 1949 266 2002 ut
285 1940 367 2002 cibis
392 1937 611 2020 patrifamilias
636 1937 778 2014 indultis,
808 1938 929 2016 adjecit
957 1941 1146 2004 conditione
1173 1943 1207 2002 de

232 2047 294 2093 non
322 2027 551 2110 permiscendis
578 2025 671 2088 licitis
697 2035 793 2106 atque
813 2027 987 2089 interdictis
1001 2029 1150 2109 epuliset
1172 2031 1206 2092 de

232 2119 325 2181 uniet
347 2117 539 2180 comestione
561 2116 594 2178 in
620 2112 683 2192 die,
701 2115 737 2176 iis
766 2115 821 2195 qui
847 2114 995 2194 jejunare
1010 2125 1169 2182 tenentur.
1192 2143 1204 2173 ι

272 2207 370 2286 igitur
381 2208 552 2287 quaeritur:
570 2210 599 2265 l·
613 2204 661 2266 An
674 2203 742 2266 haec
754 2202 904 2266 resolutio
914 2205 1205 2289 valeatubiqueter·

232 2296 404 2358 inuratur
421 2293 501 2356 Dum
517 2293 632 2357 dicitur
642 2293 783 2374 permitti
793 2310 888 2370 posse,
899 2294 1049 2375 petituri
1076 2314 1141 2378 quo
1152 2299 1203 2358 ista

233 2383 507 2465 permissiodanda
522 2383 572 2458 sit,
586 2393 618 2446 et
630 2401 671 2445 au
687 2381 821 2447 sufficiat
835 2383 1002 2462 permissio
1011 2383 1089 2447 data
1102 2387 1119 2448 1
1134 2387 1201 2448 sim·

234 2475 307 2557 plici
320 2473 532 2540 confessario?

273 2567 378 2628 Altera
397 2563 564 2628 resolutio:
583 2561 736 2625 «Fideles
747 2561 804 2642 qui
814 2560 937 2626 ratione
951 2563 1055 2625 {etatis
1071 2565 1121 2629 rel
1132 2564 1196 2627 lem

234 2657 276 2719 ris
301 2655 445 2736 jejunare
471 2669 537 2715 non
571 2659 730 2726 tenentur,
762 2649 845 2714 licite
862 2667 954 2730 posse
976 2651 1010 2713 in
1038 2654 1202 2732 onadnge

235 2746 325 2821 siml,
351 2745 428 2807 dum
456 2741 624 2807 ludultum
647 2757 833 2804 concessum
863 2741 1203 2812 estomnibusdielius

236 2833 363 2897 indulto
398 2829 644 2912 comprehensis,
662 2829 746 2892 uesci
780 2828 929 2890 carnibus
959 2839 1017 2892 eut
1046 2829 1206 2894 lacticiniis

236 2944 291 3006 per
310 2919 565 2986 idemlndultum
575 2917 746 3000 pormissis‚
769 2918 960 3000 quoticsper
972 2917 1203 2983 diomeduut·

275 3013 443 3075 Dubitatur
468 3009 563 3090 igitur
586 3025 627 3069 an
649 3007 719 3070 haec
743 3006 895 3070 resolutio
910 3005 1014 3069 valeat
1029 3008 1062 3070 in
1088 3009 1207 3072 dicensi

237 3102 328 3180 cujus
341 3099 515 3180 Episcopus
529 3097 712 3185 auotoritate
727 3096 899 3178 apostolice
914 3095 1208 3160 conceditlidelibus

238 3199 283 3263 ut,
300 3189 427 3266 terlata,
443 3190 487 3264 3⁸,
498 3189 534 3250 tt·
547 3186 698 3267 temporis
709 3185 974 3264 Quadragesimre‚
985 3185 1207 3266 possintsemel

237 3279 268 3336 in
283 3277 334 3338 die
347 3279 429 3340 vesci
440 3275 589 3339 carnibus
602 3286 632 3337 ot
644 3276 724 3354 oris,
739 3275 776 3337 iis
797 3271 873 3338 vero
895 3275 949 3354 qui
966 3277 1092 3337 ratione
1117 3277 1207 3338 cretatis

236 3364 283 3423 vel
298 3362 413 3425 laboris
431 3365 654 3444 jejunarenon
669 3373 828 3439 tenentur,
844 3363 996 3444 permittit
1013 3371 1048 3424 ut
1066 3369 1136 3427 oris
1160 3381 1207 3425 sa·

236 3450 308 3527 pius
323 3451 354 3510 in
368 3451 420 3512 die
433 3463 576 3514 utantur.

275 3535 428 3608 Ouaeritur
456 3539 580 3618 itaque:
609 3541 638 3602 l·
663 3543 710 3602 lln
740 3539 1019 3604 nonobstantibus
1042 3544 1208 3606 memorati

237 3621 340 3699 phrasi
356 3626 417 3685 ouis
430 3629 539 3703 sepius
552 3629 586 3690 in
600 3631 649 3691 die
663 3639 805 3704 uteretur,
822 3639 853 3692 et
867 3638 975 3693 tenore
988 3633 1208 3698 concessionis.
