2498 3966
216 220 274 285 'llo
434 239 570 286 narcara
590 240 690 286 mnus
708 241 790 286 runrs
811 241 960 289 canumet.

216 361 232 395 o
255 338 351 404 terme
364 337 564 420 prerogativis
576 355 611 401 ac
626 338 743 418 iuribus
757 339 868 420 quibus
883 339 1073 404 beneficiarii
1084 339 1184 406 buon

217 449 231 486 n
255 433 315 490 tur.
343 429 441 501 Quare
463 425 588 488 liberam
614 426 727 490 habent
750 427 924 492 reddituum
950 429 1183 494 administratio·

217 539 231 574 n
257 535 342 594 nem,
372 523 402 578 et
420 517 471 594 jus
497 514 713 596 praesentandi,
743 515 894 597 eligendi,
917 517 1117 596 conferendi3
1140 539 1184 582 re

217 629 231 662 n
256 605 324 666 rium
347 604 525 666 monasteria
547 603 734 668 visitanturt
753 604 942 684 regularibus
961 606 1182 688 Superioribus,

217 715 231 750 n
255 693 367 773 quibus
380 692 525 768 subsunt,
541 699 632 772 atque
644 690 682 754 ad
702 709 755 754 eos
772 693 909 773 regimen
923 701 954 756 et
972 713 1048 758 cura
1062 697 1186 778 pertinet

217 805 231 838 n
256 779 684 862 regularislnstituti.-Gonc.
699 780 795 858 Trid,
811 799 885 844 sess.
900 785 957 862 35,
970 802 1001 846 c.
1014 788 1068 858 20,
1084 784 1121 848 de
1133 785 1185 846 lte·

217 893 232 929 o
255 867 332 950 qul„
347 875 405 937 etc.

116 1031 118 1035 Α
257 979 272 1017 o
296 958 401 1021 Clerici
415 959 602 1022 commendis
617 959 716 1036 aucti,
736 965 771 1021 nt
787 959 954 1042 plurimum
976 979 1067 1026 suam
1080 961 1184 1024 habent

219 1071 232 1104 n
258 1064 395 1108 mensam
408 1049 426 1109 a
439 1047 627 1110 conventuali
640 1046 827 1126 distinctam,
842 1055 873 1112 et
885 1055 1023 1130 quartam
1037 1050 1106 1129 ejus
1121 1069 1183 1134 par·

219 1161 233 1193 o
258 1141 318 1196 tem
342 1135 372 1196 in
399 1136 539 1198 Ecclesiae
566 1136 755 1198 necessitates
781 1143 834 1198 aut
856 1155 1025 1218 pauperum
1046 1138 1184 1201 alimenta

219 1248 234 1280 n
258 1224 394 1286 conterre
408 1224 519 1286 debent
532 1224 593 1302 (ubi
612 1229 714 1286 autern
733 1225 904 1288 eommunis
924 1243 1031 1288 mensa
1044 1234 1112 1304 est,
1126 1227 1183 1289 dari

220 1337 234 1370 o
258 1312 347 1374 debet
358 1312 443 1376 tertio
452 1331 521 1394 pars
534 1312 671 1374 omnium
682 1312 834 1376 fructuum
848 1314 1020 1376 Monosterii
1035 1333 1185 1378 commen

220 1425 234 1457 o
257 1401 336 1478 dati,
352 1419 407 1482 pro
420 1401 563 1463 omnibus
575 1400 634 1462 illis
646 1401 788 1464 oneribus
802 1402 1013 1484 supportandis
1026 1409 1059 1466 et
1071 1413 1185 1467 susten-

221 1513 233 1545 ι)
257 1489 368 1550 tatione
390 1489 627 1567 monachorum,
651 1496 704 1566 ut,
726 1490 823 1571 inquit
838 1491 896 1552 Leo
920 1492 946 1552 X
979 1491 1106 1553 constit
1132 1493 1186 1554 Sn-

221 1601 234 1634 o
257 1595 356 1657 pernoe
369 1580 407 1654 8,
427 1578 803 1659 §10)...semporautem
821 1573 966 1640 beneficia
978 1579 1186 1642 commendata

221 1690 234 1722 o
259 1665 415 1746 pristinam
423 1666 554 1728 retinent
563 1673 700 1728 naturam
714 1683 816 1742 suam,
832 1683 1007 1748 quanquam
1021 1666 1117 1749 longo
1134 1687 1186 1732 usu

221 1779 235 1811 n
259 1755 295 1815 iis
314 1755 518 1818 conceduntur
535 1755 587 1836 qui
607 1755 743 1833 ejusdem
761 1753 880 1818 Ordinis
896 1762 987 1836 atque
1005 1756 1137 1820 Instituti
1154 1776 1186 1819 ar.

220 1868 235 1902 o
259 1843 320 1907 reri
335 1843 467 1906 titulares
482 1861 544 1904 non
558 1850 639 1904 sunt.
654 1864 669 1901 a
686 1845 728 1904 lta
742 1844 844 1906 Deroti
861 1845 905 1923 (ut
916 1845 1030 1925 snpra).

259 1937 349 1995 5457.
373 1932 513 2004 Quamvis
542 1931 789 1994 commendatarii
812 1931 927 1994 nullam
948 1932 1185 2010 jurisdictionem

220 2021 340 2102 proprie
360 2020 471 2083 dictam
491 2025 664 2082 exercerent
683 2019 715 2080 in
741 2019 932 2083 monasteriis
953 2020 1011 2083 eibi
1028 2039 1185 2085 commen-

220 2110 311 2186 datis,
327 2108 367 2170 ita
384 2115 418 2170 ut
438 2113 534 2171 totum
552 2108 688 2190 regimen
705 2108 858 2172 internum
877 2107 974 2172 Priori
994 2109 1182 2173 conventuali

220 2196 395 2278 pertineret,
410 2195 549 2277 plurimis
568 2201 667 2258 tamen
683 2197 819 2276 juribus,
834 2214 897 2260 non
913 2197 1032 2260 tantum
1045 2197 1179 2276 utilrlrus,

221 2283 275 2346 sed
289 2285 379 2345 etiam
394 2283 566 2348 honorificis
575 2284 760 2366 gaudebant,
772 2291 804 2348 et
815 2285 906 2348 veluti
919 2285 1082 2367 Dignitates
1093 2284 1176 2348 habe·

221 2373 339 2436 bantur.

660 2523 681 2604 ξ
697 2523 736 2586 ΙΙ.

575 2657 620 2719 De
634 2653 828 2738 pernionibus.

260 2817 350 2879 5t58.
373 2809 482 2876 Pensio
501 2817 547 2874 est
571 2812 621 2890 J'us
644 2815 757 2873 certam
779 2809 948 2892 portionem
975 2812 1133 2881 lmotunm
1154 2836 1187 2882 aa

221 2903 320 2968 alieno
333 2900 479 2965 beneticio
492 2896 685 2981 percipiendi.

259 2991 396 3072 Trtplicis
410 2989 528 3072 generis
540 2993 587 3050 est
608 3005 616 3049 ι
632 2990 663 3049 l⁰
677 2985 867 3068 Teozporolr's
882 3005 952 3070 quae
963 2989 1055 3054 datur
1067 3003 1191 3079 propter

223 3077 356 3140 officium
369 3075 555 3159 temporale,
567 3094 597 3138 ι.
611 3095 643 3158 g.
657 3075 790 3154 cantori,
803 3073 932 3156 edituo,
947 3079 1081 3144 Patrono
1095 3091 1128 3146 et
1143 3085 1191 3148 de

221 3167 330 3229 sensori
344 3165 496 3229 Ecclesiae.

260 3258 292 3314 2⁰
318 3252 517 3334 spiritualis,
543 3269 612 3332 quae
635 3249 777 3314 fundatur
804 3251 890 3315 titulo
911 3255 995 3318 mere
1023 3257 1188 3338 spirituali,

222 3349 256 3404 ut
280 3359 348 3421 quae
370 3338 456 3400 datm·
480 3340 700 3418 concionatum,
724 3340 888 3420 coadjutori
914 3341 1075 3426 Episcopi,
1098 3369 1188 3432 pam.

220 3427 296 3502 cho,
312 3435 369 3489 eto.

259 3519 291 3575 3⁰
304 3513 414 3588 Medio,
437 3531 506 3594 quae
531 3513 673 3578 fundatur
699 3519 778 3582 statu
803 3517 965 3601 spirituali,
990 3539 1055 3586 non
1084 3529 1188 3592 tamen

220 3602 318 3664 officio
327 3600 482 3682 spirituali,
497 3609 531 3661 ut
539 3621 608 3681 quoe
621 3603 709 3665 datur
723 3605 832 3667 clerico
841 3609 965 3686 pauperi
983 3611 1029 3673 vel
1053 3617 1188 3690 parocho
