2420 3968
328 243 413 288 arnan
434 242 591 289 secururs.
700 251 702 256 ·
896 228 953 290 53t

20 327 62 425 nisi
73 331 249 400 interveniret
264 339 417 421 pluralitas
436 341 581 404 festorum
594 389 602 420 ‚
617 348 670 404 aut
681 348 853 423 emptorum
875 342 955 404 mul·

19 417 110 499 titudo,
123 432 170 486 aut
183 427 289 490 utilitas
302 429 423 511 populi;
439 429 492 492 sed
503 429 555 492 alii
568 430 674 492 dicunt
687 431 745 493 boc
758 448 823 492 esse
838 430 955 494 licitum

18 507 70 582 quia
82 527 189 593 semper
203 515 285 578 adest
298 536 389 580 causa
407 535 574 596 excusans,
589 524 619 581 et
631 519 697 580 telis
711 519 794 580 adest
803 521 908 582 Romae
926 525 956 581 et

18 590 183 682 teneretque
195 606 390 682 consuetudo;
402 607 468 670 baec
478 613 580 669 autem
589 607 777 669 consuetudo
791 627 853 670 non
867 627 956 670 excu-

17 685 123 749 satalios
135 699 236 770 praeter
256 695 382 776 pistores
405 696 514 758 :unde
534 695 714 777 generaliter
737 713 799 758 non
817 697 888 759 licet
900 715 954 777 pa-

18 785 71 870 nem
83 777 219 844 conficere
232 782 338 845 diebus
348 783 429 846 lestis
440 831 449 863 ,
460 784 518 846 nisi
529 791 606 847 esset
620 785 806 847 necessarius
818 785 856 846 ad
866 803 954 846 usum

16 855 116 930 diecret
126 866 178 929 nisi
192 879 405 934 concurrerent
415 873 501 955 plura
509 873 593 936 festa.
610 873 653 954 (S.
669 873 749 953 big,
763 871 820 950 ila,
829 881 863 932 n⁰
873 876 954 949 999.)

44 958 154 1026 licitum
170 974 212 1031 est
231 989 362 1051 coquere
382 972 496 1034 calcem
539 972 670 1050 vitrum,
694 987 860 1051 saponem,
885 969 955 1049 quia

17 1045 96 1142 talium
116 1056 207 1118 coctio
227 1059 329 1140 plures
349 1061 474 1142 requirit
493 1061 573 1137 dies,
595 1067 625 1122 et
641 1059 811 1125 heeoetiam
830 1063 957 1140 possunt

17 1135 130 1219 inchoat
142 1143 187 1207 die
201 1145 276 1210 festo
289 1195 297 1225 ‚
313 1148 351 1234 ad
363 1149 518 1212 vitandum
532 1168 621 1230 grave
635 1149 793 1212 damnum.

44 1247 117 1308 4949.
138 1250 312 1334 Disputatur
330 1274 370 1317 an
385 1258 503 1319 occasio
523 1274 670 1338 magnum
691 1257 808 1318 lucrum
829 1252 957 1316 lactendi

16 1341 113 1396 excuset
124 1339 159 1399 ab
171 1343 313 1423 operibus
332 1345 488 1406 servilibus
501 1347 676 1409 exercendis
692 1365 700 1406 :
716 1345 863 1406 sententia
877 1341 956 1404 affir-

16 1434 80 1484 mans
91 1424 165 1504 forte
183 1434 280 1512 mapr's
297 1433 462 1513 probabilis
481 1437 637 1498 vocatura
661 1437 693 1496 S.
708 1434 844 1514 Lignum,
867 1431 958 1494 modo

15 1517 95 1605 tratur
122 1515 158 1579 de
188 1519 275 1582 lucro
297 1521 553 1598 extraordinario,
577 1541 641 1584 non
658 1524 729 1586 rard
758 1521 796 1582 de
818 1519 959 1582 mercede

15 1593 98 1662 clama
106 1622 115 1678 ;
129 1612 157 1674 et
170 1607 253 1670 idem
268 1609 460 1685 probabiliter
470 1612 559 1673 sentit
572 1610 673 1692 quoad
686 1611 871 1672 auditionem
885 1609 958 1669 mis·

14 1700 51 1746 ta.
64 1690 91 1750 S.
102 1691 237 1774 Lignum,
253 1697 295 1757 ib.
305 1732 344 1742 -
358 1697 434 1760 Vide
448 1717 537 1780 supra
554 1702 664 1777 (4999).

40 1787 958 1874 tart.Disputaturpartteransufficienssttretiootiivirandt:
1066 1821 1067 1826 ¹
1130 1821 1152 1862 ·.

13 1871 72 1934 cirea
83 1881 160 1958 quod
173 1882 370 1963 probabiliter
382 1883 487 1946 dieunt
501 1885 602 1965 plures
615 1883 694 1946 banc
707 1886 855 1946 rationem
869 1903 960 1946 excu-

13 1975 61 2023 tere
73 1985 136 2029 eum
156 1971 209 2052 qui
231 1970 317 2032 aliter
330 1977 408 2033 esset
428 1972 459 2032 in
478 1972 624 2052 probabili
643 1971 777 2054 periculo
791 1972 933 2054 peccandi
950 1993 958 2048 ;

14 2051 65 2214 phil,
78 2055 156 2132 juxte
171 2062 203 2122 S.
220 2059 351 2139 Lignor,
367 2061 435 2122 rard
449 2061 533 2123 adest
544 2061 610 2124 talis
630 2061 792 2124 necessitas
806 2060 960 2124 laborandi

22 2157 27 2192 r
45 2187 59 2218 Α,
72 2147 101 2205 11⁰
114 2151 194 2227 302).

39 2247 116 2309 4949.
126 2251 325 2313 Excusantur
345 2253 556 2332 instauratores
569 2252 699 2316 fontium
710 2300 719 2333 ‚
732 2251 849 2317 viarum
863 2252 961 2335 publi·

13 2345 94 2396 tarum
107 2343 136 2399 et
149 2339 297 2402 similium
312 2359 380 2421 quae
394 2359 510 2404 moram
525 2362 587 2405 non
601 2346 771 2425 patiuntur;
788 2349 917 2405 sartores
931 2343 962 2403 in

13 2425 129 2498 operibus
137 2430 318 2492 necessariis
327 2449 382 2510 pro
395 2430 562 2510 funeribus,
574 2433 762 2513 nuptiis‚pro
776 2430 898 2492 advenis
911 2430 964 2508 qui

15 2523 93 2575 arent
105 2519 241 2581 restibus
258 2517 453 2594 decentibus,
473 2528 531 2582 eto.
547 2523 595 2600 (S.
615 2519 750 2600 Lignum,
767 2517 822 2594 it„
837 2529 871 2578 n⁰
881 2519 964 2592 303.)

12 2681 16 2694 ι
39 2602 103 2665 ltcm
118 2607 261 2687 agricolae
274 2607 312 2668 ad
326 2609 492 2670 cavendum
502 2610 666 2684 damnum,
680 2613 714 2668 ut
726 2607 751 2668 si
761 2653 770 2681 ,
780 2605 820 2668 ob
833 2604 966 2687 pluviam
1007 2665 1009 2668 .

12 2692 221 2769 imminentem,
240 2702 371 2776 segetem
385 2697 430 2758 vel
446 2697 561 2759 foenum
575 2701 772 2776 congregent.

39 2799 119 2862 4943.
132 2836 168 2848 -
180 2805 215 2863 6⁰
229 2800 374 2864 Utilitas:
387 2807 509 2883 propter
523 2819 616 2883 quam
629 2800 745 2862 licitum
759 2815 825 2862 esse
834 2801 965 2876 constat,

12 2879 41 2940 ⁰b
52 2889 199 2964 publicam
214 2888 323 2950 laetitiae
335 2907 457 2952 causam
467 2938 475 2968 ,
487 2899 558 2972 puta
574 2889 795 2966 obviaturum,
811 2887 968 2950 adventum

10 2971 44 3032 tel
56 2983 153 3042 ortum
168 2977 336 3057 Principis,
349 2983 420 3054 etc,
437 2977 587 3040 conficere
596 2984 708 3054 vestes,
719 2977 834 3040 theatra
846 2983 875 3039 et
888 2977 970 3039 simi-

10 3055 40 3120 lia
53 3083 60 3122 :
73 3065 244 3130 dummodo
257 3067 325 3127 talia
345 3067 376 3127 in
395 3066 443 3128 die
463 3067 594 3148 profesto
613 3067 767 3148 praeveniri
787 3085 849 3128 non
863 3073 969 3148 potue·

10 3147 76 3214 rint:
90 3156 128 3216 ad
143 3157 212 3218 haec
226 3157 328 3217 omnia
339 3153 449 3217 sufficit
465 3153 628 3238 probabilis
646 3155 824 3234 necessitaS,
839 3163 890 3218 aut
903 3175 971 3237 pro-

9 3235 101 3306 babilis
114 3244 316 3307 eonsuetudo.
333 3247 375 3324 (S.
392 3245 527 3325 Liguor.,
544 3243 598 3322 id,
616 3253 649 3305 n⁰
663 3247 745 3323 304.)

39 3355 124 3415 4944.
153 3357 301 3426 Ouaenam
323 3361 424 3416 autem
443 3355 614 3436 requiratur
630 3355 781 3436 quantitas
798 3373 853 3418 seu
873 3356 973 3438 potibs

9 3435 115 3504 duratio
134 3443 241 3524 operis
260 3449 294 3504 ut
311 3452 466 3524 peccatum
486 3445 523 3504 sit
541 3443 666 3505 mortale
682 3465 689 3504 :
706 3462 767 3505 non
781 3444 975 3506 consentiunt

11 3526 61 3589 llll.
86 3551 93 3592 :
111 3531 206 3612 juxta
227 3531 334 3610 Groix,
354 3533 546 3594 communior
566 3538 595 3593 et
622 3531 804 3612 probabilior
827 3549 908 3594 nunc
930 3537 975 3590 est

9 3623 149 3686 mutantia
168 3637 235 3682 non
252 3639 317 3685 esse
336 3620 460 3684 mortale
479 3620 535 3683 nisi
555 3619 706 3686 laboretur
720 3619 826 3684 saltem
844 3617 973 3684 multum
