2434 3940
24 25 29 170 D
377 197 461 246 arnan
481 197 636 248 saonnnos.
916 183 971 248 aar

54 290 252 376 »dispensantis
269 297 418 362 voluntate
441 298 566 380 pendet,
588 301 640 362 sed
658 302 674 361 d
695 299 870 362 Tridentino
890 319 975 362 coer-

54 390 147 446 icem
169 386 252 448 arctis
285 387 450 468 prudentias
477 386 660 470 discretiquc
686 388 807 452 arbitrii·
824 389 942 471 legibus
968 407 976 449 :

54 471 144 570 »qnod
164 473 239 537 idam
257 482 302 538 est
314 493 351 540 ac
368 475 532 558 legitimam
545 494 668 540 eausam
688 475 917 561 dispensationis
930 495 978 541 re·

24 619 26 640 ,
54 577 187 636 aquirere.
208 584 224 624 a

24 677 25 696 t
81 673 150 732 1011.
169 673 231 737 lmd
250 671 359 736 domat
378 673 580 738 communiter
593 676 657 736 llll.
677 673 759 756 qudd
773 674 811 738 ad
824 676 978 740 vitandum

56 774 118 835 pera
138 759 275 825 damnum
300 779 466 826 commune
484 763 531 825 vel
556 763 725 844 privatum,
754 763 908 846 spirituale
931 770 977 826 aut

24 925 26 930 ι
56 849 201 928 temporale,
221 856 252 913 ct
263 849 363 914 adbuc
380 850 405 914 si
422 843 544 932 eitpedit
556 851 594 914 ad
615 851 746 914 notabile
762 851 877 914 bonum
895 852 981 936 spiri·

24 949 25 1010 j
56 934 173 999 ualeant
190 940 353 1022 temporale
372 940 622 1016 communitatis,
645 941 691 1004 vel
716 940 837 1004 alterius
860 941 982 1022 privati,

24 1025 25 1050 ³
56 1020 185 1107 Episcopus
209 1043 269 1090 non
291 1029 390 1090 solium
413 1033 530 1110 potest,
545 1027 597 1090 sed
619 1029 709 1092 etiam
728 1036 847 1092 tenetur
866 1029 985 1110 dispen-

24 1107 26 1160 ἕ
56 1125 101 1172 aare
118 1113 198 1178 :ride
217 1116 475 1180 enumerationem
499 1117 642 1198 plurium
654 1117 826 1200 hujusmodi
840 1136 983 1191 omnum,

24 1237 25 1288 3
57 1200 112 1279 apud
123 1203 151 1272 S.
162 1204 279 1288 Ligucr.
297 1205 360 1284 (lib.
375 1209 412 1282 6,
429 1204 579 1283 n¹·1005‚
596 1211 695 1288 1006).

24 1319 26 1392 j
80 1311 152 1372 1015.
173 1311 350 1394 Dimensare
373 1310 450 1373 valet
470 1311 637 1394 Episcopus
659 1315 759 1395 quoad
780 1315 984 1380 denuntiatio·

24 1397 25 1484 j
56 1413 107 1475 lea,
121 1399 201 1463 eliam
214 1419 284 1464 cum
299 1399 393 1462 altaro
408 1415 588 1482 sponsorum
604 1421 664 1463 non
679 1404 734 1466 sibi
749 1405 868 1468 subdito
885 1405 898 1466 ι’
909 1405 987 1467 'sicut

24 1493 27 1506 '
55 1485 114 1547 eninr
126 1495 215 1574 potest
228 1507 299 1553 eum
314 1507 384 1552 eum
405 1488 525 1551 subdito
537 1491 738 1574 coniungere,
753 1493 791 1555 ita
807 1501 902 1577 potest
915 1513 986 1556 cum

24 1607 26 1654 5
55 1573 244 1658 audiapensarc
260 1597 268 1640 ε
285 1579 326 1640 ila
343 1579 375 1640 S.
391 1577 512 1659 Ltgnor.
534 1577 631 1657 (ibid,
655 1594 689 1642 n⁰
711 1586 819 1661 l00'l);
841 1583 988 1644 Dominus

24 1679 25 1682 ¹
55 1666 129 1736 lanea
142 1667 270 1731 Garridre
285 1665 355 1745 (ib,
366 1675 399 1728 n⁰
412 1667 497 1744 aaa),
511 1666 583 1729 dicit
596 1671 790 1732 communitis
804 1671 914 1731 sentire
924 1672 985 1731 DD.

55 1765 100 1814 case
111 1761 175 1818 tuno
192 1754 408 1818 recurrendum
423 1754 460 1817 ad
483 1757 639 1836 utriusque
662 1758 763 1838 sponsi
778 1757 986 1834 Ordinarium3

55 1845 75 1897 ct
84 1839 192 1921 ipsemet
204 1848 235 1908 S.
250 1845 373 1924 Lignor.
389 1843 634 1925 (Deprioitepiis,
651 1854 683 1906 n⁰
699 1849 756 1922 57,
773 1846 805 1906 in
819 1845 887 1926 fine)
904 1863 989 1908 suam

54 1932 201 1996 enuntiem
223 1941 311 1996 cocat
331 1933 447 1994 tantum
472 1933 659 2014 probabilem
680 1951 688 1994 ε
709 1933 807 2016 pranis
827 1939 927 1994 autem
945 1940 990 1996 sat

53 2021 173 2092 generalis
184 2022 264 2104 apud
280 2039 336 2083 nos
351 2039 421 2084 cum
435 2021 522 2083 dietis
536 2023 571 2081 1).
588 2021 720 2086 Garridre
734 2023 850 2086 videtur
863 2039 989 2084 concor·

52 2107 114 2168 darc.
128 2109 197 2174 Vide
211 2109 341 2174 Ordonn.
356 2108 391 2171 de
413 2107 550 2187 Volence,
566 2127 598 2190 p.
613 2115 683 2174 101.

80 2215 155 2279 1016.
175 2215 304 2290 Quidam
322 2213 428 2278 dicunt
449 2233 536 2298 posse
557 2216 723 2297 parorbum
742 2217 933 2300 dispensare,
957 2221 988 2284 in

54 2313 105 2363 casn
116 2307 228 2387 urgenti
253 2323 315 2386 quo
334 2304 500 2386 Episcopus
518 2322 579 2367 non
599 2315 698 2388 posset
714 2308 787 2370 adiri
802 2328 809 2383 ;
825 2307 877 2371 sed
891 2310 990 2373 veritis

52 2395 74 2448 et
87 2395 268 2458 communitis
288 2392 344 2455 hoc
366 2400 512 2474 negatur:
533 2394 618 2458 valde
639 2403 739 2459 tamen
754 2397 945 2479 probabiliter
959 2399 990 2463 in

52 2475 113 2542 dicto
123 2487 190 2547 casu
204 2480 370 2566 parochus,
385 2481 410 2544 si
425 2482 593 2564 periculum
611 2484 649 2546 sit
665 2485 696 2546 in
718 2489 814 2560 mora,
829 2495 924 2566 potest
937 2487 989 2550 dc-

51 2565 141 2634 clarere
151 2577 334 2654 preceptum
344 2571 585 2652 proclamationis
593 2571 761 2636 bannorum
772 2591 836 2634 non
847 2575 989 2653 obligare,

51 2659 122 2721 nont
140 2669 239 2724 certus
255 2659 292 2722 sit
312 2659 430 2722 nullum
447 2660 550 2722 adesse
565 2661 816 2742 impedimentum
836 2678 844 2719 ε
863 2679 892 2721 v.
908 2681 952 2740 g„
967 2664 991 2724 si

50 2748 191 2812 moriturus
210 2747 412 2813 concubinam
429 2749 498 2810 velit
510 2749 622 2812 ducere
639 2748 678 2810 ad
698 2750 814 2830 prolem
828 2745 993 2828 legitiman-

49 2831 114 2898 dam.
128 2841 158 2902 S.
175 2841 297 2921 liguor.
312 2836 381 2920 (tt,
398 2839 473 2899 rum
484 2885 493 2914 ,
506 2837 575 2900 dut.
591 2842 631 2916 2,
645 2844 676 2899 et
690 2841 790 2918 1003).

78 2956 157 3017 1011.
171 2953 336 3018 Occasione
345 2949 593 3034 promulgationis
600 2951 782 3032 bannorum,
796 2954 933 3038 quaedam
943 2955 992 3021 hlc

50 3048 104 3102 aunt
130 3043 255 3107 dicenda
283 3042 361 3105 circu
387 3040 550 3122 quamdam
575 3042 706 3122 speciem
731 3045 992 3110 matrimoniorum

50 3130 215 3196 occultorum
238 3149 306 3214 quas
318 3129 500 3193 conscientiae
518 3129 682 3193 dicuntur:
701 3131 872 3212 hujusmodi
893 3138 993 3199 matri·

50 3221 134 3283 monia
144 3219 360 3285 contrabuntur
372 3218 494 3301 quidem
508 3237 610 3280 coram
621 3221 750 3301 parocho
764 3229 793 3284 et
805 3223 923 3287 duobus
937 3233 992 3290 tes-

49 3305 132 3388 tibus,
145 3310 197 3373 scd
210 3311 389 3372 omittuntur
402 3326 438 3370 ex
452 3308 570 3370 lndulto
583 3307 839 3387 denuntiationes,
854 3317 991 3381 etomnis

48 3410 108 3458 cura
126 3397 280 3461 adhibetur
300 3405 334 3460 ut
353 3395 471 3458 occulta
483 3405 669 3461 remaneant.
692 3399 727 3460 ln
741 3401 900 3464 Germania
927 3404 990 3468 haeo

48 3485 219 3550 matrimonia
231 3492 375 3550 vocantur
387 3483 428 3547 cd
445 3487 693 3562 morpunoticcm,
714 3488 820 3568 gallica
841 3492 991 3570 Mcrr'opes

48 3570 75 3634 de
95 3573 121 3637 ta
139 3576 219 3639 mmo
228 3573 354 3658 coacte,
371 3579 404 3639 et
416 3590 479 3637 non
497 3573 769 3655 combustoribus
780 3583 811 3640 el
831 3575 992 3657 privilegiis
