2474 3946
346 15 368 73 f'

208 11 352 185 ‘r

419 241 505 289 mam
526 247 682 298 saumuro.
974 249 1033 312 315

71 333 249 399 1111111111...
271 339 323 420 qui
345 339 429 402 aliter
450 345 543 424 quim
567 357 714 429 praesente
734 357 881 436 parocho,
906 361 951 424 ael
973 363 1031 426 alio

69 426 251 489 »sacerdote
271 427 311 490 de
330 429 424 510 ipsius
446 435 566 512 parochi
590 455 644 500 seu
667 441 815 508 Ordinarii
839 449 977 530 licentia,
1002 461 1032 515 et

68 533 80 568 n
101 513 215 579 duobus
232 517 278 579 rel
296 519 392 582 trihus
406 522 531 586 testibus
549 528 777 595 matrimonium
790 539 966 604 contrahere
984 548 1029 603 nt-

68 623 79 658 1
101 606 273 685 tentabunt3
289 626 341 670 eos
353 610 385 672 S.
401 611 588 692 Synodusad
599 615 642 679 sic
654 623 1029 696 contrahenduruommnb

68 715 79 749 1
101 691 244 758 inhabiles
270 696 387 778 reddit,
417 707 449 762 et
474 703 650 782 hujusmodi
677 717 848 776 contractus
875 717 973 782 irritos
999 728 1028 785 et

67 804 79 838 1
100 783 194 846 nullos
207 804 275 849 esse
288 787 437 867 decernit,
459 799 549 872 prout
566 813 619 857 eos
632 800 771 878 prasenti
786 804 911 868 Decreto
932 807 1028 873 initos

67 891 78 928 1
99 871 165 935 lacit
177 880 208 936 et
221 876 395 940 annullat...
411 878 442 940 Si
456 879 529 965 quis·
538 885 702 964 parochus,
713 889 763 950 rel
777 891 854 955 alius
869 897 1026 976 sacerdos,

65 979 76 1016 1
97 963 155 1025 sire
168 965 316 1046 regularis
330 966 391 1029 sire
410 969 562 1033 secutaris
584 973 637 1052 sit,
657 977 773 1041 etiamsi
792 981 822 1043 id
836 982 893 1046 sibi
914 1003 952 1047 ex
970 989 1028 1067 pri·

64 1071 76 1106 1
97 1051 200 1134 vilegio
212 1054 259 1116 rel
274 1055 505 1121 immemorabili
519 1065 737 1128 consuetudine
750 1068 841 1134 licere
853 1075 1025 1154 contendat,

63 1163 75 1198 n
96 1142 214 1208 alterius
235 1144 386 1226 parochiae
400 1166 527 1230 sponsos
549 1151 614 1216 sind
629 1153 750 1220 illorum
769 1161 892 1242 parochi
908 1162 1026 1252 lieentia

62 1253 74 1288 1
97 1233 289 1296 matrimonio
315 1236 502 1319 conjungere
526 1248 577 1303 aut
600 1241 779 1310 benedicere
802 1269 894 1314 ausus
916 1252 1024 1334 tuerit,

61 1342 73 1377 1
95 1321 156 1403 ipso
169 1325 239 1403 jure
256 1324 371 1386 tamdiu
390 1344 556 1408 suspensus
578 1341 698 1396 maneat
716 1339 861 1418 quamdiu
881 1341 1024 1406 111101111-

60 1433 73 1468 1
95 1413 177 1478 uario
194 1413 262 1494 ejus
284 1414 427 1496 parochi,
451 1419 502 1498 qui
519 1421 710 1487 matrimonio
733 1425 877 1493 interesse
896 1431 1025 1498 debebat

60 1522 72 1558 1
93 1521 142 1566 seu
156 1503 173 1566 la
187 1523 250 1586 quo
264 1503 434 1568 benedictio
447 1508 634 1590 suscipienda
645 1521 728 1593 erat,
743 1517 950 1585 absolvatur...
1066 1518 1069 1526 ’

92 1613 107 1650 a
131 1593 242 1656 Carent
254 1593 426 1674 (ordinarii)
445 1595 502 1660 boc
516 1601 675 1664 Decretum
692 1606 803 1686 populo
823 1611 966 1689 publicari
988 1632 1023 1678 ao

58 1683 230 1764 »explicari
252 1684 284 1746 in
312 1685 439 1766 singulis
459 1705 584 1752 suarum
605 1690 781 1756 dioecesium
804 1699 1023 1777 parochialibus

59 1791 71 1826 1
93 1773 262 1837 eeclesiis...
280 1807 318 1820 -
341 1775 482 1838 Decernit
496 1779 619 1858 insuper
633 1781 674 1859 (S.
700 1783 850 1864 Synouus)
870 1793 903 1848 ut
921 1785 1024 1868 hujus·

58 1881 70 1916 1
92 1862 170 1926 modi
191 1865 352 1926 Decretum
375 1864 405 1926 in
426 1869 611 1948 unaquaque
633 1871 774 1949 parochia
796 1892 886 1937 suum
907 1877 1020 1957 robur,

58 1972 70 2006 r
91 1961 153 2032 post
171 1955 294 2036 triginta
313 1953 396 2030 dies,
417 1953 527 2017 habere
542 1956 716 2038 incipiat,a
736 1960 785 2022 die
805 1963 911 2044 primae
925 1967 1022 2048 publi·
1079 2045 1084 2056 ⁵

56 2061 69 2095 ι
90 2044 212 2106 cationis
232 2044 263 2105 in
278 2044 384 2106 etdern
398 2044 538 2125 parochit
551 2045 652 2127 lactae,
668 2051 883 2117 numerandos.
899 2077 915 2115 1

90 2133 125 2194 Et
145 2133 183 2196 de
197 2133 279 2216 ragis
291 2133 368 2216 (cap.
392 2136 422 2216 7)
436 2135 480 2197 sic
498 2134 588 2198 habet
606 2137 637 2200 S.
662 2139 826 2221 Synodus:
849 2146 1020 2212 «Parochia

55 2242 68 2277 ι
90 2230 187 2284 autem
211 2223 346 2306 praecipit
366 2242 406 2286 ne
427 2224 548 2288 illorum
566 2227 767 2293 matrimoniis
780 2232 936 2312 intersint,
961 2239 1018 2302 nisi

55 2329 69 2366 1
91 2312 170 2392 prihs
189 2312 365 2394 diligentem
387 2313 611 2396 inquisitionem
626 2316 768 2399 iecerint,
782 2329 812 2384 et
825 2343 858 2386 re
872 2324 909 2386 ad
930 2327 1017 2390 Drdi-

55 2419 69 2456 »
91 2403 203 2466 narium
218 2401 330 2478 delattt,
355 2403 394 2466 ab
407 2421 444 2466 eo
459 2403 609 2467 licentiam
624 2407 654 2468 id
668 2408 795 2474 lactendi
816 2413 981 2479 obtineant.
996 2439 1013 2478 a

90 2493 173 2554 tata.
196 2495 240 2554 Ex
254 2492 352 2555 verbis
370 2491 517 2575 praelatis,
535 2496 726 2559 matrimonia
748 2500 821 2562 inita
835 2501 949 2583 absque
963 2525 1016 2585 pa-

56 2579 127 2642 rochi
147 2583 192 2645 rel
206 2583 284 2646 alius
304 2582 467 2646 sacerdotis
480 2582 518 2646 de
539 2584 634 2666 ipsius
655 2587 776 2668 parochi
792 2607 845 2650 seu
868 2589 1017 2657 Ordinarii

56 2665 181 2750 licentitt,
207 2681 237 2736 et
259 2673 390 2736 duorum
417 2671 462 2734 vel
486 2672 578 2736 trium
600 2675 722 2738 testium
743 2678 923 2758 prasentia,
946 2688 1018 2770 sunt

56 2776 165 2838 prorsus
178 2749 318 2844 invalida,
330 2763 367 2825 ils
376 2763 408 2824 in
423 2760 497 2824 locis
510 2761 563 2826 ubi
575 2761 690 2826 dictum
704 2766 863 2828 Decretum
879 2765 936 2828 tuit
948 2787 1017 2850 pro·

55 2850 108 2912 mul
128 2861 219 2918 atum.

86 2873 168 3007 ἐῶ.
195 2947 245 3007 Est
267 2950 368 3008 autern
387 2945 592 3008 necessarium
615 2945 698 3027 qudd
717 2945 832 3010 dictum
852 2951 1014 3016 Decretum

54 3025 80 3089 in
92 3031 212 3114 singulis
235 3034 384 3116 parochiis
398 3034 487 3097 tuerit
507 3035 751 3118 promulgatum,
767 3043 796 3099 et
810 3038 933 3120 quidem
947 3041 1013 3105 vul·

53 3120 105 3196 gari
119 3130 147 3184 et
160 3123 340 3205 intelligibili
355 3123 511 3200 idiomate;
535 3143 591 3187 nec
604 3125 755 3189 sufficiens
769 3135 847 3190 esset
858 3129 940 3211 qubd
955 3150 1013 3212 pu·

52 3203 179 3274 blicaturn
199 3211 303 3274 luisset
316 3213 347 3274 in
370 3212 493 3294 Synodo
510 3233 517 3273 :
534 3213 601 3276 vide
616 3217 803 3279 Decisionem
819 3219 917 3282 Sacrae
936 3219 1014 3283 Cou-

51 3301 435 3384 gregationistnquisitionis
446 3307 534 3381 1669,
546 3305 625 3386 apud
636 3306 910 3385 Amlectotjanvier
921 3313 1009 3390 1856,

51 3387 99 3450 rol.
119 3393 215 3468 1810).
234 3392 318 3454 -Si
341 3391 460 3456 deliniat
481 3393 616 3474 probatio
630 3395 697 3458 talis
711 3397 960 3478 promulgationis
979 3401 1011 3463 iu

50 3479 168 3555 quodam
185 3481 267 3558 loco,
282 3481 359 3545 lacta
379 3481 490 3545 ibidem
506 3485 646 3565 praesumi
671 3491 783 3566 potest,
805 3486 904 3568 inquit
918 3488 1012 3549 Dene-

50 3563 135 3631 dictus
147 3572 213 3634 lth
234 3571 289 3650 (De
303 3569 437 3654 Synodo,
454 3571 505 3634 lib.
522 3577 579 3651 lh,
595 3593 663 3655 cap.
679 3577 758 3652 5,11ο
775 3577 838 3654 Vt),
854 3575 879 3636 si
894 3579 1012 3634 constet

50 3651 81 3718 lbi
88 3657 151 3738 jum
169 3681 225 3722 uec
241 3669 390 3745 receptum
411 3681 469 3724 esse
482 3669 517 3723 at
533 3663 757 3724 matrimonium
775 3681 873 3722 coram
885 3658 1012 3741 parocho

153 3780 185 3828 τ.
200 3777 247 3829 ω.
854 3753 891 3814 10
