2416 3954
412 241 499 288 maan
519 243 675 292 sscuuous.
978 235 1035 297 33⁹

58 338 209 402 bitionem
224 337 425 422 episcopalem
444 341 496 404 sad
510 361 582 406 cum
595 343 782 425 delegatione
796 346 928 430 generali
947 367 1037 432 paro-

16 461 18 494 ι
58 426 204 506 chorum,
219 428 410 492 declarantur
423 431 537 508 valida,
553 433 691 512 quamvis
701 435 811 498 illicita.

15 513 18 600 l
98 523 192 580 tatu.
212 521 243 579 ln
264 517 443 582 dioecesibus
457 522 527 584 verd
548 521 708 604 inquibus
729 525 830 588 vicarii
850 527 1038 608 parochiales

16 611 17 614 ’
59 608 214 689 recipiunt
233 607 271 670 ab
294 609 443 691 Episcopo
463 611 635 691 generalem
658 610 828 677 facultatem
850 627 1037 682 sacramenta

60 697 309 774 administrandi,
325 706 413 780 prout
427 697 491 760 lieri
506 699 582 762 solet
597 701 629 762 in
644 701 745 764 multis
760 704 794 780 (si
811 721 871 766 non
885 707 1037 788 omnibus)

61 786 164 848 Galliae
185 785 386 864 dioecesibus,
405 788 526 870 parochi
551 805 612 850 non
637 797 765 871 possunt
787 792 859 873 ipsis
879 795 1036 876 prohibere

60 876 250 958 quominus,
265 875 371 939 saltem
385 876 499 954 aalide,
516 878 717 940 nratrimoniis
731 880 879 944 assistant.

100 965 181 1038 Quid
196 967 266 1028 verd
277 967 393 1048 possint
405 966 632 1047 eleemosynarii
653 968 865 1050 hospitiorum,
880 990 1036 1037 conserva-

61 1057 229 1133 toriorum,
244 1051 392 1133 militum,
411 1073 585 1134 carcerum,
598 1057 662 1137 jam
680 1057 831 1137 diximus3
850 1059 914 1124 ride
934 1063 1037 1140 (1377-

61 1147 157 1220 rcra‚
176 1145 457 1222 talamascas).

99 1239 195 1298 t380.
224 1237 389 1299 Utautem
417 1239 534 1298 constet
559 1235 597 1298 de
623 1236 824 1302 celebratione
853 1240 1037 1302 matrimonii

60 1325 168 1386 sululd
195 1323 415 1386 obseruandum
443 1323 607 1406 estquod,
631 1333 700 1407 post
721 1328 810 1390 rerba
833 1347 922 1409 supra
947 1329 1038 1392 relata

59 1417 184 1492 (tati),
199 1413 366 1476 Concilium
389 1413 522 1476 Trident.
547 1414 727 1495 superaddat
750 1419 833 1492 (sess.
859 1423 910 1494 tl,
935 1437 962 1481 c.
985 1419 1035 1496 ll:

62 1531 76 1560 a
101 1503 220 1565 liabent
240 1503 388 1585 parochus
409 1503 520 1566 librum
541 1501 572 1564 in
596 1523 657 1584 quo
682 1505 849 1587 conjugum
869 1513 899 1567 et
916 1509 1036 1569 testium

61 1617 74 1650 a
101 1593 246 1670 nomina,
260 1591 402 1673 diemque
415 1599 445 1654 ct
458 1591 558 1654 locum
574 1593 716 1655 contracti
732 1595 915 1656 matrimonii
930 1595 1038 1659 descri-

60 1705 74 1741 ι
100 1681 170 1756 bat;
187 1699 280 1763 quem
293 1681 452 1762 diligenter
466 1680 545 1763 apud
560 1699 592 1742 se
606 1682 763 1744 custodiat.
779 1705 795 1742 n

100 1774 194 1834 4381.
214 1771 336 1844 Quaerit.
358 1773 391 1833 5⁰
408 1773 486 1843 Quot
503 1777 533 1832 et
553 1770 657 1851 quales
677 1775 768 1834 testes
789 1773 982 1854 requirantur
1000 1776 1038 1838 ad

63 1859 317 1924 matrimonium?

101 1954 194 2032 ltesp.
206 1949 370 2012 lixssoncil.
385 1947 521 2012 Trident.
537 1965 629 2029 supra
642 1947 736 2010 relato
744 1949 861 2029 (4341),
883 1951 995 2034 requiri
1009 1961 1039 2018 et

62 2039 201 2103 sufficere
215 2038 407 2102 saltemduos
420 2047 520 2100 testes.
533 2037 610 2098 -Si
625 2037 673 2098 alii
689 2037 768 2100 ultra
781 2039 862 2102 hunc
877 2059 1038 2106 numerum

64 2126 227 2212 aliquando
250 2126 360 2190 luerint
380 2127 513 2208 requisiti
535 2126 567 2188 iu
591 2126 774 2206 Ritualibus,
794 2147 856 2192 non
877 2129 945 2192 ideo
968 2137 1038 2195 sunt

64 2217 224 2300 reputandi
239 2219 317 2280 velut
333 2216 491 2278 necessarii
514 2215 550 2277 ad
566 2216 749 2278 matrimonii
767 2217 969 2300 validitatem,
985 2221 1036 2284 scd

63 2305 209 2370 duntaxat
223 2307 261 2369 ad
276 2307 370 2388 ipsius
380 2305 549 2366 liceitatem.

102 2401 192 2460 rosa.
210 2396 286 2458 Cirm
310 2413 347 2457 ex
362 2395 430 2473 jure
446 2393 536 2455 nullae
553 2393 709 2475 qualitates
728 2395 872 2476 speciales
886 2396 917 2458 in
932 2397 1037 2477 hujus-

64 2486 144 2548 modi
171 2485 296 2548 testibus
317 2483 529 2564 requirantur,
554 2482 687 2544 adhiberi
706 2489 832 2564 possunt
854 2485 1038 2566 quicumque

64 2593 154 2638 usum
169 2574 295 2636 rationis
310 2573 441 2650 habent,
456 2573 518 2634 sive
538 2589 636 2634 mares
657 2573 719 2633 sire
738 2570 885 2632 leminea:
907 2573 1038 2653 praelerri

65 2671 165 2726 tamen
179 2663 291 2726 debent
303 2679 440 2744 personae
453 2660 586 2723 honestae
598 2709 606 2737 ,
617 2679 687 2742 quae
700 2658 911 2722 contrahentes
924 2677 1037 2740 coguo-

64 2761 148 2817 scant
160 2801 169 2832 ,
183 2749 401 2833 consanguinei
412 2750 563 2832 praecipud
575 2749 621 2811 rel
637 2747 753 2810 affines.

102 2845 192 2906 4³8³.
209 2843 397 2904 Concurrere
410 2847 511 2902 autem
524 2837 614 2901 debet
623 2836 783 2920 prasentia
796 2835 919 2918 parochi
937 2843 967 2900 et
980 2843 1038 2900 tes·

65 2931 158 2994 tium:
175 2948 235 2994 nec
247 2929 318 2992 satis
331 2929 408 2992 foret
424 2928 507 3010 quod
525 2927 664 2990 adessent
678 2925 864 3002 successire3
880 2925 988 2990 sufficit
1001 2928 1039 2992 ad

64 3021 246 3086 validitatem
273 3017 455 3082 matrimonii
479 3015 562 3099 qudd
585 3034 621 3078 ex
642 3015 736 3098 signis
756 3023 786 3078 ct
808 3015 1039 3082 circumstantiis

64 3116 153 3175 testes
168 3109 322 3194 potuerint
333 3109 417 3172 certd
435 3106 600 3188 intelligere
618 3106 847 3169 matrimonium
864 3105 955 3170 luisse
969 3127 1040 3171 con-

65 3205 214 3278 tractum,
238 3197 353 3262 etiamsi
370 3196 461 3260 rerba
483 3197 595 3278 quibus
615 3213 782 3259 consensus
802 3195 856 3258 luit
868 3195 956 3260 datus
976 3216 1037 3260 non

66 3288 226 3352 audierint.

103 3381 193 3442 4384.
211 3379 274 3440 Etsi
288 3376 326 3440 ad
340 3374 521 3440 validitatem
535 3375 718 3440 matrimonii
735 3394 796 3438 non
810 3377 848 3439 sit
868 3393 991 3438 necesse
1005 3385 1038 3440 ut

66 3473 154 3530 testes
167 3467 228 3530 sint
244 3468 384 3548 expresse
404 3467 498 3530 vocati
519 3465 558 3528 ad
580 3465 623 3526 illi
643 3465 904 3542 interessendum,
923 3463 1039 3525 videtur

66 3561 168 3620 bmen
184 3557 387 3620 necessarium
404 3561 439 3618 ut
457 3554 496 3618 de
514 3554 593 3617 illius
612 3553 811 3616 celebratione
829 3566 1037 3635 praemonean-

67 3651 126 3724 tur,
142 3651 233 3728 prout
245 3641 375 3706 diximus
388 3642 426 3706 de
436 3641 567 3725 parocho
581 3659 671 3722 supra
684 3643 794 3716 (4353).
