2482 3944
192 211 228 269 to
406 217 542 266 aramum
559 183 660 264 rorrus
680 217 762 264 rucis
782 215 931 264 cruomm.

189 345 202 378 r
228 321 336 396 situm,
352 315 404 380 sed
418 334 544 398 uquam:
560 316 779 398 depositusque
794 315 823 375 iu
839 313 960 394 aliquod
972 331 1034 384 vus,
1050 311 1161 375 iterum

190 432 203 466 n
227 407 331 469 vinum
346 423 416 468 cum
431 410 509 486 aqua
520 405 650 486 ponatin
661 403 754 466 calice
763 410 793 465 et
800 409 967 481 consecret,
978 401 1162 465 resumendo

190 518 203 554 u
229 497 246 556 b
260 494 394 556 uerbis..
410 493 516 556 Simili
529 491 626 566 modo,
643 499 700 554 etc.

229 605 243 640 r
269 585 298 645 Si
315 583 372 644 boc
386 581 519 644 advertat
539 588 606 661 post
619 580 825 662 sumptionem
840 578 975 661 corporis
995 578 1040 641 vei
1060 577 1164 657 hujus·

190 697 203 731 o
229 671 310 734 modi
325 690 432 754 aquae,
447 678 578 753 apponat
594 671 682 732 uliam
697 669 825 731 hostiam
848 669 957 731 iterum
982 685 1162 730 consecran-

190 785 204 819 s
229 761 299 822 dam
313 767 344 822 ct
356 761 459 822 uinum
470 777 540 822 cum
554 761 633 839 aqud
647 759 679 820 in
693 758 797 834 catice,
812 755 977 838 offeretque
986 763 1162 836 utrumque,

191 874 204 907 o
230 855 259 911 et
272 856 427 912 consecret
450 853 480 910 et
501 853 620 925 sumat,
645 846 781 929 quamvis
796 865 858 908 non
872 845 909 907 sit
919 846 1059 926 jejunum
1074 844 1119 906 vei
1136 845 1162 905 si

192 962 205 996 o
230 940 320 1000 missa
335 937 504 1000 celebretur
518 935 548 997 in
563 936 628 998 ioco
642 935 783 1017 publico,
804 934 855 997 ubi
879 933 982 1016 piures
995 931 1110 1008 adsint,
1123 930 1163 994 ad

192 1026 403 1089 »evitandum
433 1024 609 1088 scandalum
642 1025 751 1105 poterit
781 1039 934 1104 apponere
960 1023 1064 1084 vinum
1091 1039 1164 1084 cum

192 1140 206 1174 s
230 1119 319 1197 aqua,
334 1123 363 1177 et
377 1115 453 1177 tacti
467 1113 617 1176 oblatione
632 1121 666 1175 ut
679 1131 781 1194 supra,
800 1129 993 1184 consecrare,
1009 1128 1045 1172 ac
1063 1111 1162 1174 statim

194 1227 206 1262 o
231 1223 351 1266 sumere
374 1211 403 1266 et
426 1205 567 1284 prosequi
592 1209 709 1265 coetera.
730 1223 745 1259 u
772 1201 806 1261 lu
827 1200 885 1262 boc
912 1198 1068 1281 posteriori
1091 1217 1164 1260 casu

195 1295 282 1354 missa
298 1292 491 1354 reassumitur
505 1293 523 1352 b
539 1291 652 1352 verbis:
668 1287 772 1351 Simili
781 1287 862 1348 modo
877 1307 973 1368 usque
990 1287 1027 1348 ad
1043 1285 1121 1349 Unde
1134 1295 1164 1348 et

195 1385 355 1444 bleramus:
369 1384 500 1442 utstatim
521 1378 781 1451 communicatum
801 1377 831 1438 iu
856 1377 947 1458 priori
969 1375 1057 1447 verb,
1073 1375 1163 1436 missa

194 1470 388 1532 reassumitur
402 1469 525 1532 dverbis
536 1466 711 1550 Ouipridie.
722 1466 823 1527 etsine
834 1465 1164 1543 aiieomissioneusque

194 1559 230 1619 od
246 1559 337 1620 briem
352 1559 552 1639 prosequitur.
564 1555 639 1618 Vide
650 1553 763 1616 Bened.
779 1555 857 1632 XIV,
869 1553 912 1615 Dc
925 1551 1039 1632 Sacris.
1051 1551 1161 1626 mr'ssoe,

194 1648 243 1706 tib.
257 1651 295 1714 3,
316 1665 383 1726 cap.
401 1649 454 1715 td,
468 1653 499 1706 n·
514 1650 543 1706 8.

233 1739 321 1798 3376.
346 1735 443 1807 Quaeri
459 1733 508 1796 bic
522 1739 637 1814 potest:
655 1737 684 1796 t⁰
700 1753 738 1795 an
763 1751 835 1796 casu
855 1748 916 1812 quo
939 1728 1079 1792 sacerdos
1102 1745 1165 1791 non

196 1825 390 1886 adverteretis
404 1843 436 1886 se
449 1822 540 1885 fuisse
553 1830 757 1885 consecratam
773 1819 927 1883 materiam
943 1819 1092 1899 ineptam,
1106 1818 1165 1878 uisi

197 1921 352 1994 postquam
368 1912 480 1974 reditus
494 1919 539 1973 est
553 1911 584 1972 in
607 1911 771 1973 sacristiam
792 1915 823 1972 et
841 1910 857 1969 ir
871 1906 963 1970 sacris
976 1907 1107 1967 vestibus
1120 1913 1166 1967 est

195 2009 319 2073 «mutus,
336 2003 443 2062 iterum
460 2007 595 2060 teneatur
608 2017 641 2060 se
659 2017 758 2060 sacras
772 2005 868 2060 vestes
882 1995 1008 2058 induere
1024 1999 1055 2056 et
1067 1993 1166 2056 redire

195 2088 230 2145 ad
246 2087 335 2147 altare
350 2086 387 2147 ad
403 2087 620 2166 perficiendum
636 2085 844 2148 sacrificium?

235 2177 322 2254 desp.
343 2173 562 2248 Busembaum‚
579 2173 658 2252 apud
683 2175 713 2234 S.
739 2174 861 2252 Liguor.
886 2172 950 2249 (iib.
970 2176 1010 2250 6,
1031 2175 1164 2252 110288),

196 2261 266 2323 dicit
279 2261 360 2342 qubd
377 2261 405 2321 in
420 2260 479 2322 boc
498 2279 569 2322 casu
583 2259 748 2322 omittenda
763 2259 800 2322 sit
816 2278 890 2322 noua
902 2260 1106 2336 consecratio;
1121 2261 1164 2324 ci-

196 2357 297 2430 tatque
315 2349 486 2411 Saluiantic.
508 2351 553 2424 (uo
566 2349 626 2424 80),
644 2349 770 2413 Ccuin..
786 2349 975 2430 Laymeu...,
990 2357 1047 2412 etc.
1062 2369 1069 2424 ;
1086 2349 1166 2412 idem

195 2440 284 2499 sentit
301 2439 442 2518 Lequeux
457 2440 501 2516 (u⁰
520 2440 607 2514 753),
627 2457 642 2495 r
658 2439 748 2517 quie,
761 2437 876 2519 iuquit,
892 2457 968 2499 nova
981 2439 1166 2501 consecratio

196 2552 209 2583 n
235 2534 474 2589 concenseretur
486 2525 635 2588 moraliter
645 2543 706 2587 una
715 2526 968 2607 actiocumpriori
978 2525 1165 2588 sacrificiob:

196 2617 234 2675 ita
250 2615 358 2696 puriter
372 2613 464 2675 Herdt
476 2615 588 2691 (Sacrae
603 2614 813 2695 Liturp.‚pars
827 2617 861 2690 3,
880 2630 912 2675 [ιο
929 2618 976 2685 10,
995 2617 1056 2691 111),
1071 2615 1167 2678 citans

196 2705 314 2778 Quarti,
330 2702 438 2775 Cobet,
456 2703 589 2778 Lobner;
605 2701 652 2764 bis
665 2710 766 2764 tamen
781 2703 1005 2766 auctoritatibus
1021 2721 1081 2764 non
1096 2703 1166 2765 obs·

196 2793 346 2867 tontibus,
372 2789 555 2872 probabilior
578 2789 665 2852 uobis
693 2791 810 2853 videtur
836 2789 984 2852 sententia
1009 2791 1164 2872 oppositu:

197 2882 321 2956 etenim,
334 2881 402 2958 iure
416 2879 533 2954 diuino,
548 2879 762 2960 complendum
777 2885 820 2940 est
835 2877 1015 2941 sacrificium
1030 2879 1054 2940 si
1068 2879 1167 2943 adbuc

198 2968 298 3049 persici
309 2968 421 3041 ruieat;
437 2971 528 3046 porro
543 2969 632 3028 etiam
643 2966 673 3028 iu
685 2987 757 3030 cusu
767 2967 921 3048 proposito
938 2967 1117 3029 sucrificium
1127 2970 1168 3030 vi-

197 3060 282 3119 detur
292 3071 378 3136 posse
386 3053 581 3133 perficietur
588 3056 723 3118 nondum
733 3057 910 3136 interruptio
919 3056 1166 3136 sitsatnotabibs,

198 3152 228 3203 ut
242 3142 319 3203 absit
338 3145 412 3204 unio
435 3142 575 3218 moratis;
591 3149 621 3205 et
640 3145 730 3222 verb,
746 3161 817 3206 cusu
831 3161 893 3225 quo
911 3141 1069 3206 deficiente
1086 3146 1167 3208 ccle-

198 3232 316 3306 brantc,
332 3229 514 3310 quaerendus
528 3237 607 3293 esset
619 3233 694 3295 uber
707 3231 865 3309 sacerdos,
880 3230 953 3294 dicit
965 3233 1168 3296 Taurburinus

199 3319 281 3378 ilium
296 3335 360 3378 esse
375 3319 574 3398 quaerendum
589 3338 642 3402 per
656 3329 769 3402 septem
785 3319 889 3396 horus,
903 3322 1040 3400 quumvis
1053 3321 1101 3381 ulii
1116 3341 1165 3403 ap.

198 3409 227 3464 S.
247 3407 380 3486 biguor„
398 3407 589 3486 probabiliter
603 3408 705 3471 dicant
718 3409 863 3472 duntaxat
877 3427 1036 3490 perunum
1051 3409 1168 3472 circiter

198 3496 301 3555 boram
314 3512 380 3556 esse
394 3496 609 3576 querendum,
625 3496 697 3557 alius
712 3514 772 3558 non
786 3511 961 3558 censeretur
982 3516 1048 3558 esse
1071 3517 1168 3561 unum

198 3582 377 3645 sacrificium
400 3585 443 3662 (S.
465 3583 610 3662 Liguor.‚
636 3583 687 3647 lib.
705 3589 739 3656 6,
757 3595 791 3644 n⁰
808 3587 899 3664 355);
920 3585 1006 3666 ergo,
1022 3583 1047 3647 si
1061 3587 1167 3649 saitem
