2434 3940
40 15 340 127 ¹-

362 240 447 286 unrn
468 238 625 286 secururs.
928 223 986 286 tid

43 353 52 386 ι
72 331 184 396 familiis
197 336 263 398 sine
276 355 426 400 consensu
441 345 599 419 parentum
614 344 787 418 contrecta,
801 339 885 404 irrita
902 355 984 416 csse,

43 441 53 476 r
73 430 96 482 et
107 433 235 502 parentes
249 444 285 488 ea
295 435 356 488 rata
369 427 413 488 vel
430 426 510 489 irrita
526 427 622 490 iacere
636 445 734 508 posse.
750 449 765 487 n

72 514 147 574 tuoe.
162 547 200 560 -
209 515 353 587 2⁰Ouoad
364 517 433 578 vero
448 515 607 578 liceitatern
621 515 770 579 dictorum
783 517 988 582 matrimonio·

46 616 107 677 mm,
119 601 213 682 plures
226 613 296 666 sunt
310 603 465 667 sententiae
481 624 488 665 :
509 605 625 678 Primo,
642 613 768 687 quaeest
785 609 986 685 communior,

45 686 112 750 docet
124 690 168 752 illa
181 710 246 754 esse
260 693 387 774 graviter
401 693 520 769 illicita,
535 694 605 773 quia
621 693 660 756 de
674 693 710 755 iis
724 693 838 756 Concil.
852 693 986 757 trident.

46 775 88 837 aii:
102 781 223 843 rSancta
231 781 283 844 Dei
294 781 438 855 Ecclesia,
449 799 485 844 ex
496 783 670 861 iustissimis
684 799 793 859 causis,
807 783 857 845 illa
870 800 990 864 semper

47 886 58 921 r
75 865 266 942 detestateest,
278 876 367 951 atque
377 870 538 953 prohibuit.
551 892 566 930 n
579 870 712 932 Secunda
725 869 798 933 dicit
807 869 884 933 lilios
896 869 990 932 teneri

47 954 144 1032 quidem
158 958 213 1020 sub
233 959 351 1020 mortali
372 966 531 1040 parentum
550 959 709 1022 consilium
732 958 904 1040 requirere,
930 975 991 1022 nnn

48 1045 100 1104 erro
112 1045 175 1108 iliud
189 1047 275 1129 sequi
292 1066 301 1108 ι
316 1047 398 1128 quod
412 1047 469 1110 sub
488 1048 568 1129 gravi
584 1055 743 1110 teneantur
758 1047 877 1110 illorum
891 1048 993 1111 consi·

48 1128 102 1192 lium
116 1138 283 1216 requirere,
305 1137 448 1218 probatur
461 1155 498 1199 ex
519 1137 703 1218 ecquonam
722 1144 861 1218 parentes
880 1143 994 1218 spectet

49 1218 110 1284 bano
122 1221 245 1288 fitiorum
259 1225 445 1307 prospicere,
460 1233 491 1288 et
503 1234 580 1288 esset
591 1225 688 1306 gravis
700 1225 859 1308 despectus
873 1225 992 1288 illorum

48 1313 235 1389 experientiam
247 1315 320 1378 inre
334 1323 396 1376 tam
410 1313 491 1395 gravi
506 1333 567 1376 non
579 1333 695 1391 curare;
707 1313 788 1396 qudd
799 1333 859 1376 non
874 1323 993 1376 tenean-

50 1405 84 1458 tur
96 1400 204 1465 illorum
217 1403 379 1467 consilium
395 1404 479 1486 sequi
491 1404 596 1466 saitem
607 1404 665 1466 sub
678 1405 775 1485 gravi,
791 1403 949 1466 deducitur
957 1421 994 1465 ex

50 1503 76 1548 ro
92 1491 164 1570 qnod
186 1493 239 1555 lilii
263 1492 322 1554 sint
349 1491 432 1555 liberi
457 1493 537 1556 circa
559 1495 651 1555 status
673 1493 924 1570 electionem3-
939 1511 995 1554 nec

50 1575 238 1646 olsunrverba
253 1582 346 1646 modd
359 1582 450 1644 relata
459 1582 583 1644 Concilii
593 1583 758 1644 Tridentini
768 1629 777 1658 ,
786 1583 857 1662 quia
871 1582 995 1664 intelligi

51 1671 285 1743 munimentis
299 1671 499 1734 matrimoniis
512 1670 714 1734 clandestinis.
736 1669 836 1732 Tertia
851 1671 997 1733 sententia

50 1753 103 1819 dicit
113 1761 189 1842 qudd
205 1760 390 1823 filiifamilias
410 1759 638 1822 matrimonium
652 1757 880 1837 contrahentes,
895 1759 997 1822 insciis

51 1853 87 1906 aul
98 1847 186 1914 invitis
200 1849 387 1933 parentibus,
399 1857 535 1931 peccent,
547 1847 599 1910 sed
608 1851 726 1910 tantum
735 1847 908 1909 venialiter:
924 1849 998 1911 ratio

51 1938 163 2018 siquod
178 1958 242 2003 non
262 1945 359 2021 potest
380 1956 446 2001 esse
459 1937 602 2018 obligatio
618 1935 675 1998 sub
689 1935 807 1998 mortali
821 1935 998 2000 consulendi

51 2036 177 2108 parentes,
200 2027 256 2093 ubi
280 2035 400 2090 nonest
423 2027 520 2109 gravis
540 2025 682 2106 obligatio
698 2025 818 2088 illorum
838 2025 997 2089 consilium

52 2117 180 2194 spuendi.
204 2117 415 2181 communiter
435 2124 536 2178 temen
559 2115 684 2192 dicunt,
708 2123 769 2177 tam
794 2114 883 2196 hujus
906 2119 997 2198 quiam

52 2206 223 2278 precedentis
237 2206 392 2268 sententiar
402 2205 531 2288 patroni,
543 2223 604 2266 non
615 2205 749 2266 excusari
763 2204 906 2266 imortali
923 2205 999 2268 lilios

54 2293 84 2352 sic
93 2297 316 2370 contrahentes,
339 2313 410 2358 casu
431 2313 493 2376 quo
516 2301 655 2374 parentes
673 2295 751 2373 juste
772 2294 996 2370 contradicunt,

54 2389 105 2457 puta
116 2385 137 2446 si
152 2389 228 2448 tales
242 2385 353 2466 nuptire
367 2383 570 2446 redundarent
584 2384 614 2444 in
628 2382 759 2446 dedecus
769 2383 899 2461 lamiliae,
914 2385 959 2447 rel
972 2387 997 2446 si

53 2485 78 2528 rr
88 2473 123 2534 eis
135 2475 193 2538 sint
206 2475 323 2536 oritura
335 2474 434 2554 gralia
448 2471 587 2535 scandala
597 2481 649 2534 aut
660 2471 870 2534 dissentiones.
887 2473 996 2548 Quarto

53 2553 152 2624 demum
167 2563 316 2626 sententia
329 2561 502 2643 distinguit,
523 2570 553 2624 et
565 2560 637 2624 dicit
657 2559 751 2641 qudd,
766 2560 790 2622 si
805 2569 942 2640 parentes
962 2562 997 2624 ala

53 2650 116 2711 unni
129 2651 320 2714 matrimonio
331 2659 463 2713 avertant
472 2667 543 2713 cum
554 2649 688 2732 periculo
700 2649 936 2718 incontinentiae,
948 2648 1000 2710 lilii

33 2819 34 2826 ἵ
54 2750 99 2798 non
111 2739 462 2816 teneantureisobedire3
477 2739 502 2802 si
512 2743 582 2802 verd
595 2737 795 2800 determinato
809 2735 1002 2797 matrimonio

33 2831 34 2834 ’
53 2839 75 2884 it
86 2837 247 2911 opponant,
263 2829 308 2892 vel
321 2829 392 2890 illud
404 2830 484 2907 iuste
498 2835 609 2910 agunt,
622 2843 731 2907 nempe
745 2825 817 2906 quin
830 2841 867 2886 ex
881 2823 930 2885 tali
942 2841 999 2886 ma·

53 2914 173 2980 trimonio
187 2919 316 2982 oriretur
330 2917 503 2982 scandalum
526 2917 572 2980 uel
586 2915 718 2980 dedecus
731 2913 865 2984 familiae,
883 2919 914 2975 et
930 2919 1003 2976 tunc

54 3005 253 3084 contrahendo,
269 3007 305 3068 iis
318 3007 437 3082 invitis,
460 3007 588 3087 graviter
603 3005 655 3066 iiiii
670 3009 796 3086 peccant
810 3020 819 3065 r
833 3002 879 3065 vel
894 3002 1003 3083 injuste

56 3101 171 3166 nentes
185 3095 355 3176 impediunt
367 3093 482 3157 dictum
496 3093 734 3172 matrimonium,
748 3097 778 3154 et
790 3099 863 3156 tunc
876 3091 931 3154 lilii
946 3109 1003 3156 nu·

55 3169 155 3260 tendo,
169 3184 242 3265 ipsis
256 3185 366 3260 invitis,
381 3183 507 3244 minime
522 3189 658 3263 peccant.

85 3271 165 3336 ilidii.
187 3273 230 3334 lix
250 3271 436 3354 expositione
458 3270 641 3352 praehabitt,
660 3275 738 3352 patet
752 3269 850 3351 qudd,
868 3268 900 3334 iu
919 3270 1002 3334 omni

54 3359 338 3438 teritentit,illicitum
348 3361 385 3422 sit
393 3361 616 3422 matrimonium
627 3357 896 3429 fitiorumlanrittos,
908 3361 1004 3424 invitis

88 3449 229 3526 rentibus,
244 3457 454 3527 contractum,
470 3450 493 3512 si
514 3450 544 3511 in
558 3447 690 3512 dedecus
703 3447 823 3509 lamiliae
837 3449 1002 3521 redundet,

72 3533 94 3592 el
105 3537 127 3596 si
139 3555 173 3600 ex
185 3557 223 3602 eo
236 3539 377 3602 scandala
391 3539 450 3600 sint
465 3539 589 3600 oritura.

89 3626 169 3688 ludi.
191 3627 383 3692 Conveniunt
402 3625 511 3712 pariter
532 3627 594 3690 Di).
620 3623 698 3692 lilios
711 3621 848 3688 excusor
863 3619 965 3682 saltem
988 3612 1004 3668 l
