2462 3972
234 159 290 220 toa
475 168 611 214 amulas
631 167 731 213 sorios
750 165 834 212 runis
853 165 1002 212 aaronita.

231 287 323 329 onera
345 273 415 331 sunt
434 265 620 350 peragenda,
645 265 721 328 sicut
738 269 829 328 etiam
849 263 969 326 numeri
988 261 1148 324 missarum
1164 280 1193 326 as

232 358 376 438 temporis
408 375 468 437 quo
501 354 687 417 celebrande
709 360 790 416 sunt.
815 355 859 414 lta
887 353 1039 413 sancitum
1065 351 1193 414 merati

232 446 263 508 S.
283 445 387 507 Carolo
401 445 433 505 in
447 445 563 507 Concil.
587 441 764 506 Provinciali
781 439 998 505 Mediolanensi
1008 445 1061 517 lV;
1076 442 1117 502 ita
1129 441 1193 522 pari·

232 537 277 596 ter
289 533 429 595 Clemens
438 535 478 594 XI
492 551 547 616 pro
561 531 637 594 urbe
644 533 740 594 Rome
755 551 764 593 ι
779 529 896 593 videDc
909 529 987 612 Syn.
1000 529 1123 592 Dr'oecer.
1136 529 1189 605 (il,

232 622 265 683 n·
276 624 322 698 l),
339 623 400 684 bb.
417 620 497 682 Alina
512 620 702 698 (Administr.
720 627 822 702 tenp,
837 639 869 701 p.
883 623 965 696 542,
981 625 1013 680 4·
1028 618 1125 698 edit).

270 712 361 772 5371.
377 711 417 774 Ut
430 710 501 772 verb
516 709 707 772 fundationes
720 709 862 770 institutis
884 708 917 769 in
930 726 1065 790 quorum
1075 709 1191 788 gatiam

231 799 316 860 factae
333 799 472 873 fuerunt,
493 797 682 860 onerosiores
699 815 762 860 non
782 795 928 874 evadant,
951 795 1130 858 confirmata
1149 797 1192 858 fuir

232 886 399 950 abeodem
422 885 567 950 Pontifiee
590 889 746 949 lnnoeent.
768 887 823 948 llll
845 885 910 964 (ib.)
932 886 1048 948 sanctio
1076 905 1193 968 sequens

233 974 345 1039 Urbani
360 976 423 1038 Vlll
436 995 444 1036 z
460 997 475 1036 u
488 975 545 1056 56.
558 977 704 1038 Praeterea
714 993 753 1038 ne
762 973 794 1036 in
803 974 977 1038 eeclesiisin
987 975 1101 1057 quibos
1113 994 1192 1038 oren

233 1085 247 1121 r
272 1065 431 1128 missarum
450 1064 677 1145 inperpetuum
699 1063 839 1146 imposita
861 1071 947 1140 sunt,
969 1063 1153 1140 sacerdotes,
1167 1067 1192 1124 ln

233 1175 249 1212 u
274 1155 338 1232 eis,
352 1159 386 1216 ut
398 1171 453 1236 par
466 1160 530 1230 est,
545 1151 757 1234 adimplendis,
774 1151 813 1215 ed
826 1153 988 1234 tepidiores
1000 1171 1038 1215 ae
1050 1155 1193 1235 segniores

234 1265 248 1302 r
273 1241 436 1305 reddantur
450 1241 531 1324 quod
551 1257 644 1303 onera
666 1240 839 1320 huiusmodi
862 1261 933 1303 cum
951 1241 1035 1304 nulle
1051 1251 1103 1303 aut
1115 1249 1194 1323 pan-,t

234 1354 248 1390 u
273 1331 333 1393 sint
346 1330 470 1394 utilitate
484 1330 663 1409 conjuncta,
680 1330 780 1392 statuit
801 1337 892 1411 etque
911 1329 1048 1392 decernit
1065 1339 1099 1392 ut
1110 1349 1194 1412 pecu-

233 1443 248 1480 r
274 1419 331 1482 niae
353 1438 389 1482 ae
415 1419 495 1481 bona
517 1417 641 1481 mobilia
666 1417 820 1496 ecelesiis,
852 1418 1022 1500 Capitulis,
1049 1419 1195 1500 collegiis,

235 1533 247 1566 u
273 1507 489 1588 hospitalibus,
513 1505 724 1584 societatibus,
752 1507 1057 1588 congregationibus,
1089 1527 1198 1569 mono

234 1621 248 1656 o
272 1597 372 1675 teriis,
387 1595 585 1659 conventibus
597 1641 607 1673 ,
621 1613 657 1658 ae
669 1595 743 1658 loeis
756 1595 916 1671 omnibus,
934 1599 996 1656 tam
1015 1597 1196 1659 saeeuladlus

235 1711 248 1746 a
274 1687 368 1768 cruam
382 1685 590 1766 regularibus,
610 1691 700 1765 atque
722 1683 842 1747 illorum
863 1685 1002 1766 personis
1024 1685 1057 1746 io
1070 1684 1217 1762 futurum

236 1800 249 1835 n
275 1775 449 1857 simpliciter
471 1771 654 1854 acquirenda
674 1791 745 1835 cum
764 1791 857 1836 onere
876 1779 1024 1854 perpetuo
1046 1775 1217 1836 missarum

236 1889 250 1922 l
276 1862 524 1928 celebrandarum
538 1861 576 1923 ab
589 1862 626 1923 iis
640 1860 678 1924 ad
692 1875 769 1943 quos
783 1863 923 1944 pertinet,
938 1863 996 1924 sub
1011 1867 1102 1944 poeni
1114 1863 1194 1922 inter·

236 1979 250 2013 u
275 1953 345 2016 dicti
360 1953 398 2014 ab
421 1952 558 2032 ingressu
578 1951 712 2013 ecelesiae
732 1951 798 2034 ipso
822 1949 901 2014 facto
921 1951 1105 2016 incurrendi
1123 1955 1140 2012 a
1155 1951 1197 2010 dia

237 2068 249 2098 u
276 2042 363 2104 realis
376 2038 602 2122 acquisitionis,
616 2039 716 2100 statim
729 2038 841 2121 deponi
859 2040 990 2102 debeant
1004 2041 1097 2121 penes
1110 2039 1194 2101 adem

237 2155 250 2186 u
275 2149 410 2204 sacram,
426 2129 472 2190 vel
487 2145 648 2210 personam
663 2127 722 2191 fide
736 2135 766 2190 et
778 2127 968 2192 facultatibus
982 2128 1140 2206 idoneam,
1163 2127 1194 2186 ul

238 2243 250 2276 ι)
275 2219 416 2279 effectum
430 2218 498 2291 illa,
521 2233 576 2280 seu
597 2215 719 2279 illorum
740 2218 891 2300 pretium,
920 2219 1143 2300 quamprimum
1154 2217 1190 2274 in-

237 2331 250 2366 ω
274 2307 418 2368 vestiendi
433 2307 465 2365 in
481 2301 785 2365 bonisimmobllibus
796 2298 970 2378 fructiferis,
984 2301 1186 2382 eomupul

239 2420 252 2456 ι
276 2401 306 2458 et
317 2391 471 2456 individua
490 2395 644 2453 mentione
657 2388 759 2450 oneris
772 2387 854 2468 quod
868 2386 927 2448 illia
941 2405 1092 2452 annerum
1106 2405 1190 2468 repe-
1215 2339 1216 2433 l

239 2511 253 2547 a
278 2485 363 2547 citor.
388 2505 404 2539 s
421 2479 476 2562 (De
491 2480 545 2541 illo
561 2476 719 2539 interdicto
732 2475 798 2538 silet
813 2475 845 2537 C.
862 2481 950 2558 apost
963 2475 1076 2559 Sedir.)

283 2596 299 2634 r
318 2573 424 2654 §ille
435 2568 570 2630 sieadem
579 2564 1023 2630 bonaimmobiliaauetoritate
1038 2565 1202 2647 apostoliea

243 2687 257 2725 o
281 2662 424 2740 deinceps
446 2655 569 2718 alienari
593 2653 776 2734 contigerit,
803 2653 983 2716 eorumdem
1005 2656 1137 2734 pretium
1154 2653 1203 2714 snb

245 2776 259 2814 u
282 2751 388 2814 eadem
408 2747 508 2828 prend,
524 2750 673 2824 utsupra,
688 2739 810 2822 deponi,
823 2747 916 2821 atque
929 2741 961 2803 iu
975 2743 1041 2804 aliis
1054 2743 1215 2810 bonisne}

245 2865 259 2902 r
285 2841 396 2903 bilibus
409 2835 511 2898 itidem
524 2829 918 2910 fructiferiS,cume}usdem
928 2832 1112 2912 repetitione
1126 2843 1202 2912 atque

245 2953 260 2990 r
283 2928 454 2991 annexione
473 2929 606 2984 converti
621 2920 771 2982 debeat.»

282 3020 371 3079 5372.
385 3011 542 3076 Existimat
553 3017 655 3072 autem
667 3009 702 3071 S.
718 3005 848 3090 Sulpicii
861 3005 1098 3072 Proelectt'ooum
1113 3017 1204 3072 auctu

245 3109 290 3185 (n·
305 3104 375 3182 558)
393 3099 474 3183 quod
486 3117 595 3162 census
604 3099 699 3160 annui
713 3097 785 3158 certi
797 3097 900 3160 locum
911 3103 1015 3160 tenere
1028 3100 1151 3162 valeant
1164 3097 1214 3170 be

244 3211 353 3254 norum
377 3187 604 3260 immobilium,
630 3185 795 3267 praesertim
819 3185 850 3248 in
871 3185 981 3248 nostris
1004 3187 1200 3268 regionibus:

243 3279 324 3358 qood
340 3279 441 3338 revera
460 3276 575 3338 videtur
589 3294 677 3355 posse
697 3274 826 3350 admitti,
848 3279 891 3337 eb
908 3281 1010 3337 tamen
1037 3277 1202 3339 conditione

243 3365 323 3441 quod
342 3364 365 3424 si
380 3381 488 3422 census
503 3363 680 3438 radiantur,
694 3361 832 3443 capitale,
848 3363 893 3425 vel
907 3363 938 3424 in
954 3363 1047 3424 rebus
1069 3361 1203 3426 immobi-

245 3450 320 3510 libus
338 3449 494 3509 t'ructttoris
506 3450 562 3510 erit
577 3450 854 3532 trypothecandum,
864 3449 910 3512 vel
923 3469 959 3514 ex
969 3451 1100 3514 eoalius
1109 3465 1213 3532 censa,

250 3551 369 3596 annuus
386 3541 484 3592 certus
502 3537 559 3595 erit
570 3537 786 3616 acquirendus.
1212 3533 1213 3614 i
