2420 3968
354 223 436 268 mum
457 223 615 273 sccundus.
913 221 972 277 otto

28 334 38 368 o
57 316 200 395 quiaillud
214 327 331 404 tempus
345 329 442 404 potest
455 341 521 386 esso
534 326 633 404 maius
646 325 692 388 vel
702 325 804 390 minus
811 329 896 408 iuxta
910 329 972 390 dili·

27 421 39 458 ·
62 405 182 484 gentiam
196 409 422 474 admonentis»

58 495 139 558 5112.
157 499 199 560 Ex
213 497 258 562 his
273 507 353 584 patet
366 520 455 584 posse
471 501 608 582 judicem
626 501 704 566 ferre
718 507 896 570 sententiam
912 510 974 590 pri-

25 581 133 647 vationis
151 585 306 668 beneficii,
326 591 396 654 licet
414 591 497 654 nulla
519 591 576 654 alia
597 594 785 674 praecesserit
807 599 972 674 sententia,

24 669 101 733 etiam
121 674 256 754 privativa
277 678 431 742 fructuum
445 677 606 758 beneficii,
621 680 693 762 quia
713 686 747 744 ut
766 683 895 748 vidimus
913 688 976 768 ing

25 761 203 844 precedenti,
222 767 304 832 nulla
318 769 466 831 sententia
480 769 644 851 requiritur
662 775 697 832 ut
716 771 830 835 restitui
848 773 977 838 debeant

23 843 175 928 huiusmodi
190 855 323 936 fructus,
339 858 451 940 quippe
465 859 608 920 omittens
629 858 819 940 culpabiliter
841 862 975 926 officium

24 934 78 999 illos
87 958 144 1003 non
153 943 220 1008 lacit
229 965 311 1024 suos,
321 945 373 1010 sed
382 947 545 1029 requiritur
553 947 675 1010 monitio
683 949 862 1030 previoran
872 959 972 1015 autem

24 1022 63 1088 illa
75 1031 193 1096 monitio
206 1035 311 1100 debeat
319 1055 384 1098 esse
392 1036 499 1118 triplex
508 1038 553 1100 vel
561 1055 624 1106 una
631 1056 686 1120 pro
695 1037 816 1119 triplici,
828 1038 974 1104 nihilessc

23 1115 122 1181 ridetur
145 1140 181 1184 ex
200 1143 262 1205 quo
282 1124 390 1188 deduci
409 1127 503 1206 possit
523 1125 643 1188 unicam
666 1127 801 1190 absolute
819 1145 881 1190 non
896 1129 974 1191 suffi-

23 1221 79 1268 cere
90 1227 97 1268 :
109 1209 274 1276 Concilium
289 1214 370 1276 enim
389 1216 589 1278 Lateranense
607 1215 741 1298 loquitur
763 1213 975 1298 in'singulari:

22 1292 140 1374 lapa'tr'md
149 1303 309 1365 monitione
318 1302 521 1384 proecedmte,·
534 1309 665 1368 attamen
685 1305 828 1368 Analecta
842 1308 883 1388 (3⁰
898 1307 976 1385 lium,

22 1383 68 1446 col.
90 1391 155 1468 696)
180 1390 290 1455 dieunt
311 1393 509 1454 monitionem
536 1392 646 1456 debere
673 1413 739 1457 esse
765 1397 875 1458 trinam
895 1398 978 1474 juxta

20 1471 168 1540 Concilium
181 1501 190 1557 ;
214 1487 247 1544 et
259 1481 327 1544 vide
341 1480 417 1543 inira
431 1481 557 1544 dicenda
572 1486 682 1563 (filit).

51 1567 132 1630 5113.
150 1569 727 1651 Quotautemrequiranturomissiones
738 1573 979 1656 postlegitimarn

19 1654 223 1733 monitionem,
241 1664 274 1721 ut
289 1660 434 1722 sententis
448 1660 622 1740 privationis
640 1661 709 1722 ferri
728 1662 823 1723 valeat
835 1681 842 1722 :
854 1699 890 1708 -
907 1665 979 1726 Duae

20 1741 155 1808 subiciunt
177 1748 258 1810 intra
281 1747 456 1828 quindecim
474 1747 539 1809 dies
560 1767 596 1809 ex
619 1750 753 1812 Concilio
767 1751 921 1825 lateran.;
938 1753 980 1812 sic

20 1831 86 1894 enim
99 1837 270 1918 explicatur
290 1836 458 1898 Concilium
474 1837 491 1897 a
505 1838 536 1898 S.
557 1837 683 1916 Cereio,
699 1838 730 1899 in
753 1838 851 1918 primo
865 1840 978 1900 Concil.

19 1917 179 1987 Provinciali
193 1924 413 1988 Mediolanensi
423 1923 502 2005 (pars
512 1929 555 2002 2¹,
571 1931 646 1988 tom.
659 1928 688 2003 l,
701 1945 731 2006 p.
742 1929 791 2002 tr,
807 1924 875 1988 Act.
891 1927 978 1990 Eccl.

17 2007 182 2096 llrdiolon.):
198 2035 213 2073 r
228 2013 350 2076 Malitiae
363 2031 399 2075 ac
419 2012 611 2095 negligentiae
625 2013 803 2078 clericorum
819 2015 891 2096 qui,
907 2035 982 2098 quas

17 2099 154 2164 odebent
183 2103 350 2166 canonicas
379 2102 468 2163 buras
501 2101 602 2165 dicere
636 2103 796 2178 omittunt,
825 2123 982 2169 occurrere

17 2209 28 2242 υ
49 2193 220 2273 cupientes,
237 2210 275 2254 ex
295 2193 421 2253 Decreto
440 2191 549 2253 Leonis
566 2193 593 2254 X
612 2192 643 2254 in
664 2194 801 2254 Lateran.
827 2193 980 2274 Concilio,

16 2299 27 2334 r
48 2282 231 2344 mandamus
254 2285 288 2343 ut
308 2279 436 2342 clericus
459 2283 665 2363 quicumque,
685 2288 823 2345 curatum
849 2283 895 2346 vel
917 2284 983 2347 sind

17 2373 113 2432 roura
141 2369 386 2434 ecclesiasticum
408 2369 547 2432 obtinens
568 2369 770 2449 beneficium,
795 2371 820 2432 si
843 2378 910 2452 post
932 2391 981 2434 sex

20 2485 27 2511 1
46 2478 166 2524 menses
181 2459 224 2522 ab
246 2476 283 2521 eo
304 2457 353 2519 die
366 2476 427 2540 quo
450 2457 524 2520 illud
544 2458 726 2535 obtinuerit,
750 2459 816 2520 sine
833 2459 904 2538 justi
924 2461 980 2542 im·

17 2567 27 2600 »³
46 2548 217 2629 pedimenti
241 2549 331 2609 coust
350 2545 486 2610 divinum
508 2545 642 2608 officium
660 2565 721 2608 non
739 2545 866 2624 dixerit,
890 2546 982 2610 bene·

14 2638 201 2702 oficiorum
224 2635 339 2698 tructus
364 2653 434 2698 suos
458 2653 520 2698 non
544 2633 656 2712 faciet,
684 2632 737 2695 sed
761 2651 813 2696 eos
839 2639 984 2715 tanquam

15 2749 25 2779 r
46 2728 157 2808 iniuste
172 2731 335 2810 perceptos
348 2725 380 2786 in
399 2725 464 2805 ejus
477 2723 611 2788 ecclesiae
631 2721 791 2801 fabricam,
806 2724 852 2785 vel
871 2742 983 2806 paupe-

13 2841 23 2869 0
46 2837 114 2882 rum
136 2817 353 2896 eleemosynas
370 2831 492 2894 erogare
505 2813 623 2876 debeat.
642 2811 673 2875 Si
686 2811 756 2874 verb
774 2812 917 2876 canonice
932 2812 984 2877 ad·

15 2931 24 2958 ¹1
47 2908 210 2981 monitus,
229 2903 263 2966 in
283 2902 389 2966 etdem
412 2902 593 2985 negligentit
613 2920 648 2965 oc
673 2901 787 2964 malitia
803 2902 984 2984 perstiterit,

10 3022 21 3052 υ
45 2995 206 3062 beneficio
220 2989 370 3076 privetur(
381 2991 520 3074 Officium
530 3051 532 3056 ,
541 3000 637 3053 cotem
651 2991 785 3054 omittere
798 2999 832 3052 ut
853 2990 986 3074 beneficio

11 3109 22 3141 a
43 3085 172 3169 privari
195 3084 311 3166 possit,
336 3081 362 3144 is
377 3081 449 3164 jure
475 3079 593 3142 dicotur
611 3081 664 3162 qui
686 3079 849 3162 quindecim
873 3080 985 3144 dierum

8 3197 21 3232 i
42 3177 149 3260 spatio
174 3173 221 3236 dis
247 3169 328 3234 illud
355 3169 498 3233 omiserit.
522 3190 538 3231 o
564 3169 679 3232 Eodem
707 3170 798 3233 modo
821 3170 986 3233 Concilium

10 3265 221 3328 lateranense
232 3261 357 3344 explicat
368 3263 399 3324 S.
415 3260 535 3341 Liguor.
552 3258 614 3338 (lib.
630 3262 661 3336 3,
676 3261 708 3321 n⁰
721 3261 802 3339 dli),
818 3277 875 3322 nec
888 3259 986 3322 inveni

7 3362 154 3420 auctores
166 3351 354 3414 contrarium
368 3353 538 3412 sentientes.

44 3442 164 3519 Quoad
178 3458 286 3521 poenas
299 3439 483 3521 culpabiliter
496 3441 514 3500 a
531 3437 623 3502 choro
640 3435 814 3500 absentibus
833 3437 989 3518 imponen-

7 3539 60 3597 das
74 3531 224 3595 diximus
236 3547 327 3610 supra
340 3529 453 3608 (2320).

856 3653 931 3712 mr
