2452 3946
420 255 504 301 mam
525 253 682 301 sucuubus.
969 239 1024 301 tsi

74 361 179 426 aribus
203 366 363 426 reservata.
392 381 408 420 ι
439 362 481 422 De
508 357 555 420 his
583 355 727 419 omnibus
751 355 928 421 consulendi
957 363 1027 421 sunt

74 453 218 532 presertim
230 450 362 531 theologi
378 449 515 510 morales.

107 545 185 604 3Ἰ83.
207 541 330 614 Quaerit.
348 541 395 600 dn
416 534 512 598 relide
531 541 563 598 et
582 533 662 596 lieitb
683 532 832 598 absolutio
853 536 946 618 possit
963 536 1026 600 dari

76 629 319 693 subeunditione?

108 721 187 803 ltesp.
202 723 325 782 Certum
340 715 420 798 apud
434 732 541 776 omnes
554 709 816 774 habeturvalidam
830 730 897 775 esse
909 713 1028 775 absolu-

77 807 172 871 tionem
185 809 287 872 datam
302 806 359 869 sub
373 803 544 867 conditione
559 800 597 861 de
612 799 762 881 preterito
775 800 820 862 rel
835 801 992 881 praesenti,
1006 799 1029 860 si

78 897 190 962 mnditio
214 898 255 960 sit
280 894 459 975 adimpleta3
482 889 642 953 invalidam
664 895 787 951 econtra
812 887 1031 950 absolutionem

79 983 161 1048 biam
174 987 231 1051 sub
245 983 418 1048 conditione
431 981 470 1042 de
484 980 595 1043 tuturo.

110 1079 189 1138 uret.
212 1073 318 1148 Quoad
330 1067 967 1143 tieeitatern‚communiterdneetur‚eontra
981 1066 1031 1129 ali·

81 1183 152 1246 quos,
162 1165 274 1227 licitum
286 1179 350 1224 esse
363 1159 515 1222 absotrere
524 1157 581 1218 sub
594 1156 764 1218 conditione
777 1155 816 1216 de
830 1155 979 1236 praeterito
988 1155 1032 1216 vel

82 1255 200 1335 presenti
214 1301 224 1328 ‚
239 1249 405 1314 dummodo
417 1247 496 1326 iusta
509 1245 585 1307 adsit
602 1263 707 1316 eausa,
724 1261 849 1325 nempe,
865 1243 909 1321 si,
929 1247 1032 1323 negata

82 1345 270 1418 eisetutione,
286 1337 416 1402 notabile
437 1335 652 1398 detrimentum
672 1333 829 1395 immineat
846 1333 955 1395 animae
970 1351 1031 1414 pre«

83 1435 196 1493 nitentis.

113 1525 194 1583 3185.
217 1521 311 1584 tustra
319 1523 420 1578 autem
433 1531 531 1577 causae
545 1513 801 1574 nabenturbbbn
816 1517 844 1574 t·
858 1511 882 1572 si
897 1507 1034 1572 sacerdos

84 1611 230 1690 prudenter
244 1607 359 1670 dubitet
371 1623 409 1666 an
424 1601 600 1678 absolverit,
615 1619 732 1672 neene;
749 1604 780 1661 2⁰
801 1600 824 1662 si
839 1598 1035 1661 confessarius

82 1697 182 1760 duliitet
195 1717 233 1761 an
248 1696 355 1757 habeat
371 1690 609 1772 jurisdictionem
626 1709 634 1751 r
650 1687 702 1750 sed
716 1687 774 1750 boe
788 1690 819 1750 S.
838 1687 959 1764 Lignor.
976 1703 1037 1745 non

84 1787 198 1848 admittit
220 1785 276 1847 nisi
297 1781 444 1864 prenitens
463 1779 516 1840 dib
536 1778 659 1840 deberet
672 1794 774 1838 carere
787 1774 993 1847 absolutione3
1010 1779 1036 1833 et

84 1879 161 1958 erigit
178 1877 299 1956 insuper
312 1879 344 1932 ut
356 1869 395 1932 de
408 1867 500 1930 dubio
515 1867 663 1948 penitens
678 1863 886 1936 admoneatur,
900 1867 935 1923 ut
948 1861 1037 1940 possit

86 1965 137 2042 ipe
155 1965 210 2027 sibi
231 1959 387 2044 providere
406 1959 429 2018 si
446 1955 555 2018 deinde
573 1961 677 2014 netum
697 1952 748 2012 bat
761 1949 841 2032 qudd
856 1952 956 2012 revere
970 1967 1038 2010 eon·

86 2051 209 2115 tessarius
219 2047 427 2132 jurisdictione
440 2043 578 2117 ear·ebat;
599 2044 629 2104 3⁰
643 2041 666 2103 si
682 2047 786 2121 urgeat
810 2039 969 2102 necessitas
984 2039 1038 2102 Eu·

87 2143 240 2203 otiaristiam
255 2134 436 2218 suscipiendi
453 2151 461 2194 ε
482 2133 533 2194 sed
548 2133 697 2214 poenitens
712 2147 772 2191 non
787 2136 883 2211 potest
898 2127 1039 2190 aeeedere

89 2229 371 2293 rdenmmunionem
391 2221 447 2285 nisi
466 2222 548 2284 oertb
561 2220 743 2302 dispositus,
758 2219 804 2280 vel
831 2217 936 2280 saltem
955 2219 1039 2298 juxta

92 2321 218 2399 quostiam
242 2313 433 2399 probabiliter
456 2309 617 2391 dispositus
628 2311 672 2388 (S.
686 2309 763 2388 Lig.,
779 2307 831 2368 lib.
847 2311 882 2383 6,
900 2315 932 2368 n⁰
948 2307 1038 2386 t75);

90 2413 114 2468 t·
131 2412 152 2472 si
166 2407 317 2470 dubitetur
330 2419 369 2464 an
384 2401 531 2484 poenitens
545 2399 582 2460 sit
595 2399 649 2460 rite
666 2397 845 2479 dispositus:
865 2395 918 2458 sed
938 2395 969 2456 in
985 2395 1041 2457 hoo

90 2498 223 2560 orsurutt
236 2498 267 2556 S.
284 2492 405 2572 Lignor.
426 2497 478 2551 aut
497 2485 579 2568 quod
601 2485 699 2547 adsint
718 2485 951 2548 extraordinaria
971 2503 1042 2547 eon·

91 2587 203 2647 tritinnis
215 2583 301 2665 signa
322 2580 346 2642 si
367 2587 471 2659 agatur
484 2575 521 2636 de
535 2574 688 2650 recidivis,
703 2582 755 2636 aut
767 2572 849 2655 qued
869 2573 907 2636 sit
924 2573 1040 2653 perieu-

93 2672 144 2735 lum
158 2675 259 2735 mortis
268 2718 276 2746 ,
285 2669 331 2732 rel
347 2666 507 2750 prudenter
520 2665 659 2726 timeatur
671 2681 708 2723 ne
718 2660 906 2742 peecator‚in
914 2661 1042 2740 pereatis

93 2764 144 2824 suis
155 2762 318 2830 tabescens,
334 2773 394 2818 non
408 2753 537 2835 amptius
551 2751 653 2814 redeat
666 2748 704 2810 ed
718 2747 956 2810 contessionem:
974 2747 1044 2808 alio·

93 2853 154 2930 quin
169 2847 284 2933 probari
297 2845 386 2907 debet
401 2842 549 2924 poenitens
564 2847 633 2901 ante
647 2836 885 2910 absolutionem,
900 2832 981 2915 quod
996 2833 1042 2894 in-

95 2940 171 3020 telligi
180 2939 268 3000 debet
281 2935 369 2998 etiam
383 2930 420 2992 de
434 2929 571 2992 recidivis
583 2927 614 2989 in
629 2925 777 2988 venialia:
793 2921 960 3006 excipiendi
975 2929 1045 2984 sunt

20 3033 22 3038 ’
95 3033 180 3090 temen
203 3023 286 3108 pueri
309 3021 355 3084 vel
378 3019 548 3093 semitoni,
571 3017 623 3098 qui
645 3013 836 3098 probabiliter
849 3018 975 3094 possunt
988 3011 1044 3073 sub

20 3157 21 3160 =
95 3117 250 3178 conditione
262 3111 385 3183 absolvi,
400 3105 522 3190 quando
535 3104 687 3167 dubitatur
695 3103 733 3165 de
747 3103 865 3166 illorum
879 3101 1045 3184 dispositio-

95 3206 195 3268 nibus:
217 3203 307 3286 quia‚
322 3197 419 3280 quoad
436 3197 532 3277 ipsos,
547 3195 630 3255 deest
643 3211 711 3274 spes
724 3201 757 3255 ut
771 3192 879 3254 melitis
889 3191 968 3254 brevi
983 3191 1044 3255 dis-

95 3305 251 3374 ponentem
267 3298 296 3351 et
309 3287 366 3349 boe
379 3287 437 3348 diei
452 3290 546 3366 potest
558 3285 612 3344 etsi
627 3285 743 3344 tanturn
757 3281 955 3344 contueantur
976 3301 1044 3366 poe·

20 3409 22 3450 t
96 3393 151 3444 erte
176 3380 309 3444 venialia.
336 3379 408 3438 item
437 3372 628 3456 probabiliter
649 3371 706 3434 sub
733 3371 905 3434 conditione
934 3372 1045 3436 alisolri

20 3475 22 3490 ³
97 3479 182 3550 potest
192 3477 337 3554 poenitens
351 3465 418 3547 pius
430 3464 481 3545 qui
493 3459 732 3542 imperfectiones
745 3461 860 3522 tantum
873 3461 1044 3538 confitetur,

20 3565 22 3602 ὲ
97 3558 259 3641 dequibus
283 3555 436 3616 dubitatur
458 3567 498 3612 an
524 3549 696 3632 pertingant
720 3547 758 3608 ad
780 3548 924 3626 venialie3
953 3549 1048 3610 rhos

20 3673 21 3678 ¹
98 3657 112 3704 t
131 3653 241 3726 brnen,
254 3637 354 3726 lnquit
365 3639 397 3706 ⁸.
413 3637 549 3722 Llpttor„
564 3651 626 3700 nou
639 3629 826 3698 admitterem
839 3645 1048 3783 repplneque
