2416 3954
185 169 244 231 aaa
406 173 544 226 aaronis
564 171 766 227 corrosionis
787 174 938 226 arnamar.

184 307 305 366 sacros,
329 289 399 350 ante
417 283 544 348 chorum
558 300 566 344 ε
579 282 664 362 Juxta
677 279 831 356 eumdem,
846 279 1039 360 Magistratus
1056 285 1087 342 et
1106 281 1164 344 ta-

187 397 275 443 nores
287 375 408 438 Domini
420 377 694 454 aspergunturpost
707 369 834 432 chorum
844 377 914 431 ante
929 369 1076 451 populum
1092 388 1164 433 cum

185 469 283 531 debita
305 463 509 527 inclinatione.
527 461 682 542 Optimum
696 466 741 522 est
754 459 785 520 in
800 457 974 538 hujusmodi
990 457 1083 524 rebus
1103 478 1166 520 non

187 555 365 620 recederet
392 555 507 614 servata
533 548 770 626 consuetudine,
794 565 834 608 ne
855 546 1009 628 aliquibus
1031 547 1169 628 pariatur

188 643 333 719 ollensi03
353 641 406 705 sed
426 659 488 704 non
503 639 589 702 decet
603 657 658 700 nec
671 654 791 718 semper
805 635 872 698 licet
886 635 997 698 addere
1010 653 1152 716 praeroga

189 734 261 796 tiras
284 731 408 794 honoris
430 735 539 812 prater
561 735 613 790 aut
629 734 734 790 contra
758 723 906 788 rubricas.
929 723 1003 788 Vide
1016 723 1055 786 de
1072 725 1171 788 uerat

190 823 299 905 (parsi
313 869 321 899 ,
337 831 371 882 n⁰
384 823 439 897 38,
458 820 515 896 Vl,
531 821 583 896 6⁰).

228 915 317 974 titia.
341 910 462 982 Quaerit.
479 912 511 970 2⁰
529 906 607 980 Ouid
626 905 687 969 sint
706 905 891 970 observanda
904 901 1005 987 quoad
1021 902 1166 966 benedic·

187 1000 302 1063 tionem
316 1015 533 1080 campanarum
546 997 562 1058 'l

230 1094 318 1171 ltesp.
337 1094 367 1150 4ο
380 1090 448 1151 lam
462 1086 594 1148 diximus
608 1087 687 1148 east
701 1085 772 1149 solis
784 1085 942 1168 Episcopis
955 1099 1021 1146 esse
1037 1081 1169 1145 benedi-

191 1179 317 1254 cendas,
334 1195 390 1238 nec
403 1175 441 1236 ab
455 1175 518 1236 aliis
533 1175 755 1252 sacerdotibus,
780 1176 871 1237 etiarn
899 1171 1084 1250 Abbatibus,
1110 1173 1169 1234 nisi

190 1267 343 1332 lndultum
359 1263 564 1345 Apostolicum
578 1263 716 1325 habeant.
726 1267 769 1326 lta
778 1263 891 1345 pluries
904 1261 1113 1326 decisumas.
1129 1263 1169 1322 R.

190 1357 337 1435 Congreg.
358 1352 429 1414 Vide
443 1355 486 1414 De
501 1351 595 1414 Herdt
608 1351 687 1434 (pars
701 1356 736 1424 6,
753 1356 785 1413 n⁰
794 1357 852 1430 44,
867 1355 902 1430 l).

230 1445 261 1504 2⁰
282 1445 442 1524 Campanae
456 1460 525 1524 quae
539 1440 672 1522 profanis
685 1441 789 1503 usibus
802 1443 921 1503 tantiam
936 1440 1120 1518 inserviunt,
1138 1453 1172 1504 ut

191 1537 262 1594 sunt
275 1533 367 1594 etiam
380 1550 449 1613 quaa
469 1530 628 1613 pulsantur
645 1530 790 1592 duntaxat
811 1531 849 1592 ad
866 1529 1043 1593 indicandas
1056 1529 1171 1608 horas,

191 1620 329 1684 benedici
355 1626 526 1702 nequeunt,
555 1638 592 1682 ex
612 1621 643 1682 S.
666 1621 701 1684 tt.
726 1620 758 1680 G.
783 1623 821 1682 lo
836 1620 893 1700 jul.
915 1623 993 1682 4594
1008 1619 1052 1700 (n⁰
1068 1623 1122 1698 83,
1142 1623 1173 1681 ia

191 1711 286 1794 suppl.
303 1715 318 1774 l
336 1717 365 1773 et
378 1712 408 1790 2)
420 1715 449 1772 et
464 1714 501 1771 l'l
517 1716 592 1790 sept.
610 1711 703 1784 itit,
721 1718 756 1768 n⁰
775 1708 855 1773 4440
869 1713 898 1772 2.
923 1708 984 1772 lllae
1004 1708 1080 1771 vero
1102 1729 1175 1792 qum

192 1800 229 1863 ad
261 1819 334 1863 usus
352 1818 452 1862 sacros
466 1797 656 1862 destinantur
678 1797 805 1860 benedici
817 1797 920 1862 debent
942 1805 1104 1882 antequam
1121 1817 1175 1882 po

192 1899 302 1950 cantur
315 1890 348 1950 in
362 1888 535 1971 campanili,
552 1896 581 1951 et
594 1889 633 1950 ita
647 1887 709 1950 vult
722 1887 910 1972 Pontificalc.

230 1991 320 2050 4490.
338 2019 373 2034 -
388 1989 420 2048 3⁰
434 1988 594 2068 Campanae
609 2005 720 2048 nomen
736 1987 901 2066 imponitur
914 1993 950 2050 ut
961 1987 1174 2070 distinguatur

192 2077 286 2138 anon
304 2075 488 2151 benedictis,
503 2076 603 2137 tutele
627 2076 728 2138 Sancti
748 2077 980 2140 commendetur
992 2084 1024 2140 et
1036 2081 1176 2162 populus

191 2164 276 2245 quasi
291 2181 363 2228 voce
374 2163 500 2243 alicujus
514 2165 612 2226 Sancti
628 2165 665 2226 ad
679 2166 836 2230 ecclesiam
845 2169 944 2229 vocari
958 2167 1099 2231 videatur
1113 2189 1122 2231 ε
1135 2173 1175 2232 ita

192 2251 305 2314 Bened.
329 2255 395 2314 XIV
415 2253 499 2330 (last.
515 2257 572 2332 47,
587 2255 666 2335 §4);
683 2257 737 2318 atsi
753 2275 813 2318 non
835 2275 873 2320 ex
887 2264 1055 2339 praecepto,
1072 2259 1175 2322 solent

192 2343 224 2404 in
239 2342 331 2423 ipsius
345 2341 554 2406 benedictione
568 2345 704 2407 assistere
716 2346 761 2407 vir
774 2353 804 2408 et
816 2345 929 2408 femina
943 2345 1000 2408 sub
1014 2349 1130 2428 patrini
1146 2358 1174 2412 et

192 2432 328 2494 matrina·
342 2429 586 2496 denominatione
594 2454 603 2510 ;
619 2441 649 2496 et
662 2434 741 2497 hanc
754 2434 793 2497 ob
807 2453 942 2515 causam,
953 2441 984 2497 et
994 2433 1068 2517 quia
1079 2439 1172 2500 etiam

192 2539 269 2603 aqua
290 2521 446 2586 adlribetur
468 2521 499 2585 in
524 2521 697 2603 hujusmodi
722 2523 953 2600 benedictione,
983 2525 1077 2608 vulga
1107 2527 1173 2612 ipsa

186 2611 364 2694 ,baptismus
377 2612 599 2675 denominatur.
617 2613 692 2675 Vide
706 2615 749 2676 De
764 2614 872 2691 Herdt,
884 2617 992 2698 parsit,
1005 2620 1039 2676 n⁰
1052 2621 1107 2694 44,
1121 2619 1170 2680 lll.

231 2715 321 2774 4494.
337 2744 376 2759 -
389 2716 421 2773 4ο
437 2712 568 2774 Virtutes
589 2717 619 2774 et
645 2711 767 2776 effectus
790 2731 1008 2795 campanarum
1027 2711 1172 2780 benedic-

193 2804 290 2863 tarum
304 2799 350 2862 his
367 2800 502 2864 versibus
515 2801 745 2883 exprimuntur:

315 2925 400 2980 Laudo
414 2929 490 2980 [teum
502 2945 602 2992 rerum,
616 2929 712 2996 plebem
726 2945 797 2992 voco,
810 2946 935 2999 congrego
946 2931 1042 2985 oleran

316 2999 449 3052 basanotes
461 3001 548 3067 ploro,
566 3009 659 3068 pestem
672 3003 747 3070 iugo,
760 3002 821 3054 testa
834 3004 934 3056 decoro.

233 3117 308 3181 Vide
319 3117 547 3201 explicationem
562 3124 620 3205 (ap.
637 3125 681 3184 De
695 3122 804 3201 Bardi,
820 3121 907 3198 ibid,
921 3125 988 3205 lv).

231 3221 320 3279 4492.
338 3222 417 3278 -50
431 3220 607 3299 Campanas,
620 3221 704 3299 juxta
719 3221 852 3298 litterale,
868 3221 1027 3304 pulsandae
1043 3223 1165 3288 suntad

194 3305 379 3385 repellendas
392 3312 581 3386 tempestates
596 3327 603 3366 τ
619 3309 655 3368 ad
671 3309 753 3372 hunc
775 3311 856 3373 enirn
879 3311 990 3390 finem,
1010 3315 1101 3376 etiarn
1117 3313 1166 3374 be

193 3393 382 3468 nedicuntur,
397 3402 428 3455 ut
438 3401 517 3474 patet
526 3413 562 3456 ex
579 3397 751 3479 Pontificoli
768 3420 784 3457 a
850 3401 925 3462 Ciam
940 3401 1163 3464 melodlaillius

194 3501 207 3538 o
232 3481 356 3542 auribus
384 3483 550 3542 insonuerit
572 3486 805 3564 populorum...
832 3491 937 3570 procul
959 3491 1160 3571 pellantur....

194 3589 208 3624 a
234 3567 332 3648 fragor
346 3569 543 3647 grandinum,
558 3572 687 3644 procella
704 3575 874 3656 turbinum,
890 3579 1022 3660 impetus
1035 3587 1161 3660 ternpes·
