2474 3946
403 179 490 226 traua
510 177 666 226 sncuuoua.
963 161 1024 224 tta

32 285 33 294 ’
81 304 91 338 r
109 282 211 344 tantbm
226 281 257 344 in
272 283 401 346 Domino
414 301 445 357 u;
460 283 515 342 att
531 278 570 342 ad
582 281 661 341 Tim.
678 278 717 355 (c.
733 281 772 354 5,
786 293 816 340 v.
832 279 881 354 tt)
897 276 1025 339 :avolo

80 392 91 426 i
106 370 227 448 juniores
238 370 364 449 (viduas)
379 369 539 432 nuberent
555 366 636 430 unde
646 369 677 428 in
693 369 818 429 Decreta
831 365 872 428 ad
882 368 1025 428 Armenoc

79 460 111 520 sic
120 458 243 522 decernit
257 459 410 540 Eugenius
423 459 482 519 tv:
497 478 513 516 a
530 455 721 518 [tecturamus
734 472 797 516 non
811 453 909 518 sotum
919 471 1025 516 sccun-

79 569 89 602 r
108 545 152 608 das
167 547 317 627 (nuptias),
338 546 391 610 sed
412 545 503 608 etiam
523 545 626 606 tertias
639 551 669 606 et
686 549 827 624 quartas,
842 548 933 624 atque
947 541 1023 606 ulte·

32 709 33 724 χ
79 655 89 690 a
108 635 199 702 riores,
210 635 234 696 si
248 634 369 716 aliquod
379 631 561 696 canonicum
576 632 829 712 impedimentum
844 649 905 692 non
915 630 1023 708 obsim,

78 745 89 778 u
107 723 174 785 licite
187 723 321 785 contrabi
336 741 449 804 possen
462 741 471 796 ;
485 729 515 782 ct
524 720 637 783 Bened.
650 723 727 797 xlv,
739 720 771 782 in
786 719 921 801 pluribus
935 719 1026 782 Cons-

78 811 242 874 titutionibus
255 812 333 885 suis,
344 811 407 873 ruit
416 817 451 872 ut
461 809 518 872 boc
528 809 607 872 idem
622 817 757 871 teneatur
767 807 806 870 ub
820 807 1023 870 ltaioGraecis.

78 899 135 962 iidc
153 900 284 962 cautere
303 900 358 977 (De
379 898 527 968 Macrim..
546 900 579 959 n⁰
596 901 676 976 000).
689 898 825 960 -Circa
846 895 911 958 baec
925 903 1026 958 autem

76 985 104 1047 ab
122 988 246 1052 Eccicsiit
267 990 404 1050 Romani
421 987 558 1048 dissentit
572 987 704 1048 ticcicsia
718 987 831 1058 Graeca,
844 984 923 1066 apud
934 1001 1026 1066 quam

31 1115 32 1154 q
76 1075 159 1140 calidae
179 1095 239 1140 non
255 1076 406 1139 habentur
420 1081 536 1157 quartae
551 1076 677 1156 nuptiae,
700 1075 763 1137 imd
777 1075 868 1136 etiam
890 1071 1026 1134 invalidae

31 1181 32 1194 ³
75 1165 138 1244 apud
151 1165 242 1248 ipsam
257 1173 436 1248 reputantur
449 1164 681 1245 tertianuptiae,
696 1163 818 1244 quando
828 1161 939 1242 bigami
950 1161 1027 1223 idios

31 1319 33 1340 b
75 1269 102 1312 ex
113 1253 253 1334 prioribus
273 1253 455 1334 coniugibus
475 1251 619 1314 habentes
638 1252 757 1314 nubunt
776 1258 844 1333 post
859 1249 1025 1332 quadrage·

75 1339 168 1403 simum
181 1346 276 1404 aetatis
289 1359 417 1404 anuum.
434 1339 508 1402 Vide
522 1340 673 1419 Curridrc,
689 1341 743 1413 ib,
761 1343 871 1402 o⁰209.

31 1491 32 1494 ,
103 1435 183 1493 4100.
198 1433 272 1493 Jura
287 1429 413 1511 quidem
425 1433 577 1504 Romano,
595 1428 716 1490 infamia
731 1428 888 1491 notabatur
904 1434 933 1490 ct
948 1446 1025 1511 nup·

31 1535 32 1588 t
74 1515 121 1578 tiaii
141 1519 303 1581 donatione
327 1517 498 1599 privabatur
518 1517 627 1579 mulier
652 1517 799 1579 transiens
822 1517 860 1580 ad
879 1519 1027 1580 secundas

31 1621 32 1636 ¹
74 1609 174 1688 nuptias
196 1608 274 1670 intra
289 1606 421 1688 primum
440 1624 503 1668 suae
525 1605 673 1668 viduitatis
695 1623 829 1682 annum3
852 1605 904 1668 sed
928 1607 1027 1687 quoad

73 1690 136 1756 broc
149 1695 326 1771 mimium,
341 1695 396 1756 Jus
405 1697 576 1756 Romanum
586 1702 755 1756 correctum
765 1692 821 1754 tuit
834 1696 850 1754 d
864 1695 936 1756 Jure
952 1695 1029 1754 Pon·

73 1779 148 1846 tiicio
162 1802 170 1845 ε
186 1784 253 1846 uide
267 1801 335 1864 cap.
351 1779 449 1864 Super
462 1789 491 1844 ct
504 1801 571 1863 cap.
584 1781 658 1844 cum
671 1779 836 1858 secuudum,
851 1779 1028 1844 deserendis

73 1873 181 1951 ruptiis·
193 1874 257 1934 imd
269 1873 373 1951 ‚juxta
387 1869 579 1952 Apostolum,
590 1877 624 1931 ut
637 1868 768 1930 diximus
783 1868 884 1946 niodo,
895 1868 1029 1949 defuncto

74 1958 137 2036 uio,
150 1961 167 2022 d
182 1959 243 2043 ἱέμε
259 1960 323 2022 uiri
337 1958 464 2021 liberato
478 1967 520 2019 eat
533 1957 660 2029 mulier,
677 1965 706 2020 ct
720 1957 769 2018 cui
784 1957 849 2020 uult
863 1964 957 2038 potest
971 1979 1029 2019 ou·

73 2043 144 2118 irre:
159 2053 268 2131 quubm
283 2055 385 2110 tamen
407 2047 518 2110 decens
538 2052 617 2109 esset
630 2052 663 2108 ut
682 2044 779 2108 statim
793 2045 831 2107 ad
847 2063 937 2108 nouas
951 2066 1028 2129 nup-

72 2134 116 2197 tias
133 2139 314 2199 convolaret.
342 2138 433 2199 iuxta
455 2143 557 2198 autem
583 2141 720 2200 nostrum
747 2133 888 2198 codicem
910 2135 1028 2200 civilem

72 2222 125 2296 (art.
136 2229 222 2304 228),
243 2225 298 2288 uia
307 2225 417 2288 icmmc
431 2242 469 2286 nc
479 2231 551 2307 pout
560 2230 729 2287 contractor
743 2225 875 2307 mariage
889 2227 1029 2310 qu'aprda

70 2331 83 2368 r
102 2311 147 2375 dix
157 2313 236 2378 rrr'ois
251 2314 368 2376 re'roius
381 2313 522 2395 depuisia
535 2313 712 2376 dissolutioo
726 2313 768 2376 du
783 2315 914 2396 mariage
929 2317 1030 2397 pread-

70 2421 81 2454 r
101 2401 210 2466 dent.»
232 2402 309 2480 Sed,
325 2402 382 2464 boo
397 2419 458 2463 non
476 2401 628 2480 obstante,
642 2403 774 2465 Touiiier
787 2403 851 2482 (tib.
873 2405 906 2472 3,
924 2405 968 2466 tit.
987 2409 1026 2484 d,

70 2490 313 2569 tantummodum
324 2497 441 2571 reputat
452 2491 538 2554 cirita
551 2491 778 2552 matrimonium
795 2497 864 2552 anta
877 2490 1028 2554 decimum

69 2594 194 2642 mcnscm
208 2585 409 2642 contractum.
426 2581 468 2640 De
481 2579 527 2642 bis
540 2579 606 2641 vide
620 2578 753 2640 Histoire
767 2576 815 2639 des
828 2579 1027 2657 Sacramenta,

69 2663 209 2750 Moriuqe,
226 2668 275 2730 cb.
288 2673 327 2744 4,
343 2673 397 2729 ari.
416 2671 430 2729 i
452 2669 549 2729 cerda
561 2669 660 2749 finem.

101 2759 186 2820 taut.
204 2789 244 2805 -
262 2758 311 2819 iii.
328 2755 575 2818 lodt'saoladilites
594 2763 695 2817 autem
708 2751 890 2817 Matrimonii
905 2751 1031 2833 spectari

68 2847 217 2920 porsstret
237 2843 338 2928 quoad
353 2843 519 2923 vincutum,
540 2843 587 2905 vei
605 2841 706 2927 quoad
730 2841 847 2902 tiorum
865 2847 896 2903 ct
915 2839 1031 2904 dedita·

69 2931 177 2996 tibrum.

101 3023 122 3084 i.
135 3020 385 3084 indissolubilius
393 3021 680 3103 Matrr'mooiiquocd
687 3021 836 3084 vinculum
847 3017 932 3084 :hac
943 3019 1033 3084 india

68 3108 227 3173 toiubilitas
235 3109 417 3172 considerari
431 3119 527 3192 potest
536 3110 582 3172 uei
592 3129 629 3172 ex
640 3112 709 3190 jure
723 3110 849 3174 naturali
861 3111 904 3174 rei
918 3110 1033 3190 cxjura

67 3196 161 3261 duino
177 3201 303 3282 positivo
318 3217 326 3261 ε
341 3200 399 3262 sub
413 3199 504 3281 priori
527 3209 684 3282 respectu,
705 3200 835 3264 fatentur
854 3217 962 3263 omncs
980 3219 1033 3263 or-

67 3283 182 3350 thodoxi
199 3289 424 3352 matrimonium
440 3289 549 3352 tatere
568 3290 701 3372 aliquam
723 3289 1031 3370 indissolubilitatem‚

64 3373 143 3450 juna
156 3396 261 3458 quam,
274 3379 372 3458 ipsum
385 3397 444 3439 non
454 3377 542 3440 debet
551 3397 616 3440 esse
630 3379 819 3442 rescindibiic
828 3378 866 3440 ad
876 3380 1032 3442 arbitrium

67 3465 303 3528 corrtrabenbum
314 3485 324 3543 ;
346 3465 397 3527 scd
421 3484 579 3548 quousque
600 3467 787 3530 cxtcndcnda
806 3469 843 3529 sit
863 3468 927 3528 baec
941 3467 1033 3526 indis·

66 3551 246 3636 uolubilitas,
260 3557 323 3616 tto.
339 3554 371 3615 in
382 3553 439 3618 boc
453 3573 515 3618 non
527 3558 731 3618 concordant:
746 3555 784 3616 de
797 3555 855 3616 bac
869 3552 1033 3633 quaestione

868 3651 933 3710 qm
