2462 3972
134 131 192 191 696
357 147 494 190 uenulae
513 147 614 192 sortus
635 147 716 192 Junrs
736 146 883 192 canonici.

135 267 149 302 o
177 241 399 306 nonobstante.
425 245 487 306 Nec
509 241 687 323 hujusmodi
710 243 874 306 locationes
893 245 925 306 in
948 247 1099 310 Curibllo
1206 297 1207 320 t

134 355 148 390 a
174 333 320 394 maneval
335 339 494 393 extraearn
511 332 740 395 confirmentur.
759 333 850 394 almo
864 353 900 394 cx
911 335 1024 397 Bened.
1041 341 1104 399 MV
1206 321 1207 394 i

135 422 233 482 Const.
261 417 442 482 Universalis
465 420 627 497 Ecclesiae,
648 420 817 483 beneficiati
848 431 1007 503 nequeunt
1028 423 1106 489 bona
1206 405 1207 448 ³

133 509 332 570 ecclesiastica
350 507 449 572 locare
462 508 500 570 ad
520 509 611 570 vitam
624 527 680 591 pro
698 510 795 590 pretio
814 511 908 572 semel
929 511 1047 590 soluto,
1069 531 1105 577 nc

132 597 261 677 dignitas
275 597 421 658 clericalis
435 597 465 660 in
480 597 642 660 discrimen
656 596 823 660 adducatur
834 645 842 676 ,
853 604 884 660 et
897 600 930 660 in
944 587 1103 680 egestatem¹

134 684 288 763 dejiciatur
301 683 521 748 beneficiarius.
1206 683 1207 686 '

173 776 216 834 De
229 773 468 836 solemnitatibus
482 781 584 837 autem
602 775 795 838 observandis
812 783 847 838 ut
865 775 969 839 validae
983 777 1103 843 civiliter

135 861 299 923 habeantur
313 861 392 943 apud
408 881 463 924 nos
482 869 544 924 tarn
563 863 725 926 locationes
743 867 836 945 quarn
856 872 973 928 caeterae
994 867 1108 930 aliena·

133 949 241 1024 tiones,
253 955 304 1011 aut
318 950 539 1032 acquisitiones,
549 951 617 1014 vida
630 958 767 1014 auctores
781 953 887 1034 quide
901 952 949 1015 bis
961 961 1107 1019 tractant:

137 1039 196 1099 bn.
212 1038 309 1114 Affre;
325 1039 444 1102 Dieulin
458 1060 466 1114 ;
481 1039 608 1100 qumral
620 1039 667 1103 dea
679 1040 850 1118 fabr-iaces,
864 1046 923 1104 etc

178 1123 270 1184 tura.
290 1125 374 1188 Nota
399 1121 483 1207 quod
501 1126 582 1183 sicut
600 1139 648 1181 res
673 1121 867 1201 privatorum
884 1121 1016 1182 alienari
1046 1133 1103 1196 pes*

139 1219 211 1270 sunt
226 1215 472 1297 prascriptione,
484 1213 527 1272 ita
543 1208 659 1290 pariter
668 1218 698 1270 et
713 1207 796 1270 bona
806 1209 1030 1281 ecclesiastica,
1049 1207 1112 1285 qui·

139 1295 270 1362 busdam
291 1312 396 1366 tamen
416 1297 566 1377 exceptis,
594 1313 708 1374 nempe
732 1295 950 1358 immobilibus
976 1313 1048 1372 quaa
1072 1293 1110 1355 ad

142 1387 257 1447 cultum
275 1385 328 1443 Ilei
349 1384 557 1443 immediatum
577 1388 792 1442 consecrantur
810 1379 856 1440 rel
877 1376 1110 1450 benedicuntur,

143 1471 312 1552 attempta,
327 1471 509 1542 coemeteria,
526 1475 583 1532 cto.
601 1471 664 1532 Hoc
678 1467 875 1530 nibilominus
889 1474 933 1528 est
950 1467 1112 1527 discrimen

144 1562 220 1622 inter
241 1559 398 1622 ecclesiam
419 1565 447 1620 et
469 1559 614 1637 privatos,
629 1556 713 1638 quod
733 1556 771 1618 ad
794 1553 959 1616 immobilia
981 1553 1027 1615 rel
1048 1557 1113 1632 jura

145 1650 326 1730 privatorum
341 1645 560 1727 praescribenda
579 1645 733 1708 sufficiunt
749 1645 779 1705 in
799 1644 882 1704 omni
901 1661 974 1704 casu
994 1642 1113 1722 triginta

145 1738 234 1812 anmi,
250 1737 312 1798 imo
328 1735 352 1798 si
367 1734 442 1796 adsit
461 1735 566 1796 titulus
586 1734 756 1811 coloratus,
775 1731 882 1794 decem
902 1733 1021 1792 tantum
1045 1729 1113 1791 anni

147 1825 338 1906 requiruntur
352 1825 611 1905 intermanentes,
622 1820 853 1903 etvigintiinter
865 1820 1014 1906 absentes,
1026 1821 1114 1880 etiam

145 1912 267 1994 quando
290 1913 328 1974 ab
350 1911 483 1974 Ecclesia
511 1911 761 1993 praescribuntur,
785 1917 820 1972 ut
841 1914 957 1970 constat
985 1927 1023 1970 ex
1049 1927 1114 1990 cap.

147 2003 324 2064 Sanctorum
336 2005 367 2080 3,
386 2000 421 2062 de
436 1999 617 2082 Praescript„
632 1998 707 2061 dtnn
720 1996 759 2062 ad
772 1995 996 2079 praescribenda
1007 1997 1115 2059 immo-

147 2088 218 2152 bilia
230 2090 371 2153 Ecclesiae
390 2089 549 2152 necessarii
564 2095 634 2152 sunt
659 2087 854 2170 quadraginta
869 2087 953 2147 anni.
969 2087 1015 2147 lta
1033 2085 1115 2168 plura

146 2179 221 2260 juris
234 2177 370 2240 canonici
389 2177 519 2258 capitula
537 2184 567 2240 et
587 2178 726 2258 expresse
744 2195 811 2258 cap.
826 2173 912 2238 Illud
925 2178 959 2251 8,
980 2175 1016 2236 de
1042 2177 1114 2240 Pnr

148 2267 264 2349 serapt,
278 2265 470 2328 ubidicitur:
484 2265 582 2328 alllud
592 2273 693 2327 autem
703 2272 733 2327 te
743 2263 970 2328 scirevolumus
979 2271 1109 2326 ettcnerc

149 2379 165 2416 s
188 2355 269 2438 quod
279 2353 421 2417 adversus
435 2354 583 2416 Ecclesias
596 2354 745 2417 minorem
760 2353 1020 2434 prescriptionem
1030 2355 1111 2435 qubu

152 2468 165 2502 a
188 2449 228 2508 to
246 2462 396 2507 annorum
415 2446 552 2506 Romana
572 2441 702 2505 Ecclesia
724 2460 786 2504 non
804 2440 952 2520 admittit,
967 2441 1041 2503 licet
1060 2441 1117 2523 qui-

153 2561 165 2590 n
189 2533 259 2596 dam
269 2551 401 2596 canones
413 2533 457 2610 (ut
467 2551 494 2594 c.
508 2536 522 2594 l
535 2539 564 2594 et
574 2536 603 2603 2,
616 2549 707 2594 causa
717 2534 766 2607 16,
775 2549 806 2612 q.
818 2532 848 2606 3,
861 2547 928 2610 cap.
942 2530 1119 2612 Quicumque

153 2651 166 2682 a
191 2631 219 2687 ct
233 2643 260 2686 c.
279 2622 404 2702 Placuit)
424 2621 624 2703 comprobent
635 2618 831 2682 tricennalem
844 2621 894 2698 (30
913 2622 1088 2700 annorum).
1103 2642 1118 2677 s

152 2715 216 2776 lmb
223 2713 247 2775 si
256 2719 362 2794 agatur
369 2710 408 2772 de
414 2709 502 2772 bonis
508 2707 547 2771 ad
557 2711 724 2770 Romanam
732 2705 1122 2787 Ecclesiampertinentibus

153 2803 215 2864 sola
229 2801 399 2864 centenaria
417 2797 601 2880 praescriptio
615 2795 795 2880 patrocinari
811 2801 920 2876 potest,
934 2813 972 2857 cx
991 2813 1061 2877 cap.
1075 2794 1124 2858 Ad

153 2889 346 2957 audientiam,
359 2887 394 2950 de
406 2886 582 2968 Proescript.

195 2980 284 3039 5343.
299 2974 406 3056 lnlege
416 2981 516 3037 autem
526 2973 603 3036 civili
613 2973 835 3051 romand(last.
845 2971 880 3033 de
893 2975 987 3052 racc.)
996 2971 1122 3036 dicitur:

160 3089 174 3124 a
194 3067 321 3128 Cautum
335 3071 381 3125 est
393 3069 426 3125 ut
434 3082 483 3126 res
496 3062 618 3145 quidem
633 3061 760 3124 mobiles
773 3079 827 3144 per
839 3060 1005 3124 triennium
1018 3081 1125 3124 usuca-

156 3177 171 3214 υ
196 3150 859 3234 pianturr3controvertiturinterDllanhoc
871 3150 1123 3232 tempustriennii

157 3239 293 3302 sufficere
313 3240 407 3301 valeat
429 3241 467 3301 ad
489 3257 537 3302 res
558 3239 685 3302 mobiles
702 3239 844 3302 Ecclesiae
865 3239 1121 3320 praescribendis:

159 3377 235 3444 pretio
247 3378 323 3428 semel
334 3379 427 3431 soluto.
437 3380 598 3433 llidcllacret.
610 3381 642 3433 80
655 3379 767 3433 decemb.
780 3381 850 3444 tuot,
862 3386 909 3432 art.
919 3381 958 3432 tt.
966 3380 1028 3432 de
1040 3379 1122 3433 idaco

159 3447 213 3504 tat,
226 3451 269 3494 aut
285 3462 335 3498 non
353 3449 432 3499 soleat
449 3449 503 3500 lieri
517 3449 544 3500 ia
561 3449 732 3516 prejudicium
745 3465 935 3511 racemorum,
958 3465 1009 3500 non
1025 3451 1123 3505 ridetur

161 3528 213 3564 asse
225 3521 309 3565 contra
323 3517 507 3580 dispositionem
520 3519 622 3570 Concilii
636 3521 781 3572 Tridentinis
