2452 3946
181 132 221 190 94
406 143 545 190 sannaus
564 141 665 187 roaros
685 141 767 187 runrs
787 141 935 187 canorum.

221 243 254 304 2·
272 240 357 302 Idem
370 238 535 302 dicendum
549 235 671 318 quando
683 255 753 298 vasa
774 236 815 299 ita
832 235 1014 317 franguntur
1035 241 1069 300 ut
1091 254 1156 302 uon

180 328 323 411 amplibs‚
337 327 383 390 vel
394 325 515 390 nonnisi
530 324 715 403 indecenter,
730 325 874 388 inservire
882 326 1015 408 possint,
1027 325 1145 408 licetpo

181 417 271 480 breve
290 424 427 499 tempus,
443 416 505 478 irnb
530 417 585 477 etsi
608 422 682 477 tunc
704 421 891 496 reparentur.
912 418 1033 477 -Non
1055 421 1160 478 autem

182 506 328 570 amittitur
341 505 526 570 consecratio
540 522 594 586 per
606 503 723 584 aliquos
737 503 813 566 ictus
826 504 843 565 b
857 501 941 565 iabro
956 501 1162 586 inssictosqui-

183 593 240 658 bus
250 613 319 657 vasa
333 612 395 656 non
408 593 626 671 deformantur,
641 597 676 654 ut
689 592 789 673 inepta
798 593 815 653 a
825 592 915 672 vulgo
928 591 983 656 luit
996 591 1160 655 creditum.

223 687 256 746 3·
275 685 350 746 item
371 683 494 764 quando
509 700 609 763 cuppa
625 688 780 762 separatur
798 681 815 742 b
839 681 931 762 pede,
948 681 1005 744 nisi
1018 681 1095 744 calix
1109 685 1163 744 aut

184 772 261 854 pixis
273 772 310 834 sit
328 771 494 847 tornatilis3
510 769 572 832 imo
586 772 617 831 in
631 769 690 832 boc
703 787 797 846 casu,
813 768 837 831 si
852 787 906 851 pes
918 769 1066 832 tornatilis
1078 769 1164 831 fran-

97 903 98 908 1
186 867 317 944 geretur,
326 861 402 924 calix
410 877 497 923 suam
511 858 770 922 consecrationem
780 859 1010 938 amitteret,etsi
1022 858 1166 941 atluspes

186 949 396 1015 conficeretur.
408 947 629 1030 (Richandeau,
644 947 785 1010 Nouveou
802 947 906 1010 Trnitd
917 947 966 1010 des
976 947 1037 1011 SS.
1052 946 1164 1030 dipsa,

186 1058 215 1102 c.
232 1041 367 1118 tt‚1v.)

227 1131 320 1194 3643.
333 1163 373 1180 -·
386 1133 419 1191 t·
434 1130 508 1190 item
528 1125 651 1208 quando
671 1125 749 1188 calix
762 1125 801 1188 de
814 1143 893 1188 noro
911 1125 1077 1202 inauratur,
1092 1125 1169 1207 quia

189 1235 251 1279 non
265 1224 310 1279 est
316 1223 491 1282 consecrata
498 1213 672 1298 superficies
681 1233 749 1295 quae
757 1231 857 1277 sacras
865 1215 980 1297 species
992 1212 1169 1276 immediate

189 1306 294 1387 tangit.
316 1307 360 1368 lta
379 1307 413 1372 S.
434 1307 470 1368 a.
487 1305 651 1386 Congreg,
676 1307 714 1365 rt
734 1303 803 1382 iun.
827 1306 903 1366 tate
918 1307 1083 1381 (n04866);
1097 1302 1170 1365 ride

190 1393 405 1472 Riebaudeau,
426 1391 513 1473 tlte,
529 1394 579 1455 vt.
603 1391 686 1455 ldern
709 1398 754 1454 est
773 1391 936 1456 dicendum
960 1393 998 1456 de
1017 1391 1119 1474 pixide
1139 1397 1172 1454 et

191 1485 310 1564 patent.
322 1514 362 1530 -
376 1483 498 1550 Certum
518 1488 562 1544 est
580 1489 682 1544 autem
704 1481 830 1544 calicem
851 1499 913 1544 non
932 1481 1067 1544 amittere
1080 1499 1172 1544 suam

191 1572 449 1634 consecrationem
459 1571 483 1634 si
498 1570 656 1654 paululum
669 1569 788 1632 decidat
801 1570 896 1652 ipsius
905 1571 1052 1634 inauratis
1061 1590 1070 1647 ;
1080 1569 1173 1652 quin-

193 1659 254 1722 imo
269 1660 452 1742 probabilius
473 1667 594 1724 estnec
615 1659 697 1722 illam
721 1658 869 1742 perdere,
892 1659 948 1722 etsi
969 1660 1173 1742 perlongum

193 1768 282 1813 usum
298 1751 425 1827 omnipo
438 1749 559 1814 deliciet
574 1747 648 1816 :sed
661 1747 793 1812 maxime
806 1748 894 1813 decet
905 1754 939 1812 ut
951 1756 1025 1812 tunc
1037 1747 1077 1812 de
1091 1767 1173 1812 novo

193 1838 364 1902 deauretur.

233 1931 323 1990 aete.
346 1931 424 1991 Vasa
437 1933 540 1991 autern
563 1945 666 2006 sacrm
680 1926 723 1990 uti
738 1932 768 1989 et
790 1945 884 1990 sacre
897 1932 992 1990 vestes
1006 1943 1094 1990 suam
1107 1945 1173 1990 nou

194 2018 335 2078 amittunt
351 2015 608 2078 consecrationem
630 2023 682 2082 aut
705 2014 965 2093 benedictionem,
987 2014 1013 2078 si
1026 2015 1175 2100 sacrilege

195 2103 232 2166 ad
240 2123 314 2166 usus
323 2103 464 2184 profanos
471 2102 757 2168 adhibeantur.Vide
765 2106 808 2166 De
815 2102 908 2166 Herdt
918 2103 1172 2186 (Saetabum-p„

196 2211 264 2275 pars
280 2197 308 2268 t,
326 2205 360 2254 n⁰
374 2197 412 2255 55
433 2195 493 2273 ill).

235 2285 326 2345 3645.
350 2283 470 2355 Quaerit.
486 2286 519 2346 θ’
537 2281 724 2355 Quibusnam
738 2280 826 2346 liccat
838 2287 962 2365 tangere
975 2299 1045 2346 vasa
1060 2287 1094 2345 et
1112 2281 1174 2344 lin·

197 2371 327 2434 teamina
341 2369 447 2434 sacra?

236 2459 326 2542 Resp.
344 2465 375 2523 l⁰
389 2462 419 2522 Si
431 2468 500 2524 actu
512 2459 687 2523 contineant
701 2461 754 2524 SS.
768 2462 1013 2540 Sacramentum,
1028 2465 1113 2525 extre
1126 2481 1177 2527 ca·

197 2568 264 2613 snm
278 2551 461 2614 necessitatis
482 2569 536 2613 seu
550 2550 719 2633 periculum
738 2549 974 2632 profanationis,
994 2549 1067 2613 nulli
1083 2551 1174 2632 ticet,

197 2641 286 2702 etiam
301 2639 358 2703 sub
371 2639 473 2722 gravi,
489 2639 539 2702 illa
553 2645 692 2720 tangere,
706 2641 798 2701 etiarn
815 2637 961 2719 mediate,
971 2647 1176 2723 praeterquam

197 2729 343 2794 sacerdoti
356 2737 407 2794 aut
420 2729 560 2792 diacono.
574 2730 618 2790 lta
630 2727 845 2791 communiter.

238 2823 327 2882 3646.
343 2854 383 2868 -·
401 2823 432 2881 2·
450 2818 482 2880 Si
502 2819 562 2881 sint
583 2835 696 2892 vacua,
711 2815 794 2899 tangi
808 2823 954 2900 possunt,
965 2836 1027 2882 non
1041 2817 1144 2881 solnm
1160 2820 1178 2882 b

198 2909 403 2972 sacerdotibus
422 2915 453 2971 ct
471 2905 589 2970 clericis
608 2905 706 2970 ordini
721 2925 806 2968 sacro
828 2907 952 2970 initiatis
974 2925 1010 2971 ac
1031 2907 1177 2989 acolytis,

196 2999 280 3077 juxta
293 3015 360 3078 cap.
376 2997 445 3060 Non
465 2995 572 3070 liceat,
588 2998 644 3071 32,
658 2995 728 3058 dist.
743 2999 782 3060 23
798 3015 806 3058 :
827 3017 842 3055 r
861 2998 928 3059 Non
947 2996 1034 3059 liceat
1050 2995 1177 3059 cuilibet

198 3108 214 3147 n
239 3087 378 3149 ministro
397 3093 520 3168 tangere
535 3084 592 3148 nisi
615 3083 800 3148 subdiacono
818 3091 870 3147 aut
889 3087 1007 3168 acolyto
1027 3085 1058 3147 in
1072 3103 1175 3149 scere·

198 3196 215 3236 r
239 3175 315 3238 tario
328 3193 397 3237 vasa
409 3173 562 3236 dominica
574 3193 611 3250 υς
627 3172 679 3235 sed
695 3175 780 3253 Juxta
802 3173 904 3255 plures
917 3181 946 3237 et
960 3193 997 3238 ex
1009 3181 1176 3238 consuetu-

198 3263 284 3335 dine,
301 3265 382 3346 tangi
396 3269 522 3346 possunt
535 3262 573 3325 ab
585 3261 728 3325 omnibus
740 3263 875 3340 clericis,
890 3271 942 3326 aut
955 3262 1095 3326 iratribus
1109 3263 1177 3326 reli·

200 3352 291 3438 glosis
300 3360 330 3416 et
343 3352 534 3416 monialibus.
551 3351 609 3414 Sed
620 3351 683 3413 haec
692 3352 878 3416 consuetudo
887 3371 949 3416 non
959 3352 1072 3435 ubique
1079 3353 1174 3435 viget,

200 3460 258 3504 neo
270 3441 386 3505 videtur
399 3441 525 3504 existere
538 3439 570 3502 in
583 3439 687 3502 multis
700 3439 801 3502 uattiae
814 3440 1006 3506 dioecesibus.

241 3533 331 3595 sorr.
353 3529 450 3598 Laicis
474 3535 574 3593 autern
598 3545 660 3592 non
681 3526 750 3590 licet
769 3546 806 3592 ce
824 3537 966 3612 tangere,
981 3529 1040 3595 nisi
1053 3530 1086 3594 in
1100 3547 1175 3596 casu
