2474 3946
470 173 554 228 rtnrn
576 177 732 227 accusans.
1018 155 1074 230 til

94 281 192 348 evasit
214 303 313 349 unum
332 302 417 347 nouae
433 282 508 364 legis
530 283 758 344 Sacramentum
770 327 779 360 ,
793 287 845 345 aut
861 283 966 348 saltem
985 285 1078 369 ipsius

95 376 249 448 Materia,
275 374 419 453 Princeps
441 370 593 433 saecularis
615 371 654 431 in·
674 388 746 432 eum
769 379 945 452 potestatem
968 373 1078 440 babere

98 482 164 525 non
180 470 278 544 potest
293 463 349 524 nisi
369 460 591 543 dependentem
612 477 648 520 ac
667 458 890 524 subordinatum
911 466 1078 528 auctoritati

96 553 249 633 spirituali
266 571 274 613 τ
290 550 425 633 alioquin
443 548 576 612 Societas
593 547 778 628 spiritualis,
795 549 928 614 Ecclesia
944 555 1075 632 scilicet,

97 641 133 702 in
156 659 206 704 res
220 639 408 721 spirituales,
429 655 540 718 nempe
561 637 593 698 in
614 636 858 716 matrimonium,
874 659 936 702 non
958 661 1078 724 semper

4 755 7 760 ·
97 735 257 792 exerceret
290 733 465 810 potestatem
492 723 775 807 independentem,
803 727 856 790 sud
883 729 1078 810 subjiceretur

98 818 240 880 monteri
264 816 422 898 potestati,
446 815 551 876 saltem
575 814 743 876 indirecte:
762 815 830 897 cogi
851 817 933 879 enim
958 828 1076 900 posset,

98 907 196 968 etiam
212 907 324 984 invita,
339 923 401 967 non
415 903 573 966 admittere
594 902 632 964 ad
651 905 879 968 Sacramentum
895 910 1077 970 matrimonii

97 1011 157 1057 eos
175 995 250 1077 qui,
266 993 352 1073 juxta
370 1011 472 1056 sacros
489 1009 640 1068 canones,
656 993 783 1054 omnind
795 991 910 1056 babiles
924 993 1020 1058 lorent
1041 997 1078 1059 ad

97 1082 179 1146 illud
193 1084 285 1164 digne
297 1089 328 1146 et
340 1081 436 1146 valide
449 1080 695 1161 suscipiendum3
711 1083 803 1162 porro
818 1082 901 1145 nullo
916 1083 1007 1147 modo
1020 1085 1077 1149 dici

96 1173 195 1236 debet
207 1173 373 1235 Ecclesiam
386 1172 467 1234 circa
481 1169 645 1252 spiritualia
658 1169 764 1250 subjici
778 1171 969 1254 Principibus
987 1193 1078 1238 saecu-

98 1261 237 1338 laribus;
252 1271 342 1341 er‘go,
357 1265 416 1324 etc.

144 1353 235 1414 ll85.
250 1351 329 1413 Nota
348 1347 431 1430 quod
452 1346 523 1410 licat
542 1352 647 1409 nostra
664 1349 827 1430 propositio
843 1351 882 1413 sit
901 1352 1075 1428 uerissima,

3 1455 4 1458 ’
98 1445 207 1502 tamen
229 1439 394 1520 prudenter
415 1455 448 1500 ss
471 1444 554 1518 geret
575 1436 723 1517 parochus
745 1457 806 1501 non
831 1439 1017 1503 admittendo
1040 1443 1078 1504 ad

99 1528 333 1590 matrimonium
346 1545 399 1590 eos
413 1527 464 1608 qui
480 1525 558 1588 ciuili
574 1525 791 1606 impedimento
804 1529 991 1608 detinentur,
1006 1533 1078 1593 cirm

3 1677 4 1680 ,
98 1617 278 1696 hujusmodi
305 1615 496 1678 matrimonia
526 1615 681 1677 effectibus
707 1617 869 1696 civilibus,
893 1637 963 1681 cnm
986 1621 1079 1702 prolis

100 1705 174 1768 indo
188 1706 348 1768 nascitura
361 1705 561 1782 detrimento,
576 1704 774 1784 privarentur.

143 1797 234 1857 4186.
257 1794 361 1867 Quoad
384 1800 486 1856 autem
511 1791 727 1874 impedimenta
748 1793 787 1855 ab
807 1795 940 1858 Ecclesia
958 1802 1076 1871 statuta,

100 1889 175 1945 nota
189 1883 288 1964 qnbd,
313 1889 421 1964 praeter
444 1881 556 1964 peccati
574 1881 671 1962 grauis
693 1891 824 1962 reatum,
844 1903 934 1966 poena
960 1903 1079 1949 excom·

100 1973 328 2049 municationis,
348 1989 386 2033 ex
412 1970 534 2033 decreto
561 1968 684 2031 Concilii
708 1972 860 2036 Generalis
880 1975 1077 2054 Viennensis,

101 2061 275 2123 incurratur
289 2062 354 2142 ipso
368 2060 445 2122 lacto
458 2059 496 2120 ab
511 2059 547 2120 iis
560 2059 611 2139 qui
630 2060 787 2122 «scienter
801 2063 831 2123 in
848 2063 990 2145 gradibus
1003 2083 1077 2127 con-

2 2203 3 2230 ,
101 2171 120 2208 n
144 2149 363 2231 sanguinitatis,
374 2155 426 2212 aut
439 2147 824 2224 allinitatis,constitutione
833 2155 1075 2218 canonicdinter·

100 2259 119 2297 n
142 2238 250 2313 dictis,
266 2247 316 2300 ant
337 2255 408 2300 cum
423 2236 605 2298 monialibus
625 2240 799 2302 contrahere
819 2245 1073 2306 matrimonialiter

100 2349 117 2387 u
143 2345 207 2389 non
229 2335 389 2397 serentur:
414 2343 553 2388 necnon
577 2327 594 2387 a
619 2327 762 2406 religiosis
785 2339 813 2392 et
838 2333 1019 2395 monialibus
1040 2353 1075 2396 ac

107 2413 269 2475 soterinis
295 2413 327 2476 in
348 2414 440 2476 sacris
467 2415 624 2478 ordinibus
653 2421 823 2482 constitutis
847 2423 1075 2484 matrimonium

107 2523 123 2562 n
148 2502 406 2566 contrahentibus.
428 2523 443 2563 n
463 2503 537 2566 Vide
551 2507 695 2582 Garribre,
715 2507 935 2590 Compendium,
954 2523 985 2570 n·
1003 2515 1073 2572 266.

108 2590 234 2652 Sublata
247 2599 292 2652 est
305 2609 393 2672 poena
417 2593 524 2654 saltem
538 2596 634 2674 quoad
647 2597 804 2658 saeculares
822 2597 853 2657 C.
867 2598 966 2676 apost.
979 2597 1073 2660 Sedis.

148 2680 350 2760 Loquendum
368 2679 455 2744 nubis
467 2688 512 2744 est
531 2701 612 2745 nnnc
628 2683 663 2743 de
678 2685 902 2764 impedimentis
915 2685 945 2744 in
961 2685 1072 2762 specie,

107 2787 178 2850 qum
194 2769 323 2849 duplicis
337 2771 558 2852 sampsonis,
579 2790 688 2852 nempe
704 2799 710 2834 ι
727 2776 760 2835 l⁰
774 2772 948 2852 simpliciter
966 2770 1076 2852 protri-

106 2857 232 2930 taurim
265 2857 515 2932 uaticinantem
539 2861 650 2923 deindo
673 2866 706 2924 3·
732 2861 861 2925 breviter
884 2879 1074 2944 exponemus

108 2963 251 3028 quaenam
271 2948 331 3010 sint
346 2949 561 3030 impedimenta
574 2953 590 3012 a
606 2951 715 3014 Codice
728 2960 831 3015 nostro
844 2953 923 3016 civili
942 2957 1073 3028 statuta3

110 3038 142 3097 l·
154 3037 276 3100 undem
287 3037 325 3100 dc
336 3037 560 3108 dispensatione
570 3040 856 3120 impedimentorum
866 3043 1070 3108 tractabimus.

554 3153 622 3236 sn.

369 3261 413 3326 De
431 3261 650 3326 [medicantis
663 3267 695 3328 in
707 3267 810 3342 specte

476 3375 654 3440 curarunt
677 3379 700 3442 l.

313 3494 351 3542 os
370 3497 578 3545 rurrorusnrts
598 3499 841 3550 rnourarnrmns.

139 3593 233 3658 utar.
255 3595 390 3669 Quatuor
414 3610 630 3664 enumerantur
651 3601 868 3685 impedimenta
891 3599 1068 3726 simpliciter

584 3695 586 3700 ,
977 3698 1011 3760 8·
