2462 3972
207 227 264 290 'tt8
424 245 564 296 ueuutm
584 249 686 298 ronus
706 251 788 297 suuis
810 251 958 300 canonici.

246 347 336 407 5399.
360 345 415 407 lus
437 350 539 408 autem
568 349 744 428 patronatus
772 347 930 431 multiplici
953 349 1043 412 modo
1065 349 1173 432 acquiri
1212 355 1213 420 l

206 437 322 515 potest:
340 436 370 493 l·
384 431 571 514 fundatione,
585 437 797 498 constructione
814 443 844 498 et
861 436 1007 499 dotatione
1017 455 1030 512 ;
1048 457 1110 500 non
1131 457 1173 500 uu
1212 479 1213 520 3

206 527 268 584 tem
283 519 391 584 sufficit
404 523 559 586 concessio
573 522 659 586 iundi
672 570 680 602 ,
695 531 748 586 aut
767 526 969 600 constructio,
985 525 1042 588 nisi
1057 526 1172 587 addatur
1212 525 1213 608 j

207 609 298 672 simul
320 617 351 672 et
369 609 497 688 datatim
519 613 544 674 si
565 618 666 675 umen
688 612 791 694 plures
813 614 941 696 inopus
964 613 1173 678 absolvendum
1212 619 1213 654 l

207 703 406 777 concurrant,
423 697 499 762 alius
517 717 628 782 nempe
646 719 746 763 aream
759 747 768 780 ,
783 701 861 764 alius
878 719 1028 783 expensas
1041 701 1082 765 ad
1094 701 1175 764 adifi-

206 786 356 850 cationcm
373 793 407 850 ‘et
424 787 499 850 alius
521 805 688 870 congruam
708 788 810 852 dotem
832 789 1039 868 conferendo,
1060 791 1176 872 singulis

146 887 150 896 ’
208 881 382 957 patronatus
396 875 558 957 acquiritur
572 883 602 938 et
612 875 679 940 ideo
693 877 962 961 quilibetipsorum
977 897 1068 942 suam
1080 877 1174 942 rorem

208 962 245 1024 ad
259 963 404 1026 clericum
418 964 662 1045 presentandum
675 966 885 1047 consequitur:
896 967 937 1028 ita
951 973 984 1030 ut
1001 973 1106 1030 tamen
1118 967 1174 1028 dua

210 1070 299 1114 voces
319 1051 501 1114 deberentur
520 1053 547 1116 ei
570 1056 622 1135 qui
641 1053 771 1117 fundum
792 1053 882 1118 simul
903 1061 933 1117 et
954 1053 1173 1118 aedificationem

120 1165 125 1172 ·
208 1147 380 1222 prostaret,
396 1149 425 1205 ct
443 1159 536 1204 unam
555 1161 661 1204 vocem
681 1143 709 1205 ei
728 1143 780 1226 qui
802 1160 969 1226 congruam
987 1143 1094 1205 dotem
1112 1143 1172 1205 dur·

17 1241 19 1248 '
96 1235 100 1244 '
209 1233 290 1292 taxat
304 1229 516 1312 suppeditaret.
621 1301 623 1306 ,

250 1321 339 1382 5400.
357 1320 388 1381 Si
402 1319 527 1382 ecclesia
540 1319 674 1404 primum
688 1319 849 1402 aedifiau,
864 1318 962 1384 ruina
980 1321 1121 1402 proxima
1135 1321 1174 1395 sit,

209 1413 261 1470 cut
274 1408 356 1489 lapsa
366 1455 373 1486 ‚
385 1415 436 1470 aut
449 1410 473 1470 si
484 1410 549 1489 ejus
563 1409 695 1472 redditus
709 1410 884 1490 defecerint,
893 1414 969 1472 tunc
983 1408 1051 1471 sold
1065 1409 1175 1472 aedifiea

99 1561 103 1566 ,
209 1497 307 1573 tione,
330 1503 383 1558 aut
404 1497 482 1560 dotis
505 1500 716 1562 constitutione
736 1501 786 1579 ius
804 1499 978 1582 patronatus
1001 1499 1174 1580 acquiritur,

212 1587 283 1646 oirm
308 1583 355 1646 hae
383 1585 573 1648 liberalitates
605 1588 844 1669 a=quiparenrur3
865 1605 989 1668 aequum
1013 1594 1116 1650 tamen
1131 1591 1175 1648 erit

210 1681 341 1735 veterem
351 1681 512 1754 patronum
528 1675 609 1736 adire
624 1693 661 1738 nn
677 1677 741 1757 lpse
754 1675 840 1738 malit
853 1676 962 1737 iterum
975 1675 1127 1738 aedificare
1138 1677 1174 1734 rel

211 1762 337 1824 dotare:
358 1763 483 1845 quodsi
506 1772 613 1826 renuat
635 1771 665 1825 et
686 1765 848 1828 necessitas
868 1769 996 1845 urgeat,
1021 1764 1175 1847 Episcopus

155 1869 161 1878 ·
211 1857 308 1932 potest
325 1853 549 1934 iuspatronatris
568 1851 651 1914 alteri
671 1853 822 1931 tribuere,
839 1871 902 1914 non
916 1851 1068 1932 privando
1088 1859 1174 1914 umen

211 1959 267 2002 suo
275 1941 342 2020 jure
357 1941 442 2002 illum
452 1941 504 2023 qui
516 1942 649 2022 primum
660 1942 839 2023 praestiterat
851 1939 982 2004 fundum
992 1941 1173 2006 eteoclcsiaru

180 2105 188 2118 ⁸
212 2027 418 2101 edificaverat.
1130 2097 1136 2110 ,

251 2119 319 2179 Νου
341 2119 449 2180 sufficit
467 2123 569 2182 autem
586 2137 698 2202 augere
715 2119 817 2183 dotem
832 2119 897 2200 jam
917 2118 1114 2185 sufficientem
1129 2129 1170 2181 aut

212 2205 349 2270 conferre
375 2207 487 2290 aliquid
514 2207 553 2271 ad
590 2215 804 2272 ornamentum
832 2215 867 2272 ut
897 2210 1120 2292 juspatronatus
1138 2209 1167 2268 sit
1212 2211 1213 2278 l

212 2293 359 2358 debitum.
1212 2291 1213 2366 l

252 2387 343 2448 5401.
359 2386 481 2458 Quaerit.
501 2389 549 2450 An
563 2385 601 2450 ad
614 2385 812 2450 obtinendum
823 2387 1125 2470 insputronatusopus
1134 2383 1168 2446 sit

216 2479 246 2536 ut
261 2472 399 2537 fundator
409 2475 465 2537 sibi
478 2476 537 2538 tale
543 2477 594 2558 jus
608 2475 795 2558 stipuletur?

254 2565 344 2646 Resp.
356 2564 386 2626 Si
397 2571 502 2646 agatur
513 2564 551 2626 dc
561 2564 785 2627 Gatbcdralibus
794 2571 823 2626 et
832 2563 1004 2646 Collegiutis
1018 2583 1082 2628 nou
1091 2563 1174 2626 solim

95 2675 101 2686 ·
216 2653 382 2735 requiritur
395 2651 567 2731 hujusmodi
582 2653 740 2716 reservatio
754 2701 762 2730 ,
778 2652 830 2714 sed
840 2653 939 2716 etiam
955 2670 1081 2718 necesse
1097 2663 1139 2716 ast
1150 2659 1178 2714 ut

216 2741 281 2823 ipsu
294 2740 475 2826 approbetur
489 2743 670 2804 Auctoritate
685 2741 869 2823 Apostolict3
886 2743 910 2804 si
925 2744 997 2806 rard
1011 2743 1050 2806 sit
1064 2745 1178 2826 questio

216 2831 254 2892 de
272 2831 405 2893 ecclesiis
423 2829 631 2905 inferioribus,
647 2830 772 2892 minime
791 2831 953 2912 requiritur
972 2838 1007 2894 ut
1029 2833 1179 2895 reservatio

216 2921 394 3000 stipuletur,
410 2919 517 2981 sufficit
532 2919 613 3001 quod
628 2919 803 2980 ordinarius
816 2919 1025 2982 fundationem
1045 2927 1098 2983 aut
1110 2920 1180 2982 dota

217 3007 330 3069 tionem
350 3014 499 3089 acceptet,
521 3008 577 3069 nisi
598 3005 738 3070 fundator
757 3014 809 3069 aut
825 3007 932 3070 dotans
949 3009 1180 3091 juripatronatus

217 3097 356 3177 expresse
369 3103 421 3158 aut
433 3095 520 3160 tacite
534 3096 743 3159 renuntiasset.

257 3188 347 3248 droa.
370 3219 406 3232 -
430 3189 461 3248 2⁰
486 3185 606 3266 Aequiri
632 3191 727 3266 potest
747 3185 971 3266 juspatrcnatus
993 3185 1178 3267 privilegiet

219 3275 250 3334 S.
266 3273 342 3334 Sede
354 3291 514 3351 concesso,
525 3273 621 3336 ethoc
634 3279 750 3336 nonest
762 3279 868 3335 contra
880 3271 1014 3335 trident.
1031 3275 1121 3354 (sess.
1132 3279 1176 3345 25,

219 3378 246 3420 c.
262 3364 292 3436 9,
314 3359 348 3422 de
367 3361 440 3440 ref.)
459 3360 551 3423 model
574 3361 651 3424 adsit
669 3379 782 3424 causa:
803 3361 970 3444 Episcopus
987 3369 1089 3424 autem
1112 3362 1177 3425 bauo

219 3445 387 3510 facultatem
407 3449 573 3512 concedere
595 3468 657 3512 non
677 3449 754 3514 valet
771 3451 855 3530 juxto
872 3451 905 3514 S.
927 3451 958 3512 G.
981 3449 1076 3514 Conc.
1097 3451 1177 3534 (apud

220 3533 360 3610 Leuren.,
377 3536 393 3596 u
409 3533 496 3595 Gard.
517 3537 619 3616 Soglia
637 3539 772 3619 citatum)
790 3539 841 3602 ubi
859 3539 990 3602 dicituro
1009 3541 1178 3622 nluspatro·

220 3637 236 3676 o
259 3621 347 3682 nutus
360 3635 396 3682 es
409 3617 563 3701 privilegio
576 3623 717 3707 Episcopi
733 3643 910 3692 concessum
923 3625 956 3690 in
970 3625 1176 3710 cuiuspaciflct
