2416 3954
186 194 243 256 508
405 211 543 254 nonnam
563 209 664 254 rorros
683 209 764 255 soors
785 209 931 256 canorum.

185 333 199 370 a
224 316 253 371 el
267 309 429 391 requiritur
439 315 473 370 ut
481 327 562 388 aeger
575 308 669 390 possit
691 309 864 371 immediate
877 309 978 374 facere
991 331 1059 395 quae
1068 320 1153 378 antea

186 422 199 460 n
224 399 366 474 faciebat,
382 397 518 478 quamvis
532 397 589 458 hoc
603 397 668 478 ipso
682 396 832 467 lassitudo,
850 399 984 478 cicatrix,
1000 407 1055 464 etc.
1071 423 1151 480 ‚non

184 510 198 546 a
223 487 344 548 obstent
366 487 440 567 quin
463 485 670 568 approbentur
690 486 835 548 miracula
859 487 949 569 primi
980 495 1010 551 et
1031 493 1154 554 secundi

183 599 197 634 o
223 574 355 653 ordinis,
379 575 431 637 ubi
456 575 541 638 nullo
567 574 659 637 modo
682 575 796 637 sanatio
824 573 888 642 lieri
915 583 1013 657 potest
1036 585 1154 642 natura-

183 687 197 722 ι)
224 665 307 740 liter;
330 665 361 726 6⁰
374 665 561 726 sanationem
583 683 645 726 non
668 665 854 743 praecesserit
875 663 956 727 ullus
969 677 1093 730 eventus
1107 671 1155 731 cui

183 777 197 813 n
224 753 397 816 naturaliter
411 753 517 815 ascribi
533 753 628 834 possit
639 753 738 814 subita
753 754 888 830 sanatio,
903 751 1002 834 qualis
1015 763 1092 818 esset
1106 777 1156 820 no

183 865 197 900 a
222 842 487 904 tabilis'evacuatlo
505 842 661 922 sanguinis
674 847 725 903 aut
738 841 923 920 humorum,
939 843 1024 906 crisis
1044 863 1154 926 praece

183 957 197 991 o
223 932 318 1008 dens,
334 937 391 994 cto.
403 951 410 1006 ;
423 933 454 994 '1⁰
468 931 582 992 sanatio
597 930 634 990 sit
647 929 688 991 ita
701 947 885 1010 permanens
898 936 933 992 ut
950 931 1078 994 recidiua
1094 953 1153 995 non

183 1045 197 1078 n
222 1021 359 1084 accidat:
376 1019 505 1082 recidiva
519 1019 639 1100 proprie
661 1017 740 1080 dicta
758 1023 803 1080 est
824 1019 950 1081 morbus
976 1021 1155 1102 contingens

184 1137 197 1171 n
223 1131 260 1174 cu
285 1110 419 1190 reliquiis
441 1108 538 1170 morbi
557 1108 620 1187 jam
643 1107 856 1188 praetergressi.
882 1129 897 1165 a
924 1109 968 1170 Ita
990 1109 1153 1190 Laqueus,

183 1211 216 1262 n⁰
232 1204 300 1276 990,
310 1217 345 1259 ex
362 1197 474 1259 uened.
486 1197 564 1272 xlv,
576 1195 778 1276 DeBaotr'fic.,
796 1195 847 1257 lib.
862 1201 894 1274 ll,
909 1215 938 1260 c.
949 1199 981 1276 8,
997 1202 1068 1274 n⁰2,
1082 1207 1153 1276 etc,

184 1290 233 1350 ubi
249 1288 342 1350 multa
356 1285 413 1347 alia
426 1283 636 1367 expenduntur
656 1283 736 1346 circa
750 1283 965 1348 miraculorum
980 1305 1110 1368 genae,
1126 1289 1154 1350 in

182 1383 243 1438 toto
257 1376 333 1437 libro
352 1379 381 1436 b.

220 1469 310 1528 4875.
321 1463 483 1526 ExConcil.
494 1460 628 1524 Trident.
640 1463 723 1539 (sess.
736 1466 787 1540 25,
797 1461 831 1524 de
840 1463 1026 1525 Inoorutioae
1035 1463 1159 1527 Sancto

184 1559 272 1632 rum),
292 1553 460 1635 Episcopus
473 1549 562 1612 babet
573 1549 622 1628 jus
636 1550 838 1630 cognoscendi
852 1557 882 1612 et
900 1551 1090 1632 approbandi
1105 1555 1159 1614 uri-

183 1645 285 1706 racula
303 1661 309 1702 :
335 1640 446 1702 «Nulla
458 1638 547 1700 etiam
555 1637 738 1700 admittenda
749 1658 814 1700 esse
823 1639 980 1717 miracula,
994 1659 1051 1702 nco
1064 1659 1160 1704 novas

183 1757 197 1793 a
224 1731 366 1814 reliquias
374 1726 570 1810 recipiendae,
580 1727 637 1787 nisi
647 1727 755 1789 eodem
765 1735 1000 1809 recognoscente
1011 1735 1162 1812 ctappro

182 1846 196 1881 »
222 1822 311 1883 bante
321 1820 503 1900 Episcopo.»
515 1815 584 1892 Sed,
596 1833 632 1876 ex
642 1815 749 1878 codem
757 1815 900 1888 Concilio,
913 1817 1069 1879 asimulac
1079 1818 1162 1882 dalis

182 1935 196 1970 o
221 1909 334 1989 aliquid
348 1913 537 1986 compertum
551 1903 697 1980 babuerit,
709 1903 852 1967 aattaius
866 1904 899 1966 in
912 1905 1069 1967 comitiam
1083 1908 1163 1970 aluo

182 2021 196 2056 n
221 1998 308 2076 topia,
325 2001 354 2056 et
368 1994 434 2054 aliis
448 1994 504 2074 pits
519 1993 605 2070 viris,
622 2010 657 2054 aa
671 1991 759 2054 saciat
776 2012 845 2074 quae
860 1994 976 2056 veritati
1001 2002 1032 2057 ct
1052 1997 1161 2076 pietati

181 2108 195 2143 o
221 2089 423 2146 consentanea
443 2080 631 2160 judicaverit.
649 2103 664 2140 a
681 2083 747 2143 lmb
767 2083 792 2144 si
814 2088 920 2164 agatur
941 2081 982 2145 dc
1002 2083 1163 2162 miraculis

181 2172 304 2234 rtondlun
321 2169 565 2233 Cononizutorum
579 2177 632 2230 out
646 2171 911 2252 Beotificotorum,
926 2170 1018 2234 debet
1032 2174 1163 2254 Episco-

181 2281 255 2344 pus,
265 2262 347 2342 juxta
363 2258 487 2319 Constit.
504 2257 618 2320 Urbani
628 2261 694 2321 Vlll
704 2259 928 2332 Sanctissimae,
945 2265 1164 2341 antequamea

181 2351 312 2432 divulget
328 2357 378 2412 ant
397 2347 544 2427 divulgari
567 2348 738 2428 permittat,
761 2354 858 2410 totum
879 2349 1036 2429 negotium
1058 2349 1103 2412 ad
1129 2355 1161 2414 S.

182 2444 290 2504 Sedem
304 2437 523 2511 transmittere,
541 2435 672 2517 indeque
685 2454 866 2517 responsum
880 2444 1060 2517 expectare:
1076 2441 1165 2522 quod

182 2541 273 2594 elram
285 2535 429 2592 consonat
449 2525 536 2588 dietis
550 2525 662 2586 Concil.
678 2524 827 2602 Trident,
845 2525 876 2586 in
893 2524 955 2588 line
968 2525 1091 2608 praeiati
1116 2549 1166 2592 ca

182 2623 260 2703 pitis.
278 2618 363 2679 Videt
375 2614 542 2690 lleillcnst.,
555 2613 606 2673 lib.
618 2617 648 2690 3,
664 2614 709 2674 tit.
725 2619 777 2690 45,
790 2599 827 2675 n⁰⁴
836 2619 888 2676 te.

622 2821 641 2902 a
661 2823 710 2886 nr.

365 2977 520 3058 Hesperie
541 2973 635 3038 cultata
655 2973 775 3037 Sanctia
794 2972 967 3038 exhibendi:

221 3151 309 3213 tss'lss.
326 3179 365 3193 —
379 3149 411 3207 l⁰
433 3147 602 3225 Antequam
629 3141 835 3223 expendamus
848 3140 977 3222 qualiter
990 3143 1164 3206 venerandi

181 3240 241 3300 sint
250 3235 349 3298 Sancti
364 3239 394 3294 et
405 3231 508 3307 Beati,
526 3230 712 3312 explicandae
726 3234 798 3292 sunt
811 3226 952 3310 quaedam
969 3228 1166 3294 denomina-

181 3325 278 3385 tiones
292 3321 432 3384 adbibitae
454 3320 613 3382 occasione
626 3337 733 3382 eorum
747 3315 980 3380 Beatitcaoonts
992 3325 1049 3380 aut
1059 3321 1166 3383 Cano

182 3410 357 3486 nicationis;
373 3415 517 3470 vocantur
530 3408 613 3469 enim
627 3407 715 3471 Serui
727 3405 800 3482 Det,
826 3403 1027 3486 venerantes,
1047 3409 1148 3473 Beati
1154 3457 1163 3479 ,

181 3497 296 3558 Sancti.
319 3497 412 3560 Porro
428 3495 517 3556 Serui
527 3493 586 3556 Dei
598 3495 742 3558 dicuntur
755 3495 798 3558 illi
818 3493 870 3577 qui
888 3495 1070 3559 moriuntur
1090 3501 1165 3561 cbm

182 3583 260 3645 lama
281 3583 443 3647 sanctitatis
463 3603 473 3657 3
502 3580 684 3644 Venerabiles
705 3591 806 3646 autem
830 3593 1051 3664 nuncupantur
1077 3587 1163 3651 Serui
