2498 3966
677 191 783 220 ’'s-‚V

194 229 250 292 730
408 243 543 292 ussurus
563 244 664 292 rorrus
683 245 766 293 rums
786 244 936 294 assamur.

192 361 297 406 eorum
311 343 347 406 sit
363 343 461 426 potius
474 342 658 425 pauperibus
676 341 918 426 dependendum
930 341 1023 418 dudm
1039 341 1071 404 in
1082 341 1153 406 ulios

213 431 364 496 iosusus‘i

191 452 211 516 p
232 523 321 603 Resp.
338 521 393 584 Vel
410 525 482 584 sunt
502 537 651 602 pauperes
672 519 704 583 in
718 521 801 603 gravi
814 519 989 584 necessitate
1002 519 1155 602 tampcrdr

192 611 362 685 constituti,
376 609 423 674 rel
443 627 525 686 non3
542 608 567 671 si
581 609 683 690 priris,
707 608 886 692 praeferendi
903 615 974 672 sunt
994 608 1064 672 dicti
1084 627 1155 690 psu-

192 716 292 780 peres,
307 700 380 780 quia
400 703 475 761 tune
493 703 581 780 urget
599 705 784 780 pracceptum
808 698 942 762 naturate
961 697 1109 760 charitatis
1122 716 1156 759 ex

192 805 253 867 quo
267 789 319 868 qui
333 787 423 850 habet
435 787 514 850 bona
528 786 680 868 superflua
693 788 780 850 statui
795 793 913 850 tenetur
919 786 977 850 sub
990 787 1071 868 gravi
1083 803 1157 868 peu-

194 877 315 956 peribus
337 877 369 939 in
384 875 464 958 gravi
480 877 655 938 necessitate
675 876 844 938 constitutis
861 875 1030 939 subvenire.
1052 875 1156 954 Huius

195 965 274 1026 modi
290 973 389 1028 autem
404 982 551 1047 pauperes
572 965 725 1046 inquirere
737 971 879 1026 tenentur
891 971 1044 1046 pastores,
1059 963 1156 1046 quates

195 1059 264 1114 sunt
277 1053 416 1136 Episcopi
431 1060 461 1114 et
473 1052 613 1134 parochi,
630 1059 807 1116 nontamen
822 1051 1004 1114 beneficiarii
1019 1070 1079 1114 non
1094 1070 1156 1134 pas

195 1146 284 1204 tores.
301 1143 331 1204 Si
346 1143 493 1224 posterius
504 1189 512 1219 ,
522 1141 709 1224 superfluum
724 1145 822 1223 potest
834 1141 951 1224 erogari
966 1141 1028 1203 sive
1043 1142 1073 1204 in
1087 1159 1155 1222 pau·

195 1247 300 1311 peres,
316 1231 377 1293 sive
400 1231 430 1292 in
450 1230 523 1292 alios
543 1229 610 1310 pios
634 1247 707 1292 usus
725 1249 781 1312 pro
804 1229 946 1305 arbitrio,
970 1231 1041 1292 cum
1064 1230 1155 1293 sotirrrr

195 1318 388 1382 veteturiiiud
402 1317 548 1401 dissipari.
562 1316 637 1380 Vide
650 1319 764 1382 Condit.
780 1318 914 1382 Trident.
926 1319 1011 1398 (sess.
1026 1323 1077 1398 25,
1091 1337 1118 1382 c.
1131 1324 1155 1398 t,

194 1406 229 1468 de
242 1407 386 1488 reform).

234 1499 323 1557 5438.
336 1497 465 1568 Quinam
479 1497 550 1560 vero
563 1496 683 1559 veniant
696 1497 820 1560 nomine
833 1513 1003 1582 pauperum
1015 1499 1067 1561 i...
1085 1500 1158 1560 «ie

195 1606 211 1644 r
236 1585 375 1662 niunt...,
399 1585 498 1667 inquit
511 1589 543 1649 S.
558 1587 679 1666 Liguor.
696 1585 758 1666 (lib.
784 1590 823 1664 3,
847 1595 880 1648 n⁰
896 1591 950 1650 i9t
966 1634 975 1665 ,
1000 1607 1032 1669 q.
1047 1591 1087 1667 2),
1102 1605 1157 1649 nou

195 1696 209 1733 n
235 1675 333 1736 solum
357 1674 488 1736 ostiatim
516 1675 743 1736 mendicantes.
760 1673 823 1738 ,sed
846 1675 936 1736 etiam
960 1676 980 1737 ii
1004 1677 1055 1758 qni
1082 1677 1158 1738 aliter

196 1785 210 1822 c
235 1768 389 1844 nequeunt
402 1781 493 1826 suum
507 1770 616 1825 statum
636 1781 832 1840 conservare;
854 1765 981 1825 renium
994 1765 1083 1827 etiam
1096 1783 1156 1828 ron·

196 1875 210 1910 u
235 1851 412 1933 sanguinei,
427 1852 450 1913 si
465 1853 534 1914 vere
546 1870 693 1934 pauperes
706 1852 775 1929 sint,
791 1853 832 1913 ita
845 1859 878 1914 nt
888 1851 962 1914 alias
977 1871 1039 1916 non
1054 1855 1157 1936 possint
1226 1871 1227 1965 p

195 1963 210 2000 c
237 1942 393 2022 proprium
407 1945 516 2002 statum
535 1942 733 2004 sustinere...:
750 1947 830 2022 patet
846 1959 885 2003 ex
902 1941 1154 2005 donatiuum

195 2051 210 2088 o
236 2034 319 2104 (sess.
336 2033 392 2106 25,
408 2048 436 2092 c.
454 2034 467 2091 t
481 2077 489 2107 ,
503 2028 538 2092 de
552 2030 688 2110 reform.)
703 2029 753 2092 ubi
770 2029 957 2092 interdicitur
970 2030 1157 2096 beneficiariis

195 2140 211 2176 n
235 2137 270 2177 ne
283 2137 321 2180 ec
333 2117 497 2180 reddr'tr'bro
509 2117 710 2181 ecelesiasticis
729 2119 951 2200 consunpur'neor
969 2119 1156 2200 familiarem
1225 2171 1226 2184 .

196 2206 668 2288 csuosaugcrestudeant..;sed
679 2207 702 2270 si
712 2225 857 2289 pauperes
866 2208 938 2284 sint,
947 2208 985 2270 iis
994 2207 1154 2291 utpauper'r
1225 2199 1226 2217 ¹

196 2317 211 2354 a
237 2294 293 2356 bus
305 2294 536 2372 distribuant...,
551 2293 607 2358 hos
619 2302 722 2358 autem
740 2295 986 2376 consanguineos
1004 2297 1148 2378 indigentes

196 2405 212 2444 n
236 2389 332 2465 potest
345 2382 472 2446 clericus
489 2383 631 2465 praeforre
644 2384 710 2447 aliis
723 2385 927 2466 pauperibus,
945 2385 1039 2447 etiam
1051 2385 1147 2466 gradus
1224 2407 1225 2471 t

196 2495 212 2533 r
237 2473 444 2553 egentibus...:
460 2474 568 2554 quia...
584 2472 740 2536 subventio
754 2473 998 2555 propinquorum
1019 2473 1156 2556 egendum

197 2584 212 2620 n
237 2561 365 2641 pertinet
380 2561 470 2622 etiam
486 2560 524 2623 ad
542 2561 698 2643 proprium
717 2567 825 2623 statum
844 2561 945 2624 cleriei
965 2562 1159 2641 servandum,
1223 2635 1224 2640 γ

197 2673 212 2710 n
237 2653 309 2712 cirm
329 2651 449 2712 iliorum
462 2657 622 2732 paupertas
642 2650 674 2710 in
698 2649 791 2731 ipsius
813 2649 946 2712 dedecus
968 2651 1163 2714 redundet...
1223 2645 1224 2723 i

197 2761 210 2799 ι
240 2740 403 2801 Advertunt
416 2739 588 2820 Laymann,
603 2739 788 2820 ttoncagi...,
809 2739 918 2802 Viva...
938 2738 1024 2821 qudd
1037 2741 1063 2802 si
1077 2740 1166 2804 bene·

198 2851 213 2888 a
238 2827 367 2890 riciarius
382 2834 491 2889 statum
505 2845 596 2889 suum
613 2833 708 2890 mutet
728 2845 765 2889 err
778 2829 985 2910 assumptione
1003 2827 1044 2890 sd
1061 2827 1167 2892 beneti-
1222 2865 1223 2872 κ

198 2941 213 2976 n
238 2919 337 2995 rium,
354 2925 426 2980 tuno
439 2923 535 2998 potest
549 2915 708 2979 subvenire
719 2917 973 2997 consanguineis,
988 2917 1096 2980 saltem
1107 2938 1168 3001 pro

198 3005 435 3085 oximioribus,
465 3009 500 3067 ut
522 3005 578 3086 ipsi
615 3005 840 3087 quodammodo
873 3005 1017 3068 decenter
1050 3007 1167 3084 vivant,

197 3117 213 3154 r
239 3096 417 3174 iuxtasuam
431 3093 618 3175 dignitatem.
635 3093 1166 3177 Hoetamenrecteaitflcncagiia...

197 3203 213 3241 a
239 3180 398 3262 procedere
410 3200 466 3264 pro
479 3182 635 3266 Episcopis
644 3188 698 3244 aut
707 3184 868 3266 assumptis
876 3182 915 3245 ad
928 3181 1061 3246 similem
1071 3185 1168 3267 Digni·

197 3291 212 3328 s
238 3275 344 3346 tatem,
360 3285 421 3331 non
433 3271 504 3332 rerd
518 3289 574 3354 pro
588 3271 735 3354 parochis
753 3295 768 3330 s
1220 3325 1221 3328 ,

238 3357 326 3418 5439.
349 3357 416 3416 Non
437 3355 556 3420 videtur
574 3377 640 3421 esse
658 3357 802 3441 obligatio
822 3358 1000 3443 praeferendi
1024 3377 1168 3444 pauperes

197 3441 271 3517 loci,
286 3439 358 3521 quia
377 3459 510 3505 canones
523 3448 602 3528 (cap.
618 3447 772 3511 Sensimus
785 3451 837 3528 at,
852 3467 944 3514 causa
957 3453 1013 3525 12,
1034 3467 1066 3530 q.
1081 3453 1114 3530 3)
1127 3452 1167 3513 in-

196 3527 335 3590 distincte
344 3529 569 3609 eieemcsynam
581 3537 764 3618 praecipiunt
777 3537 842 3602 tieri
856 3537 918 3602 siva
930 3537 963 3600 in
974 3537 1056 3601 cives
1068 3539 1165 3602 sivein
1219 3553 1220 3568 ¹

198 3621 337 3676 exteros:
353 3615 461 3695 excipit
473 3617 545 3680 uor.
561 3619 676 3686 siaiiud
687 3626 787 3708 exiget
800 3625 915 3690 bouum
926 3627 1166 3692 communedire
