2462 3972
167 191 227 256 tu
385 206 524 254 uernam
543 203 644 254 nonus
664 205 746 254 runis
767 204 914 254 canonici.

167 331 182 370 o
207 305 331 370 nomina
354 304 519 387 generatim
542 309 683 385 sumpto,
704 303 776 366 urim
798 301 946 366 beneficia
964 301 1127 385 simpliciter
1180 329 1181 332 ¹

167 417 183 456 u
207 413 270 458 non
284 399 371 474 sunt,
386 391 439 455 sed
451 391 553 475 apicas
565 392 762 475 Dignitatum.
778 413 795 452 o
811 389 931 454 cardin.
955 390 1055 473 Sogiia
1068 391 1126 472 (it,

208 584 296 646 5386.
309 615 348 627 -
361 579 393 643 3⁰
405 580 442 644 Iu
453 579 638 664 parochialia
658 586 689 640 et
700 587 806 640 curato
819 599 831 642 .·
849 602 865 639 a
878 579 1063 644 Paroohiaiia
1073 629 1081 660 ,
1093 581 1133 646 in·

168 694 184 732 a
208 671 273 752 quit
283 669 364 732 idem
378 667 465 732 card.
482 668 581 750 Soglia
595 667 673 747 (ic),
686 667 829 732 dicuntur
842 667 953 750 quibus
971 671 1133 734 animarum
1187 697 1190 706 ¹

170 783 185 820 u
209 777 282 824 auro
301 774 373 820 cum
392 755 599 840 jurisdictione
616 757 648 819 in
667 755 735 820 iuro
757 756 893 834 interno,
917 759 1038 840 aliaque
1052 779 1134 842 paro

169 845 315 910 achialia
338 847 407 927 jura
433 845 550 908 adnexa
571 851 665 922 sunt;
690 851 793 908 curata
814 853 916 908 autern
942 865 1013 928 quae
1039 867 1133 912 curan·
1191 928 1192 931 Ἴ

169 960 185 998 u
210 935 334 1020 quidem
348 935 520 998 animarum
537 933 648 996 haloent
667 941 698 998 et
714 931 956 1014 iurisdictionem
971 938 1004 1000 in
1019 935 1084 1000 iuro
1096 939 1134 1000 in-

62 1051 65 1058 *
169 1047 186 1086 a
210 1033 316 1104 terno,
332 1041 394 1087 non
408 1031 510 1086 tamen
521 1021 646 1104 reliquis
655 1021 875 1104 parochialibus
885 1023 1008 1102 juribus
1020 1025 1136 1106 predita

58 1151 63 1156 -
129 1169 133 1176 .
169 1139 193 1175 u
212 1121 297 1190 sunt,
313 1119 342 1176 et
354 1111 519 1196 prasertim
535 1112 603 1191 jure
617 1109 773 1192 assistendi
788 1111 1005 1189 matrimoniis,
1021 1123 1053 1177 et
1066 1113 1138 1197 Bap

69 1225 78 1236 ·
150 1205 187 1263 'u
211 1197 579 1268 tismatis'administrandi
593 1203 707 1262 carent.
724 1221 736 1258 u
756 1197 842 1262 Tales
856 1207 1038 1282 reputantur
1051 1203 1139 1268 eoric-

173 1293 225 1354 aiae
238 1290 347 1375 filiales
359 1289 525 1372 appellate.

214 1391 302 1454 5387.
314 1423 355 1438 —
365 1395 398 1452 4⁰
408 1393 441 1452 In
455 1387 586 1471 duplicia
600 1393 631 1452 et
642 1379 792 1470 simplicio
804 1407 815 1450 .·
828 1389 991 1470 «Duplicia
1004 1399 1141 1456 vocantur
1208 1393 1210 1448 t

174 1504 189 1540 u
214 1499 282 1562 qum
293 1477 544 1559 iurisdictionem,
561 1477 809 1560 praecedentiam,
829 1479 892 1540 sire
913 1476 1141 1543 administratio
1210 1477 1212 1560 ζ

175 1566 458 1650 »nemquamdam
468 1565 640 1647 adjunctam
649 1565 770 1638 habent,
780 1565 878 1647 qualia
888 1575 962 1630 sunt
970 1569 1141 1650 Dignitates,
1212 1598 1213 1612 κ

175 1679 190 1716 n
214 1657 433 1720 Personatuset
443 1655 578 1732 cffioia¹3
592 1661 697 1718 contra
709 1661 811 1717 autem
824 1655 973 1737 simplicia
986 1666 1076 1736 sunt,
1086 1659 1144 1742 qui-
1213 1658 1215 1738 ζ

176 1771 191 1806 a
216 1747 272 1809 bus
291 1743 348 1810 nec
365 1763 438 1808 cura
452 1744 640 1822 animarum,
656 1761 712 1806 nec
730 1743 791 1806 ulia
807 1743 992 1823 jurisdictio,
1008 1756 1063 1811 aut
1075 1767 1143 1830 pra
1215 1778 1216 1790 κ

177 1859 192 1896 o
217 1835 373 1912 cedentia,
387 1833 432 1898 vei
453 1831 671 1898 administratio
691 1829 847 1895 incumbit.
864 1833 1029 1898 Beneficiis
1042 1837 1144 1918 simpli
1216 1838 1218 1910 ζ

178 1949 192 1986 o
217 1925 302 1989 cibus
323 1921 500 1988 accensendi
527 1927 598 1985 sunt
622 1917 842 1984 cathedralium
868 1929 898 1985 ct
920 1923 1144 2005 Collegiatarum
1218 1958 1219 1978 κ

179 2038 193 2073 »
218 2014 431 2087 canonicatus,
447 2010 514 2074 iicet
527 2009 737 2086 canonicatus,
750 2011 915 2092 praesertim
929 2011 1144 2078 cnthedraiium

179 2125 194 2162 u
218 2104 302 2184 quasi
326 2099 525 2182 Dignitatibus
544 2097 708 2176 accedant,
732 2106 822 2181 atque
840 2099 880 2162 ita
897 2100 1015 2182 vulgari
1031 2105 1143 2166 nominc

179 2213 195 2251 o
220 2190 435 2254 beneficiorum
449 2187 633 2272 simplicium
651 2187 681 2249 in
697 2185 809 2250 odiosis
820 2207 883 2251 non
897 2191 1138 2254 contineantur.»

181 2280 298 2362 Sogtia,
315 2277 654 2340 ibicieun-Videctiam
668 2275 699 2340 S.
716 2275 837 2358 Liguor.
852 2277 916 2355 (tib.
927 2283 946 2340 4
959 2327 968 2357 ,
983 2279 1055 2362 δή).

221 2375 395 2440 assa-5⁰
416 2371 451 2436 In
472 2369 674 2454 computibiiiu
692 2379 721 2432 ct
737 2371 983 2455 incompatibilia,
1009 2383 1093 2458 prout
1111 2376 1139 2438 iu

182 2465 288 2530 eadem
301 2463 430 2546 persora
442 2461 585 2544 conjungi
597 2468 722 2544 possunt
735 2461 781 2524 vei
796 2468 962 2541 nequeunt.
979 2464 1147 2542 Inrumpun-

185 2553 257 2616 titia
270 2571 335 2616 esse
348 2557 473 2634 possunt
491 2551 537 2614 vei
551 2551 666 2614 ratione
679 2549 866 2632 prebende,
887 2551 912 2612 si
932 2569 1048 2634 nempe
1062 2553 1148 2616 reddo

184 2649 232 2707 tus
246 2643 335 2706 unius
347 2639 485 2704 beneficii
496 2637 534 2702 ad
543 2657 709 2720 congruam
719 2637 1153 2706 beneficiariisustcntationem

185 2731 350 2808 suflioiant;
360 2729 534 2793 autratione
548 2727 656 2806 officii,
671 2731 696 2792 si
710 2745 836 2790 munera
849 2729 1007 2810 utriusque
1018 2729 1157 2796 &natiuit

185 2822 224 2884 ab
236 2839 299 2886 uno
309 2826 339 2883 et
348 2817 575 2900 eodemexpieri
589 2818 645 2880 rite
658 2823 819 2898 nequeant.
828 2815 915 2880 card.
926 2818 1030 2900 Soglia
1043 2821 1157 2900 (tuidi

226 2923 405 2984 oasa-6⁰
419 2919 453 2980 ln
463 2916 583 2980 electiva
600 2935 670 2999 quae
689 2935 743 3000 per
759 2916 935 2981 eiectionem
950 2927 982 2980 et
994 2923 1161 3004 superioris

187 3009 447 3074 confirmationem
470 3006 663 3083 obtinentur,
682 3014 853 3089 patronatu,
875 3026 944 3088 qua
963 3027 1019 3089 per
1041 3013 1161 3091 paa'oni

189 3093 448 3179 presentationem
483 3101 535 3160 aut
560 3095 798 3158 nominationem
822 3099 852 3158 et
877 3096 1017 3179 Episcopi
1047 3097 1164 3162 institu-

188 3187 322 3260 tionem;
341 3183 480 3246 collativo
505 3203 560 3250 seu
574 3183 667 3247 libero
687 3203 755 3267 quae
775 3203 830 3267 per
850 3183 976 3248 liberam
990 3187 1164 3268 Superioris

191 3273 380 3336 collationem
407 3273 472 3335 sinc
492 3275 601 3354 praevic
617 3273 764 3336 electione
781 3280 833 3337 au
857 3273 979 3337 alterius
996 3285 1164 3356 praesenta-

191 3359 486 3422 tioneoonieruntur.
502 3361 589 3424 card.
601 3361 699 3443 Soglia
713 3363 851 3445 (ibidem).

194 3527 309 3660 duppin
325 3527 376 3580 atat
387 3526 538 3591 uranium.
550 3531 699 3585 ramentas
710 3539 735 3584 u
746 3532 847 3594 aaa.
860 3533 917 3586 vta·
926 3535 1077 3600 antarta·
1090 3553 1168 3606 mar·
