2416 3954
183 218 241 281 355
401 231 538 277 uincam
559 231 660 276 rorans
679 231 761 275 rums
782 230 930 274 annosior.

183 333 248 396 haue
263 349 340 400 nova
359 328 530 389 informatio
548 328 711 409 requiritur
724 313 785 388 sub
800 329 892 406 poend
907 325 1060 387 nuditatis.
1079 324 1141 387 Vide

186 418 396 501 Compendiuin
419 417 574 494 (turriam,
591 425 624 477 n·
638 419 715 492 257,
732 415 784 496 qui
799 413 880 476 addit
894 413 976 495 quod
989 414 1029 477 de
1041 413 1142 476 iactoin
1197 435 1198 462 1

184 507 321 590 pluribus
341 505 521 568 dioecesibus
541 523 618 566 nova
639 523 701 565 non
726 502 777 565 liat
799 501 994 573 informatio:
1010 504 1050 565 ita
1069 504 1143 566 etian

186 597 220 661 Ρ.
237 597 318 675 Gury
331 643 339 670 ‚
354 601 428 656 tom.
445 599 481 673 ἓ,
498 614 527 675 ρ.
547 590 812 673 aro-Quidquid
827 591 865 652 sit
878 609 939 653 non
953 591 1110 673 requiritur
1121 598 1145 652 at

186 683 311 768 juridice
326 683 377 745 liat
397 683 446 744 illa
460 681 651 754 informatio,
668 688 700 744 ut
723 679 918 743 communius
937 682 1073 742 sentiunt
1084 681 1144 746 nn..

185 776 268 854 juxta
281 775 441 854 Loquenti,
458 777 572 835 noant.

227 867 316 924 itai.
334 860 510 941 ttujusmodt
524 869 627 922 autem
646 859 744 921 solent
762 876 828 922 esse
846 859 991 922 etausutae
1005 857 1146 938 descriptis

188 951 419 1014 Poenitcntiariae
435 951 552 1012 insertae
566 969 594 1008 :r
606 951 627 1010 t.
640 947 678 1009 Si
687 948 782 1010 itucst
794 967 805 1008 .·
817 949 848 1010 in
863 967 925 1032 quo
936 947 1012 1010 lides
1027 945 1147 1008 habenda

190 1064 205 1100 r>
229 1047 273 1102 est
288 1040 460 1122 postulanti.
475 1041 529 1100 nisi
546 1047 662 1100 constet
674 1037 894 1120 dcopposito...
907 1036 959 1099 sed
973 1033 1149 1106 hieAdoert.;

191 1153 206 1190 n
231 1135 261 1191 1⁰
275 1129 384 1189 lJrned.
393 1131 455 1190 lilV
467 1130 495 1188 in
508 1129 590 1190 [iulia
601 1127 779 1208 Apostolien,
790 1127 846 1188 sub
855 1126 904 1188 dic
913 1129 954 1190 20
963 1135 1054 1188 mart.
1067 1127 1147 1188 titt.

192 1243 206 1278 a
230 1218 391 1279 declarasse
414 1218 627 1297 expressionem
650 1225 680 1278 ct
703 1216 930 1298 uerifieotr'oncm
951 1233 1104 1277 consonam
1122 1209 1150 1270 ud

192 1331 207 1366 u
231 1304 453 1387 dispensationis
469 1305 598 1366 colorem
609 1313 749 1385 spectare.
763 1305 791 1366 si
803 1311 904 1367 autem
919 1305 1023 1386 sponsi
1034 1303 1106 1366 ialsd
1113 1320 1150 1362 rr·

192 1419 207 1454 u
233 1395 399 1474 posuissent
415 1411 561 1474 pauperes
576 1411 659 1468 esse,
674 1402 703 1454 et
718 1401 876 1475 propterea
889 1392 1074 1474 dispensatio
1092 1409 1149 1452 con·

193 1506 207 1540 c
224 1481 380 1545 cederetur
391 1481 420 1542 in
430 1478 1150 1563 scrrndpcnperam,dispensatioetiamastralida.

193 1594 208 1630 t)
232 1571 273 1633 uti
293 1569 453 1631 (declararit
467 1572 497 1631 S.
514 1571 546 1632 C.
564 1573 655 1633 Cone.
676 1575 786 1652 tisept.
806 1575 894 1634 tota.
910 1571 1045 1632 ›t-Hoc
1068 1574 1151 1630 tarum

194 1660 433 1737 controvertitur,
449 1678 505 1722 nce
520 1659 685 1722 admittitur
699 1661 717 1720 a
731 1659 818 1721 Card.
831 1661 967 1736 Gousset,
983 1661 1016 1720 n⁰
1027 1661 1096 1730 866,
1109 1675 1152 1717 nec

195 1754 210 1811 ri
235 1755 267 1810 n.
284 1747 433 1826 Curridre,
458 1747 628 1830 Compend,
650 1757 682 1808 n⁰
707 1751 785 1824 atu,
808 1753 842 1810 ut
863 1747 1050 1830 probabilius
1071 1747 1152 1808 sulum
1197 1789 1198 1800 t

196 1839 320 1901 liniretur
334 1839 350 1899 a
367 1840 399 1898 P.
417 1841 509 1918 Gury,
522 1856 555 1898 nr
569 1841 680 1898 668.-
692 1837 820 1908 Quinam
835 1845 936 1898 autem
951 1835 1095 1897 censendi
1107 1835 1153 1896 sint

196 1927 366 2008 pauperes?
390 1925 512 1988 Videtur
539 1945 577 1988 ex
599 1926 675 2006 stylo
696 1925 794 1987 Curiae
812 1924 894 2006 qudd
915 1925 990 1986 tales
1017 1925 1077 1987 sint
1099 1943 1154 1986 een-

196 2015 293 2088 sandi,
309 2013 490 2075 nrr'serclilea
507 2013 561 2094 qui
580 2015 713 2075 existunt
733 2013 896 2090 estuare,
912 2021 942 2074 et
956 2012 1102 2075 industnd
1114 2013 1153 2072 suri

197 2102 313 2162 uiuunt:
329 2119 358 2160 rn
373 2103 456 2181 praxi
468 2102 559 2162 tutius
568 2111 612 2163 est
626 2119 776 2182 exponere
785 2121 889 2165 verum
903 2108 1016 2166 statum
1030 2102 1153 2172 fortuna,

197 2189 242 2250 rel
257 2187 395 2249 standum
411 2193 457 2249 est
474 2188 586 2270 regulis
601 2190 639 2250 ab
654 2191 803 2274 Episcopo
816 2191 911 2266 datis,
928 2190 983 2268 it„
999 2196 1035 2254 ιιο
1048 2195 1111 2255 669.
1126 2225 1155 2236 ·-
1196 2200 1197 2203 ’

201 2297 216 2335 u
237 2275 452 2338 advertendum
466 2280 499 2338 2⁰
513 2277 551 2338 ad
569 2277 825 2359 dispensationem
845 2299 936 2362 super
949 2289 1019 2344 roto
1033 2277 1156 2344 castitatis

198 2388 212 2424 s
238 2383 299 2428 non
314 2365 449 2428 sullicerc
464 2365 631 2447 simplicem
654 2369 867 2446 tentationem,
883 2369 936 2432 sed
955 2371 1068 2452 requiri
1081 2369 1154 2430 rehe-

198 2477 213 2514 »
238 2454 622 2533 nientcrnineontincntiae,
647 2457 760 2518 etiamsi
775 2458 941 2538 perieulum
952 2459 989 2521 sit
1008 2461 1097 2522 unius
1110 2457 1156 2536 lap

199 2567 213 2604 n
231 2543 1157 2629 sus...ll.Audr'trlpriussacramentnlr'consessione..:necesseest

199 2657 214 2694 n
240 2635 333 2716 (erpo)
347 2641 380 2696 ut
393 2633 541 2695 consessio
553 2634 720 2716 praecedat,
735 2643 768 2697 ut
781 2635 997 2719 dispensationi
1010 2637 1157 2700 deterere

203 2749 217 2784 u
242 2726 360 2786 cutio...
376 2723 425 2785 lll.
450 2722 574 2784 Sablutd
597 2723 739 2784 occasione
758 2723 927 2805 peccandi:
949 2725 1121 2810 intelligitur
1139 2725 1156 2785 si

200 2837 215 2873 o
239 2814 356 2876 occasio
366 2819 410 2874 cst
422 2813 588 2874 voluntaria
596 2813 689 2894 quia
699 2813 722 2873 si
738 2821 816 2875 esset
829 2816 1013 2896 necessaria
1024 2816 1155 2880 suffieit...

201 2923 216 2958 o
241 2907 275 2962 ut
297 2900 396 2962 media
423 2901 572 2983 eligantur
599 2902 709 2983 quilius
740 2919 776 2963 ex
802 2905 939 2984 proxima
966 2905 1020 2968 liat
1046 2912 1155 2969 remota

202 3011 216 3046 n
242 2989 291 3049 lV.
308 2988 468 3049 Dummodo
486 2989 720 3071 rrnpedimentum
740 2991 781 3053 sit
801 2993 968 3056 occultam:
981 2995 1103 3077 quando
1119 3011 1156 3054 aa

199 3094 217 3140 a
242 3081 302 3136 tem
326 3075 577 3157 impedimentum
599 3077 767 3162 putendum
787 3087 917 3144 estesse
930 3085 1084 3147 occultum
1088 3085 1156 3162 ‚jan

201 3163 356 3226 adiutum
384 3171 429 3227 est
453 3177 486 3226 ιιο
508 3171 594 3229 ⁹15.»
622 3168 696 3229 Vide
717 3187 808 3250 supra
824 3172 921 3251 (794).
945 3173 1012 3236 «V.
1035 3169 1158 3258 lnjunctl

100 3325 101 3328 Ἴ
204 3275 218 3314 r
243 3251 272 3316 ei
284 3271 367 3332 prum
365 3253 577 3335 “peniteettc:
591 3257 723 3340 intellige
739 3259 824 3338 juxta
841 3260 917 3322 vires
936 3263 1122 3342 poenitentis
1135 3264 1159 3319 ut

205 3341 324 3402 erecte
348 3350 430 3403 notat
451 3344 602 3426 Tournely
627 3363 735 3409 cum...
759 3349 881 3410 Navurr.
908 3351 959 3430 qui
988 3351 1061 3414 dicit
1088 3363 1160 3433 pos-s·

205 3449 220 3492 r
245 3446 357 3510 imponi
369 3437 402 3490 ut
411 3448 523 3510 persen
533 3451 651 3495 menses
661 3437 770 3498 semei
760 3439 886 3517 jejunet
896 3445 949 3500 aut
961 3446 1008 3504 ter
1018 3441 1159 3504 Rosanun

206 3537 221 3574 a
247 3515 348 3578 recitet
361 3517 699 3598 quatiuethetrdonada.
711 3532 764 3586 aut
777 3526 1159 3608 frequentetecnlessioueru

208 3610 348 3682 mquam
362 3613 435 3684 puto
451 3607 522 3667 satis
541 3625 605 3669 csse
634 3613 749 3680 semel
742 3631 773 3672 m
787 3617 921 3677 meuse)
938 3626 969 3679 et
989 3613 1156 3689 huiusmodi
