2420 3968
412 221 499 270 uera
518 222 676 271 asenneus.
971 217 1030 280 ala

59 317 89 381 in
103 319 237 383 Concilio
247 323 336 398 l58l3
348 321 531 386 aProvincil
544 324 726 404 Turonensi,
737 325 770 388 in
783 326 918 391 Concilio
933 333 1028 409 1583;

56 409 74 469 a
87 409 243 472 Provincia
257 409 398 473 Remensi
416 417 446 474 et
460 412 668 494 Burdigalensi
688 414 719 476 in
737 416 880 480 Conciliis
894 418 1031 498 ejusdem

57 499 146 575 anni;
162 501 182 562 lt
195 499 352 563 Provincia
366 499 545 564 Bituricensi
558 501 591 566 in
605 503 739 566 Concilio
753 509 846 584 15843
868 510 886 570 a
909 509 1031 572 Provin-

57 587 102 650 cia
117 589 251 670 aquensi
265 587 298 651 in
312 589 446 654 Concilio
461 593 559 669 1585;
583 592 601 655 a
630 592 787 658 Provincia
809 596 977 676 Tolosam,
1001 600 1031 662 in

57 677 191 740 Concilio
206 681 301 755 taam
316 677 335 741 a
349 679 505 742 Provincia
529 681 698 759 auxitana,
720 687 753 746 ut
768 692 884 748 constat
899 706 951 769 per
966 689 1031 750 Sta-

46 773 155 844 tutum
172 765 300 850 Capituli
325 768 544 847 Lascariensis;
568 772 586 833 a
608 771 766 835 Provincia
792 775 979 840 Narbonensi
1000 778 1031 842 in

58 856 189 920 Concilio
219 859 307 922 1609.
337 859 460 922 Constat
491 859 615 942 insuper
648 860 829 924 breviarium
855 871 886 926 et
912 866 1032 931 missale

58 946 88 1008 S.
102 946 147 1008 Pii
161 948 188 1008 V
205 945 298 1012 fuisso
312 951 433 1030 recepta
456 949 488 1012 in
518 949 684 1014 Provinciis
698 950 915 1026 avenionensi,
933 955 1032 1018 Arela-

57 1035 132 1100 tensi
145 1041 176 1098 et
189 1036 419 1116 Ebredunensi,
434 1038 560 1120 proinde
574 1039 606 1102 in
620 1038 781 1103 duodecim
792 1041 893 1103 Galliae
907 1043 1031 1106 Provin-

56 1125 111 1188 ciis
123 1132 242 1207 reeepta
253 1125 320 1205 fuit,
332 1127 437 1190 saltem
449 1146 486 1190 ex
496 1129 628 1191 maxime
637 1136 738 1211 parte,
755 1129 875 1211 liturgia
885 1131 917 1192 S.
928 1131 973 1192 Pii
984 1134 1030 1212 V,

57 1217 194 1296 quamvis
212 1216 244 1278 in
267 1217 405 1300 pluribus
424 1235 462 1280 ex
484 1217 591 1281 iisdem
605 1219 739 1282 eeclesiis
752 1219 875 1283 retineri
889 1219 1033 1304 potuisset

57 1304 176 1387 liturgia
194 1305 314 1388 propria
333 1313 437 1388 utpote
459 1307 611 1390 antiquior
632 1307 771 1372 ducentis
793 1307 902 1387 annis;
931 1309 1032 1392 quoad

56 1400 158 1458 autem
172 1401 232 1458 tres
251 1394 326 1458 alias
348 1389 423 1478 quae
432 1403 608 1480 supererant
620 1397 809 1481 provincias,
825 1417 936 1482 nempe
951 1401 1031 1482 Lug-

56 1483 242 1564 dunensem,
275 1484 481 1550 Viennensem
502 1491 532 1550 et
554 1487 778 1567 senonensem,
798 1487 828 1550 in
848 1487 885 1550 iis
907 1489 1031 1571 quidem

56 1593 118 1636 non
130 1573 189 1638 fuit
201 1580 319 1658 recepta
333 1575 413 1640 dicta
422 1575 553 1658 liturgia,
564 1575 617 1640 sed
627 1596 689 1640 non
701 1576 768 1640 ideo
782 1576 821 1639 ab
834 1577 1031 1660 ipsisrejectae

55 1663 180 1728 luerunt
192 1663 323 1747 pretate
336 1665 662 1744 Constitutiones,ci1m
673 1666 758 1745 iuxta
767 1666 944 1729 earumdem
959 1667 1030 1730 Bul-

54 1753 155 1818 lnrum
169 1758 308 1818 tenorem
322 1760 480 1838 poterant,
503 1754 543 1818 ob
557 1755 779 1837 possessionem
793 1753 931 1818 ducentis
944 1757 1032 1818 annis

53 1843 270 1926 antiquiorem,
286 1862 340 1908 saa
353 1842 499 1907 breviaria
508 1847 539 1905 et
552 1843 683 1906 missalia
694 1843 823 1906 retinere
833 1862 841 1904 ε
853 1843 915 1905 imd
929 1843 960 1906 in
974 1844 1029 1908 hac

53 1931 183 1996 Dioecesi
197 1933 422 2012 Valentinensi,
437 1951 506 2015 quac
520 1932 593 1994 olim
607 1939 749 2014 parserat
763 1931 930 1995 Provincias
944 1934 1031 1997 Vien-

54 2023 179 2100 nensis,
201 2029 321 2106 recepta
338 2023 408 2100 luit,
433 2041 515 2086 anno
529 2026 625 2101 lssl'l,
643 2021 815 2086 reformatio
834 2023 866 2087 S.
891 2021 936 2086 Pii
950 2024 986 2103 V,
1001 2031 1031 2088 et

54 2117 231 2176 conservata
245 2131 341 2196 usque
355 2111 393 2176 ad
407 2130 522 2176 annum
538 2117 626 2175 1187.

93 2207 186 2266 5051.
211 2204 278 2266 Non
301 2208 402 2266 autern
421 2202 459 2264 ab
482 2202 615 2265 Ecclesia
637 2202 779 2266 Orientali
809 2203 948 2288 adoptata
975 2201 1031 2268 luit

54 2292 175 2376 liturgia
196 2294 213 2355 a
240 2291 322 2355 dicto
342 2291 487 2356 Pontillce
510 2291 670 2355 reformata
692 2311 700 2354 ε
722 2293 873 2375 siquidem
893 2312 955 2358 non
976 2293 1031 2356 luit

53 2382 230 2465 praescripta
243 2381 302 2444 nisi
325 2400 380 2464 pro
394 2381 534 2444 Ecclesiis
552 2383 584 2443 ia
603 2382 707 2464 quibas
720 2383 844 2464 officiant
858 2401 896 2446 ea
909 2391 1031 2444 marcet

54 2474 171 2536 ritu...
189 2471 329 2534 Itonionoe
350 2470 495 2535 Ecclesiae
507 2471 568 2533 diri
588 2471 671 2533 debet
691 2480 743 2532 eat
765 2471 912 2533 consueuit
935 2471 1031 2548 (Bulla

54 2561 170 2637 modo
184 2561 318 2642 Nobislr
338 2560 400 2623 imd
413 2561 553 2624 Ecclesiis
567 2560 767 2622 Orientalibus
793 2560 835 2622 ita
857 2558 1031 2640 praescripta

52 2659 99 2714 est
121 2652 245 2733 liturgia
258 2651 331 2733 ipris
350 2650 472 2734 propria
492 2655 546 2729 ut,
563 2651 626 2730 jam
645 2649 774 2712 amulto
787 2655 935 2729 tempore,
958 2647 1031 2727 ipsis

53 2741 154 2805 oblata
167 2741 257 2806 luerit
271 2746 399 2823 potestas
413 2740 576 2823 legislativa
590 2739 620 2800 in
636 2739 744 2821 ipsam,
760 2743 789 2798 et
803 2738 840 2798 sit
854 2735 922 2798 Sedi
938 2737 1031 2816 Apos-

54 2831 154 2895 tolicae
174 2831 302 2895 omnino
325 2837 495 2893 reservata:
511 2829 556 2892 sic
577 2827 667 2890 habet
683 2825 797 2889 Bened.
819 2827 885 2889 XIV
905 2825 1028 2888 Constit.

54 2920 269 2985 denunciatum
284 2942 295 2982 .·
313 2922 388 2983 «De
408 2919 515 2982 ritibus
535 2917 627 3000 igitur
662 2923 693 2981 et
728 2915 863 2978 moribus
889 2911 1031 2978 Ecclesiae

54 3031 70 3068 a
94 3010 291 3076 tlraececillud
300 3009 449 3093 imprimis
458 3004 1028 3091 generatimstatuendumdecrevimus,

55 3123 69 3160 r
94 3102 212 3166 nemini
226 3101 346 3165 licuisse
360 3105 413 3163 aut
425 3099 515 3163 licere
529 3097 634 3180 quovis
647 3097 734 3160 titulo
747 3095 901 3172 cidelare,
916 3101 946 3160 et
959 3099 1031 3178 qua·

50 3213 69 3250 u
95 3211 230 3275 cumque
255 3189 429 3255 auctoritate
451 3194 504 3252 aut
526 3187 685 3270 dignitate,
707 3187 823 3250 etiarnsi
838 3185 1028 3250 Patriarchali

50 3301 70 3342 n
95 3289 148 3346 aut
160 3280 332 3365 Episcopali
346 3279 537 3362 prefulgeat,
553 3277 720 3361 quidquam
739 3277 900 3354 innovare,
915 3283 967 3339 aut
979 3275 1030 3338 ali-

49 3391 70 3430 a
95 3371 172 3450 quid
191 3371 401 3450 introducere,
424 3368 507 3452 quod
529 3370 678 3451 integram
704 3373 901 3450 exactamque
923 3383 1029 3428 eorum

50 3481 72 3522 n
96 3459 338 3526 observationem
352 3459 523 3522 imminuat.
538 3479 555 3519 n

94 3552 130 3614 ln
147 3552 235 3616 Bulla
247 3559 349 3614 autem
363 3549 436 3613 Etsi
444 3547 606 3632 pastoralis
618 3546 754 3628 eiusdem
764 3544 928 3621 Pontificis,
943 3543 1029 3605 Italo-

48 3642 168 3706 Grareis
190 3639 366 3726 prohibetur
387 3657 427 3702 ue
447 3638 514 3702 aliis
531 3635 737 3703 ecclesiasticis
750 3635 853 3711 libris,
872 3634 906 3696 in
925 3649 1028 3693 sacre-
