2416 3954
195 209 253 270 oto
410 229 549 276 uanuaca
566 227 666 274 sonus
686 225 770 272 runis
789 222 937 272 canorum.

186 347 202 387 s
227 325 313 389 bellae
333 333 384 390 out
411 327 568 406 scripturae
596 340 703 386 eorum
730 319 872 404 praeclara
895 325 978 400 gesta
996 337 1137 404 repraesen-

185 435 201 475 n
225 421 337 492 tantos,
350 419 402 475 aut
412 413 593 489 relerentes,
609 411 641 474 in
653 410 789 474 eeclesiis
799 457 806 486 ‚
818 409 956 472 sacrariis
974 417 1005 473 et
1021 410 1137 474 oratoriis

185 525 201 564 n
226 503 481 586 quibuscumque,
492 501 694 584 etpraesertim
704 499 736 560 in
746 496 966 580 quibusmissae
977 499 1136 563 samificiun

184 616 198 654 a
226 592 272 653 vel
286 592 343 654 alia
353 591 454 654 divina
468 597 669 674 peraguntur,
684 586 857 652 inconsulta
877 585 956 650 Sede
971 589 1135 672 Apostolicl,

184 703 197 740 n
227 677 312 742 nullo
326 687 415 763 pacto
431 685 631 762 exponantur.
704 755 707 762 .

224 790 239 828 n
263 771 299 830 ll.
323 769 410 842 Qudd
423 769 474 832 ubi
489 768 640 831 indultum
658 765 750 830 luerit
760 787 813 850 per
827 769 938 832 sedem
954 766 1135 850 Apostoltcau

183 880 197 917 n
224 858 391 939 imagines,
406 858 567 922 simulacra
581 857 737 940 pictasque
752 857 876 920 tabellas
892 858 925 920 in
939 855 1067 920 ecclesiis
1079 853 1135 936 poni

183 967 198 1006 n
225 952 256 1008 ot
269 947 327 1010 coli
336 965 436 1030 posse,
447 948 479 1009 in
495 948 605 1028 pariete
620 945 749 1020 tantum,
764 963 827 1007 non
842 953 944 1008 autem
954 943 1134 1027 superaltari,

184 1057 199 1094 u
225 1037 393 1101 collocandi
402 1036 527 1100 facultas
540 1035 651 1097 tributa
661 1041 831 1098 censeatur.

225 1149 240 1186 n
265 1130 314 1190 lll.
337 1126 425 1200 Oubd
452 1126 477 1188 si
502 1141 645 1188 concessa
673 1123 782 1202 luerit,
801 1141 856 1206 per
882 1123 1022 1188 eamdem
1047 1121 1136 1185 Sedern

184 1237 200 1276 s
229 1215 447 1296 Apostolicam,
464 1213 601 1276 altarium
609 1212 737 1291 erectio,
753 1231 815 1274 non
828 1220 930 1275 tamen
945 1212 1136 1277 obidmissanr

185 1327 200 1362 n
225 1312 255 1366 et
268 1302 400 1365 officium
414 1301 452 1362 de
471 1301 620 1382 praedictis
637 1299 735 1362 Beatis
755 1301 926 1363 celebrandi
948 1303 995 1364 vel
1013 1297 1136 1364 recitandi

185 1415 200 1450 u
226 1392 349 1454 facultas
377 1389 486 1452 tradita
511 1395 708 1472 praesumatur
733 1406 740 1449 :
764 1390 876 1451 etenim
900 1391 1041 1472 speciliea
1055 1395 1081 1452 et
1100 1407 1137 1450 ex·

185 1502 200 1538 n
225 1499 327 1562 pressa
339 1479 495 1542 concessio
509 1497 599 1559 super
611 1477 658 1539 his
668 1477 837 1560 praecedere
851 1479 951 1540 debet.

225 1591 240 1628 u
264 1571 314 1630 IV.
337 1568 395 1632 Ubi
410 1569 441 1629 in
455 1585 518 1629 uno
532 1567 598 1628 loco
612 1567 713 1629 cultus
727 1566 817 1630 luerit
828 1585 1013 1646 concessus,
1027 1583 1083 1630 non
1096 1584 1137 1628 ex·

186 1681 200 1718 a
225 1657 383 1735 tendatur,
406 1655 577 1718 inconsulto
600 1655 767 1734 Pontifice,
789 1655 826 1718 ed
844 1655 938 1720 alium
952 1655 1062 1735 locum,
1080 1657 1138 1736 qul

185 1770 201 1810 n
225 1749 268 1810 ris
279 1747 336 1808 alita
350 1753 549 1808 concurrente
559 1745 744 1806 auctoritate.

226 1859 240 1894 n
265 1838 302 1898 V.
325 1837 358 1896 ln
384 1835 459 1897 locis
485 1833 537 1896 ubi
566 1835 670 1895 Beatos
688 1831 846 1914 praedictos
869 1831 908 1897 ab
929 1834 1068 1898 omnibus
1092 1832 1136 1897 coli

186 1947 202 1986 a
228 1925 410 2006 permissum
424 1923 500 2002 fuit,
516 1941 577 1986 non
602 1922 671 1984 inde
685 1923 803 2004 publica
817 1921 907 1988 officii
930 1924 1062 1986 recitatio
1082 1941 1137 2003 prr·

185 2037 201 2072 n
228 2015 317 2074 missa
332 2020 510 2090 censeatur,
531 2011 583 2072 sed
597 2011 940 2093 tantummodbprirata,
958 2032 1016 2076 nec
1029 2011 1138 2074 satisfac-

185 2124 199 2162 a
225 2103 300 2162 toria
325 2107 474 2180 precepto
498 2100 701 2177 recitationis,
730 2099 787 2162 nisi
806 2100 907 2182 quoad
930 2101 1018 2182 illos,
1045 2101 1138 2184 quibus

184 2211 199 2248 n
224 2187 316 2250 Sedes
331 2185 546 2265 Apostolicade
558 2187 615 2249 hoc
629 2187 795 2250 indulserit.

224 2298 239 2334 b
263 2278 312 2336 Vl.
335 2274 433 2335 blissae
443 2274 552 2354 pariter
563 2294 630 2356 quae
645 2275 756 2338 luerint
766 2277 890 2341 indultae
904 2277 993 2342 certis
1007 2278 1136 2361 personis,

184 2387 198 2424 n
220 2364 371 2444 nempe...
395 2363 583 2444 regularibus
610 2364 657 2427 vel
685 2365 916 2428 saecularibus...
951 2367 1075 2448 alicujus
1098 2384 1137 2428 ec·

184 2475 199 2513 n
224 2451 322 2515 clesiae
336 2453 456 2514 servitio
470 2454 622 2534 praecipue
635 2452 773 2533 addictis,
788 2457 805 2516 d
826 2454 1048 2518 confluentibus
1060 2471 1139 2518 acen

184 2567 199 2603 u
224 2541 364 2621 dotibus,
380 2543 484 2624 quavis
497 2541 657 2622 dignitate,
672 2542 762 2605 etiam
776 2542 983 2608 cardinalatus
995 2543 1138 2627 insignitis,

185 2655 199 2694 u
226 2633 351 2695 minime
365 2631 565 2694 celebrentur.

225 2745 240 2782 u
264 2723 326 2784 v11.
350 2721 417 2782 Dies
437 2719 502 2782 festi
526 2718 557 2779 in
582 2719 746 2782 Beatorum
773 2721 951 2784 eorumdem
976 2721 1138 2786 memoriam

186 2833 200 2870 a
227 2830 288 2874 non
315 2811 525 2889 celebrentur,
540 2808 597 2870 nisi
621 2807 742 2890 speciali
759 2809 878 2874 lndulto
897 2812 1069 2893 Apostolico
1085 2828 1139 2894 pro

185 2921 201 2958 n
225 2898 434 2963 risumsuerit.

225 3011 240 3046 n
265 2989 340 3049 Vlll.
365 2987 550 3050 Eorumdem
573 2985 697 3049 nomina
718 2986 749 3048 in
769 2987 956 3052 Kalendariis
978 3009 1042 3054 non
1066 3006 1140 3071 appo

186 3097 201 3136 n
226 3082 346 3152 uantur,
359 3075 416 3135 nisi
430 3075 510 3137 illius
529 3075 647 3138 tantbm
668 3073 747 3154 loci,
769 3092 934 3159 earumque
959 3094 1139 3161 personarum

186 3185 201 3224 u
228 3165 257 3225 in
278 3181 339 3245 quo
350 3169 378 3224 et
393 3164 410 3223 b
424 3163 965 3244 quibuscultuscamofficioetrnissa
974 3169 1138 3232 celebratiu.

226 3275 241 3311 a
264 3257 305 3314 Ill
338 3255 371 3314 ln
386 3251 755 3332 quibusvisecclesiasticis
766 3253 918 3336 precibus,
938 3257 1068 3320 etiamid
1084 3273 1139 3320 ora·

187 3363 202 3402 a
227 3341 309 3402 toriis
324 3340 496 3418 recitandis,
520 3341 710 3421 particularia
732 3343 908 3407 eorumdem
930 3347 1069 3430 suffragia
1089 3361 1140 3408 non

187 3450 202 3488 r
227 3433 416 3507 apponantur
428 3428 474 3490 rel
489 3430 662 3492 recitentur.

227 3535 241 3572 a
267 3517 303 3576 X.
327 3514 456 3574 Publicis
471 3515 630 3594 precibus,
645 3519 893 3597 praeterindultas
903 3529 932 3584 et
946 3525 1050 3590 ltSede
1060 3525 1140 3604 spos

188 3621 203 3658 ι
227 3602 315 3660 tollet
326 3602 503 3678 approbatas
513 3602 603 3662 iidem
619 3605 702 3665 Beati
717 3624 778 3668 non
794 3608 984 3675 invocentur.
