2420 3968
207 207 266 270 551
426 221 563 267 nonnam
583 219 685 267 renus
703 198 786 268 miris
806 221 953 272 creemur.

208 319 371 395 conlectae,
387 323 438 378 eut
452 335 538 398 equae
553 317 654 379 mixtae
668 316 809 380 saccharo
827 324 858 380 el
872 335 960 380 succo
973 317 1149 390 cinnamum,

209 409 254 470 rel
274 406 343 468 mali
367 405 480 468 cedrini
500 406 591 487 vulgd
613 405 772 482 limouude,
798 404 891 468 modd
916 423 1006 487 parva
1028 403 1151 486 quantitas

209 495 341 558 sacchari
356 493 387 556 in
407 497 519 574 magna
531 513 617 575 aquae
631 495 796 576 quantitate
810 495 971 557 misceatur
982 495 1023 574 (S.
1040 493 1150 576 Ligure,

210 585 265 661 ih,
283 587 316 645 η’
331 585 430 664 wilh
448 583 530 646 idem
544 585 593 646 die
606 582 643 646 dc
658 603 716 646 usu
729 583 827 646 caleti.

249 676 339 735 1983.
363 673 484 746 Quaerit.
503 675 534 735 l⁰
549 676 596 736 An
608 673 696 734 liceat
708 691 829 735 sumere
842 670 955 754 aliquid
968 669 1028 734 cibi
1041 677 1102 734 ante
1113 689 1152 751 pe

209 768 275 823 lum
290 781 328 824 ne
344 761 397 824 iste
411 762 537 844 noceat?

251 855 341 934 llesp.
357 852 485 924 Quidam
499 851 604 915 dicunt
617 851 646 912 id
660 851 751 912 licere
765 851 850 912 toties
862 851 975 932 quoties
989 850 1097 912 libuerit
1106 849 1153 910 sint

211 939 356 1003 fractione
373 942 481 1021 jeiunii
498 961 504 1002 :
521 941 627 1003 meritd
649 947 750 1002 tarnen
774 939 803 1000 id
826 946 939 1020 negant
958 940 1009 1002 alii
1030 939 1078 1020 qui
1098 937 1154 998 nihi·

212 1027 345 1092 lominus
361 1031 609 1092 communissime
623 1036 759 1092 asserunt
773 1028 902 1108 idipsum
918 1027 1010 1091 licere
1023 1030 1046 1090 si
1056 1047 1107 1089 uon
1120 1025 1154 1085 liat

213 1127 395 1199 trequenter,
408 1119 564 1180 sedsemel
580 1127 631 1181 aul
642 1119 749 1180 ilerum
761 1117 859 1179 indie.
870 1119 911 1195 (S.
920 1118 1001 1200 hig„
1017 1117 1070 1194 it..
1084 1119 1152 1190 {0183

214 1207 309 1268 llortro
322 1210 484 1287 apostolic,
500 1213 585 1270 tract.
605 1213 653 1284 lu,
670 1220 703 1267 ῐιο
715 1211 775 1286 11.)

252 1301 341 1356 1981.
365 1295 485 1366 Quaerit.
502 1302 533 1356 2⁰
549 1299 594 1356 An
610 1297 766 1358 electuaria
781 1296 922 1378 frangant
932 1295 1099 1377 jejunium?

252 1385 341 1462 llesp.
364 1385 449 1444 Certe
465 1385 614 1462 jejunium
634 1404 696 1446 non
719 1385 860 1466 frangunt
885 1387 1025 1466 potiones
1044 1385 1156 1468 cesetirl

212 1469 372 1532 herbarum
387 1473 476 1552 rulge
497 1473 545 1532 ltu
568 1483 821 1555 nuncupatorum.
845 1475 949 1546 Quoad
971 1477 1043 1537 uerd
1057 1476 1156 1538 electua-

213 1559 256 1619 ria
270 1579 338 1640 quse
351 1579 386 1621 ex
402 1561 542 1622 sacellano
556 1569 585 1622 et
596 1563 740 1644 junipero
754 1571 805 1626 aut
819 1563 883 1626 aliis
905 1565 998 1626 rebus
1019 1563 1156 1626 coniiciun-

213 1654 261 1709 lur
276 1657 305 1709 et
318 1649 459 1712 dicuntur
473 1651 561 1731 uulgo
572 1671 733 1729 cerasorum,
748 1652 1037 1731 majusestdubium
1050 1675 1057 1714 :
1068 1655 1095 1715 S.
1105 1653 1157 1712 The

214 1755 279 1798 nias
291 1739 363 1800 dicit
383 1759 418 1800 ee
440 1760 500 1800 nrm
523 1741 635 1802 solvere
652 1741 801 1819 jejunium
820 1764 835 1800 a
854 1741 908 1802 nisi
929 1741 1008 1804 lortd
1027 1741 1122 1822 aliquis
1138 1739 1157 1798 in

214 1847 229 1884 a
254 1827 389 1890 fraudem
410 1829 568 1891 electuaria
596 1831 626 1890 in
652 1834 761 1910 magati
788 1831 953 1910 quantitate
977 1839 1105 1893 assumat
1123 1847 1156 1909 pe

214 1937 228 1971 o
255 1917 377 1979 modurn
399 1919 468 1980 cibi.
485 1942 500 1976 n
519 1919 576 1980 Sed
597 1919 749 1999 disputent
764 1921 826 1979 Dll.
848 1937 885 1980 an
901 1919 968 1982 haee
986 1917 1154 1982 sententiasl

212 2003 411 2082 ntlrnitlcnda,
432 2008 553 2087 quande
572 2007 731 2069 electuaria
745 2015 907 2070 sumuntur
920 2009 960 2070 ob
975 2010 1071 2071 selum
1084 2008 1153 2070 delen

212 2091 371 2169 tationem;
387 2096 510 2174 quidam
525 2097 687 2172 allirmant;
710 2105 799 2177 negat
812 2099 883 2158 verd
898 2100 930 2160 S.
947 2097 1084 2180 Lignea,
1109 2097 1156 2176 qui-r

211 2176 279 2239 ideo
289 2179 448 2265 electuaria
462 2185 541 2245 licite
556 2185 754 2247 sumunturin
767 2189 858 2266 parra
867 2188 1034 2267 quantitate
1044 2189 1078 2250 ed
1088 2183 1156 2268 qual.

211 2267 282 2326 cirm
297 2279 488 2333 assumantur
501 2280 533 2334 ut
547 2273 818 2352 medicamentum,
830 2275 913 2336 adest
927 2275 1080 2339 sufficiens
1092 2291 1158 2338 eausa

211 2373 357 2419 excusans
367 2360 515 2438 ireniali;
528 2362 552 2423 si
567 2364 636 2424 vero
651 2370 809 2426 sumantur
823 2364 863 2425 oh
876 2364 1111 2436 delectationem,
1123 2363 1158 2422 de

211 2444 274 2506 licit
287 2465 400 2524 causa3
418 2469 516 2532 neque
531 2451 607 2512 valet
630 2452 740 2533 paritas
758 2452 818 2514 vini
839 2453 877 2514 ab
896 2454 1073 2517 adversariis
1089 2468 1158 2534 epse

211 2536 281 2598 sita:
299 2555 368 2598 nem
383 2540 487 2602 sinum
502 2559 556 2621 per·
570 2559 602 2602 sc
615 2541 706 2603 hahet
719 2542 866 2605 rationem
886 2547 976 2624 polus
989 2551 1021 2607 et
1034 2562 1091 2607 nun
1104 2541 1156 2614 cihi,

210 2644 300 2705 quarn
316 2646 369 2707 pcr
383 2647 415 2690 se
429 2629 540 2690 hahent
554 2631 724 2692 electuaria.
741 2633 782 2709 (S.
800 2631 878 2713 hig„
896 2631 947 2694 lih.
963 2637 996 2712 3,
1013 2637 1047 2695 n⁰
1062 2637 1144 2704 total

249 2720 338 2777 1985.
361 2719 481 2788 Quaerit.
497 2721 528 2780 3ο
543 2723 588 2780 dn
599 2719 680 2799 polin
694 2719 866 2782 chocelaths
881 2722 1029 2800 ieiunium
1044 2719 1158 2802 frange?

249 2805 338 2885 llesp.
359 2809 503 2870 ductores
524 2827 584 2870 non
597 2809 781 2871 cerrcordare
801 2811 881 2872 circa
895 2811 1076 2874 solutionem
1090 2812 1155 2888 hujus

209 2889 310 2970 dubii,
327 2901 356 2955 et
369 2899 570 2961 communiter
584 2897 614 2958 in
629 2897 728 2976 ltalia,
744 2899 833 2960 etiam
850 2901 974 2979 Romae,
991 2902 1153 2964 checolalun

209 2981 287 3039 sumi
306 2999 396 3046 mane
417 2985 523 3048 diebus
540 2985 645 3066 jejunii
663 2987 753 3049 eliam
774 2989 790 3050 d
808 2989 879 3050 viris
896 2989 954 3070 piis
973 2998 1005 3053 et
1021 2987 1151 3072 religiosis.

208 3067 282 3128 Vide
298 3069 328 3128 S·
345 3071 465 3148 Liguor.
478 3075 550 3152 (zu,
567 3086 598 3137 no
615 3079 713 3154 leat),
729 3078 780 3158 qui
793 3079 897 3139 asserit
910 3078 970 3142 hoe
984 3099 1050 3142 esse
1064 3079 1152 3140 liritnu

208 3157 374 3236 praesertim
388 3157 427 3219 ob
441 3164 709 3241 consuetudinem,
725 3174 756 3227 el
768 3183 856 3247 posse
870 3168 949 3228 sumi
963 3187 1054 3231 unam
1067 3167 1151 3230 choeri-

208 3243 284 3304 laths
294 3245 415 3306 unciam
426 3267 495 3310 cum
510 3251 634 3314 dimiditt
648 3255 780 3316 sacchari
794 3254 825 3315 in
835 3257 1001 3337 quantitate
1014 3270 1151 3339 aquaeque

208 3331 245 3428 de
259 3349 343 3394 more
355 3335 431 3396 solet
444 3337 474 3398 in
489 3341 643 3402 usualibus
656 3343 770 3422 cyathis
780 3343 923 3406 adhiberi.
941 3347 975 3409 P.
992 3349 1069 3427 Gury
1082 3345 1150 3406 eliu]

208 3415 320 3479 licitum
336 3427 435 3500 putat,
451 3427 542 3488 mudd
556 3447 617 3489 non
627 3432 788 3494 excedatur
802 3433 920 3514 pondus
934 3435 1060 3498 duarum
1074 3433 1147 3496 uncia

207 3523 276 3606 rum
291 3525 298 3566 ι
314 3507 428 3570 scilicet
440 3515 606 3576 semiuncia
619 3519 718 3598 punis,
733 3523 823 3584 uncia
837 3521 1027 3602 chaseluim,
1042 3529 1070 3586 cl
1081 3517 1150 3582 seni·

207 3610 295 3658 unera
308 3595 439 3658 saccharl
453 3603 536 3676 (tom.
555 3607 584 3682 l,
600 3615 633 3664 n⁰
647 3610 729 3686 slot
747 3610 799 3672 sed
813 3611 885 3674 chm
899 3611 978 3675 dieta
990 3606 1148 3675 consuetudi
