2482 3944
222 234 259 291 tu
438 245 574 291 unuomr
596 245 696 291 rossus
715 245 796 292 tonis
817 245 965 292 cenorum.

222 343 407 424 fragmenta:
430 343 506 404 ratio
527 349 572 404 est
591 343 663 424 quia
680 343 812 406 Ecclesia
832 347 911 406 vetut
932 341 1058 424 quidem
1079 341 1191 424 aliquid

221 448 341 492 sumere
355 439 423 492 unte
446 433 712 506 communionem,
729 432 780 493 sed
801 450 861 493 non
883 433 1007 512 prcecisb
1022 451 1093 494 cum
1108 450 1192 492 com·

222 519 384 596 munione;
399 518 480 582 unde
495 519 526 581 in
540 519 659 582 rubriot
672 520 798 588 Missnlis
815 519 922 584 dicitur
941 520 1042 602 quod,
1063 522 1087 582 si
1102 519 1193 601 parti·

223 607 292 670 cuia
305 607 415 670 haereat
428 608 531 685 celici,
547 615 645 690 potest
657 609 761 672 vinum
779 607 897 670 infundi
911 616 941 672 et
954 609 1044 670 simui
1060 609 1155 684 sumi,
1167 615 1194 670 et

224 695 352 758 hoofieri
362 703 459 778 potest
467 697 589 778 pluries,
598 699 622 759 si
631 699 667 759 sit
676 715 816 773 necessc3
829 698 898 759 item
910 697 940 758 in
952 697 1001 758 die
1012 697 1194 770 percuteres,

222 785 306 862 juxta
330 785 496 860 rubricam,
519 786 662 866 particula
683 785 786 848 bostiae
807 787 857 848 die
876 785 1072 866 praecedentis
1092 803 1197 846 conse

226 880 332 950 cratae,
348 874 475 936 sumitur
488 891 560 936 cum
573 877 653 937 vino.
670 877 701 937 S.
717 874 853 956 Lignor„
868 873 921 935 lib.
937 877 967 947 6,
983 879 1018 935 n⁰
1031 877 1102 936 288.

640 1091 720 1153 ΛΒΤ.
744 1091 779 1155 ΙΙ.

385 1257 422 1304 ΒΕ
442 1258 635 1304 rucutmsrm
656 1261 749 1306 PROUT
770 1261 820 1306 EST
841 1259 1037 1310 stuntrtomtt.

691 1473 744 1552 m

406 1637 449 1699 De
471 1635 563 1718 ipsius
575 1635 699 1712 nutus-tt,
716 1635 862 1716 effectibus
876 1645 905 1698 et
918 1637 1026 1700 calore.

273 1806 1205 1888 mmmmmmmmmwmm

235 1907 356 1962 esterno
381 1899 427 1961 rei
446 1897 606 1972 sensibilis,
626 1917 691 1958 cum
708 1897 771 1976 ejus
789 1895 981 1958 destructione
1000 1894 1046 1956 uel
1063 1895 1204 1956 immuto·

236 1989 325 2056 tione.
343 1988 398 2048 soli
412 1987 472 2049 Deo
485 1987 582 2066 fusto,
599 2006 637 2048 esc
652 1985 784 2066 [epitimri
798 1985 990 2053 institutione,
1006 1983 1205 2065 peridmtenm

235 2075 420 2144 ministrum,
438 2077 470 2134 in
484 2075 612 2156 supremi
620 2073 744 2134 dominii
752 2073 1000 2156 protestutr'mm.

275 2183 397 2244 Certum
410 2187 440 2242 et
452 2180 490 2242 de
502 2179 560 2244 tide
574 2186 618 2243 est
633 2181 754 2242 missam
768 2199 832 2244 esse
850 2182 921 2244 verb
934 2187 963 2244 et
977 2181 1099 2263 propriis
1114 2185 1206 2246 sarri·

236 2270 350 2346 ticinm‚
367 2271 397 2332 in
408 2288 468 2350 quo
478 2287 531 2350 por
543 2271 800 2332 consecrationem
810 2277 840 2332 et
853 2269 1055 2352 sumptionem
1065 2271 1208 2352 Corporis

236 2359 356 2420 Domini
371 2359 496 2440 mystice
510 2367 655 2421 mactatur
670 2357 818 2430 Christus,
831 2359 934 2440 sicque
948 2358 1074 2422 habetur
1097 2361 1210 2424 immu-

236 2448 307 2509 tatio
329 2446 366 2510 ad
385 2447 563 2510 sacrificium
581 2448 747 2528 requisitu3
769 2447 911 2510 detinitur
929 2455 1054 2510 eutem:
1079 2449 1211 2530 Sacrifi-
1231 2531 1232 2542 ἵ

238 2537 312 2598 rium
322 2555 402 2599 nonoe
412 2536 492 2616 lepis,
509 2537 606 2620 inquo
622 2536 754 2601 Christus
770 2538 892 2619 offertur
904 2537 1094 2599 etineruente
1109 2541 1210 2599 immo
1231 2545 1232 2582 i

239 2627 321 2687 lotor
337 2625 389 2688 sub
400 2624 543 2708 speciebus
558 2627 646 2708 ponis
668 2633 697 2688 et
716 2626 789 2688 cini.
806 2625 880 2688 Vide
899 2627 930 2688 S.
950 2626 1091 2706 Lignum,
1106 2625 1164 2689 lib.
1180 2633 1209 2700 o,
1231 2587 1232 2653 ¹

237 2725 271 2800 n⁰
285 2719 355 2793 304,
375 2715 406 2776 io
415 2715 492 2798 ᾔτηη·
505 2715 601 2794 Trio„
613 2733 686 2778 sess.
703 2719 753 2792 22,
769 2734 836 2778 cun.
853 2719 882 2778 t.

278 2826 366 2886 3472.
387 2825 422 2885 In
432 2825 563 2905 quinum
576 2823 693 2886 actione
707 2823 805 2886 missae
819 2823 961 2886 consistat
970 2824 1100 2886 essentia
1114 2825 1214 2888 Sacri·
1230 2893 1231 2904 χ

239 2912 298 2974 iicii
326 2912 441 2989 missae,
460 2912 526 2973 vide
548 2911 628 2992 apud
653 2911 820 2993 Theologos
840 2919 870 2974 et
891 2913 923 2974 S.
947 2911 1068 2992 Liguor.
1099 2911 1210 2989 (ibim,

238 3013 272 3062 n⁰
292 3003 385 3078 305):
411 3001 558 3061 sententie
576 3001 766 3062 communior
786 3007 869 3062 tenet
889 3000 970 3061 iiiam
991 3000 1161 3064 consistere
1182 3002 1213 3063 in

239 3089 302 3150 solt
320 3087 557 3163 consecratione;
573 3089 756 3170 probabilior
774 3096 874 3150 tomen
891 3091 922 3150 S.
938 3090 1079 3168 Lignorio
1092 3089 1214 3152 vidntur

241 3175 387 3238 sententia
414 3195 482 3258 quae
510 3176 583 3238 dicit
608 3177 702 3258 ipsius
726 3179 886 3240 essentium
914 3178 1078 3240 consistere
1099 3181 1214 3258 partim

240 3263 270 3328 in
285 3266 508 3328 consecratione
527 3272 557 3327 et
574 3265 681 3347 partim
706 3267 737 3328 in
759 3267 945 3347 sumptione:
963 3287 980 3324 c
997 3265 1028 3326 in
1048 3283 1230 3351 consecro-p

240 3376 255 3414 r
279 3355 361 3416 tione
375 3354 455 3415 enim
479 3355 749 3436 ponituruictimn‚
765 3362 795 3415 et
813 3355 843 3418 in
863 3355 1035 3435 sumptione
1056 3357 1215 3416 consumi·

240 3465 256 3502 n
279 3449 329 3506 tur
342 3465 357 3502 u
370 3463 378 3519 ;
389 3443 616 3505 videmomenta
630 3443 740 3523 quibus
750 3446 877 3506 Sanctus
887 3447 999 3506 Auctor
1008 3460 1094 3504 susm
1106 3443 1215 3504 nititur

240 3533 367 3616 probare
390 3533 577 3593 sententiam.
602 3533 690 3594 Juxta
715 3541 815 3594 autern
839 3533 969 3595 fautores
990 3534 1229 3616 communioris

241 3621 412 3700 sententio,
439 3621 629 3696 communio,
658 3621 795 3701 quumvis
812 3619 852 3681 ud
879 3621 1039 3684 essentium
1059 3639 1121 3682 non
1143 3635 1229 3701 per-i
