2462 3972
189 159 248 221 1183
412 175 550 224 unaarum
569 173 670 223 roaros
688 173 771 220 rums
792 169 941 219 canonica.

193 272 393 334 nestoriorum
419 279 449 334 et
473 272 744 354 congregationum
769 268 999 350 religiosarum,
1033 267 1155 334 dixinm

193 377 285 441 supra
299 361 505 440 (atat-2932).

613 489 696 556 llll.
718 489 753 555 ll.

314 629 352 675 os
372 626 566 674 acrearuonu
587 625 725 672 ncncauu
746 623 1043 673 caucasiasuconmr.

1214 723 1215 752 l

233 777 324 837 5316.
347 774 420 846 Quae
433 772 565 834 diximus
579 789 670 852 supra
683 769 721 832 dc
742 771 923 834 alienatione
936 771 1089 836 honorum
1102 793 1159 836 mc-
1214 753 1215 778 ¹

195 866 395 925 nasteriorum
409 858 587 943 applicanda
601 865 672 921 sunt
688 858 862 922 alienaticni
879 865 1060 923 caeterorum
1075 861 1160 924 bonar-
1214 909 1215 938 ,

195 969 265 1015 rum
281 951 551 1014 ecclesiasticorum
567 967 575 1009 r
591 947 671 1010 licita
685 947 810 1029 quidem
828 965 895 1011 esso
912 954 1013 1029 potest
1032 949 1161 1012 alienatio
1214 945 1215 994 i

196 1040 347 1104 bonorum
361 1039 520 1101 mobilium
536 1055 597 1099 uon
612 1036 811 1118 pretiosorum
832 1042 884 1099 aut
901 1037 995 1100 ctiam
1009 1038 1160 1121 aliquanda

197 1129 348 1192 bonorum
358 1124 824 1207 immobilium,sedregulariter
834 1123 1023 1189 interdicitur
1031 1129 1161 1190 omnibus

197 1219 365 1300 Episcopis,
380 1215 535 1294 Ecclesiis,
550 1213 712 1296 Capitulis,
728 1211 949 1294 beneficiariis,
965 1218 1160 1290 monasteriis,

199 1305 256 1388 piis
270 1305 343 1366 locis
353 1304 433 1366 bona
449 1320 503 1364 sua
514 1300 714 1364 ecclesiastica
724 1300 890 1364 immobilia
900 1301 946 1364 vel
960 1303 1162 1385 pretiosaque

199 1393 307 1456 servari
324 1397 448 1472 possunt
457 1389 599 1468 alienare,
616 1389 672 1452 nisi
683 1389 735 1452 liat
748 1408 787 1453 ex
796 1389 876 1468 justa
888 1394 995 1462 coust,
1010 1397 1042 1454 et
1055 1393 1164 1455 serrals

199 1478 456 1544 formalitatibust
461 1478 529 1557 jure
537 1478 727 1560 praescriptis.
736 1477 866 1541 Nomine
875 1484 978 1541 cutem
986 1478 1165 1542 alienationis

199 1567 407 1649 intelliguntur
421 1584 484 1628 non
497 1565 596 1628 sclirm
610 1573 694 1628 actus
700 1567 810 1648 quibus
819 1565 996 1630 transfertur
1004 1567 1166 1630 dominium

199 1657 321 1740 proprie
334 1654 463 1732 dictum,
479 1661 514 1718 ut
526 1655 561 1718 tit
572 1671 626 1736 per
639 1655 861 1731 venditionem,
876 1653 1098 1736 donationem,
1113 1677 1167 1739 pcr-

202 1746 412 1823 mutationem,
423 1743 474 1806 sed
482 1743 663 1807 etiamoctus
676 1743 786 1824 quihus
792 1744 842 1824 jus
851 1744 880 1806 in
891 1751 1076 1825 perpetuum
1084 1747 1128 1808 uel
1137 1746 1169 1806 ad

200 1831 327 1916 longam
333 1839 454 1916 tempus
466 1831 653 1909 conceditur,
667 1839 699 1894 ut
712 1831 745 1894 lit
755 1849 808 1914 per
822 1831 1049 1914 emphyteusim
1062 1835 1088 1914 ¹,
1099 1835 1170 1898 loca·

202 1923 317 1987 tionem
340 1923 417 1985 ultra
436 1921 621 1999 triennium,
640 1919 947 2003 oppignerationem,
971 1919 1170 2004 hypothecas,

202 2011 426 2094 impositionem
441 2011 508 2073 nori
520 2009 711 2092 gravaminis,
720 2011 879 2088 servitutis,
893 2011 1018 2090 censos,
1028 2019 1091 2076 ete.
1105 2009 1170 2073 lide

203 2119 295 2182 supra
309 2103 418 2178 (3910,
434 2105 505 2176 etc,
518 2102 615 2176 2403,
630 2099 730 2180 alal).

243 2191 332 2250 5317.
367 2189 541 2270 Disputatur
573 2207 613 2250 an
645 2188 850 2251 necessarium
877 2187 916 2250 sit
951 2187 1167 2272 beneplacitum

204 2275 410 2359 Apostolicum
424 2295 496 2340 casu
510 2274 764 2357 quobonumfuit
776 2273 922 2338 donatum
944 2294 1020 2341 cum
1040 2279 1161 2362 expressi

203 2365 375 2429 conditione
396 2363 478 2446 qudd
492 2365 614 2427 alienari
635 2363 745 2447 poterit
758 2364 880 2445 proprii
893 2367 1073 2430 auctoritato
1085 2385 1092 2426 :
1104 2383 1161 2446 pm

203 2454 333 2517 habilem
348 2459 466 2536 reputat
480 2453 660 2518 sententiam
680 2461 841 2536 negantem
863 2454 896 2516 S.
915 2453 1043 2536 Lignor.
1070 2454 1168 2536 (lihl,

206 2551 240 2604 n⁰
256 2547 324 2618 187,
338 2551 399 2605 act.
415 2546 456 2620 2).

247 2635 335 2696 5318.
358 2629 531 2694 Notandum
552 2635 598 2694 est
619 2637 736 2710 autem,
760 2631 861 2713 quoad
881 2631 1083 2696 formalitates
1103 2652 1174 2716 pre·

205 2723 348 2804 scriptas,
365 2717 447 2802 quod
462 2719 486 2781 si
500 2737 560 2800 que
580 2719 659 2782 hona
682 2719 720 2784 ad
732 2719 881 2783 Ecclesias
894 2719 1109 2799 cathedrales,
1129 2726 1175 2784 aut

206 2815 293 2874 etiam
309 2809 347 2873 ad
361 2825 498 2871 mensam
511 2807 712 2891 episcopalem
727 2807 772 2870 vel
797 2807 942 2890 Capituli,
955 2807 1003 2872 vel
1021 2809 1061 2872 ad
1084 2809 1176 2874 Colle-

206 2903 327 2981 gislam,
343 2905 394 2963 aut
408 2898 445 2960 ad
460 2899 676 2960 monasterium
690 2897 887 2978 pertinentia,
897 2896 1023 2959 alienari
1037 2897 1174 2961 debeant.

206 2990 369 3069 requiritur
388 2995 421 3050 ut
434 2987 577 3050 Praelatus
589 2986 760 3066 Capitulum
783 2991 835 3048 aut
850 2985 1014 3068 collegium
1027 2987 1176 3050 consultet

205 3093 245 3136 an
262 3075 401 3137 alienatio
415 3076 566 3157 proposita
584 3073 623 3136 ad
637 3073 770 3136 ecclesie
788 3071 945 3136 utilitatem
964 3073 1133 3152 conducat,-
1148 3075 1176 3135 in

206 3179 304 3242 eoque
318 3163 458 3241 negotio,
470 3183 506 3224 ea
519 3162 753 3227 sententiaralet
765 3181 835 3244 quae
848 3160 954 3224 saltem
971 3162 1080 3242 majori
1105 3161 1176 3244 parti

240 3293 245 3318 ¹
257 3283 618 3347 Ernplryteusisestcontractus
626 3301 685 3353 quc,
694 3291 789 3338 retento
800 3283 1020 3346 dominiadiracto,
1033 3286 1178 3337 transfertur

206 3352 312 3402 altariad
321 3353 409 3418 longos
422 3369 499 3406 annos
511 3355 646 3408 domiciani
659 3357 719 3409 atila
730 3372 775 3410 seu
786 3357 951 3409 ususfructus.
964 3357 1035 3424 ilpud
1044 3371 1091 3406 nos
1098 3363 1178 3424 potest

206 3421 259 3472 acri
272 3421 301 3470 ad
311 3423 341 3471 aa
353 3437 432 3473 annas
444 3439 474 3475 ex
489 3425 544 3489 lege
555 3428 586 3478 18
598 3433 648 3479 cat.
663 3428 740 3486 lltlo,
753 3427 800 3478 atsi
809 3441 860 3479 nan
876 3430 917 3492 jus
933 3426 959 3478 in
971 3442 1013 3486 re,
1032 3425 1075 3480 sed
1092 3427 1136 3493 jus
1149 3428 1178 3476 ed

206 3507 256 3611 :gna
272 3493 363 3626 iclirmfi
378 3495 455 3628 [rofeil
474 3495 608 3548 transferri.
627 3497 696 3562 (tide
707 3498 793 3549 tucci.
809 3495 904 3559 lotor..
921 3499 951 3550 de
961 3499 1067 3560 lustitia,
1083 3498 1142 3548 diss.
1156 3499 1179 3558 l,

236 3578 259 3628 p.
291 3577 336 3623 ‚an
366 3577 404 3615 na.
