2434 3940
409 224 493 270 utum
513 223 672 270 sacuuuos.
965 205 1024 265 tat

84 353 96 394 a
115 327 1026 416 cretasunt.impugnantuminatiemtssensastemet-edetur-

83 444 97 482 n
115 423 479 505 queteseuinterpcetasi.»
490 416 1028 502 Deindeubf'tgationemdenuntiandi

85 513 278 576 ooutessartum
304 514 512 592 exquirentem
539 530 650 574 nutneu
671 509 912 590 compliciscum
937 507 1030 568 dene-

87 597 1033 684 gatioueabsotutionis,imponitcuicutnquenovetittofemcon·

87 693 224 754 fossarium
238 693 324 754 aliter
338 695 429 771 quatu
441 709 477 753 ex
489 691 582 770 ipsius
597 687 801 763 confessione3
812 686 921 766 excipit
932 693 1034 746 tamen

86 799 176 842 casam
190 781 459 863 quoooufessatius
472 781 514 841 sio
529 787 630 858 ageret
640 797 678 842 ex
692 775 894 858 simplicitate.
906 773 951 856 (S.
968 772 1031 854 ttg.

86 867 161 948 ibid,
175 882 207 936 tt⁰
219 871 302 951 tat.)
322 873 355 933 V.
371 872 462 949 sapuit
478 869 593 947 (ittot.

471 997 554 1061 nat.
577 995 623 1058 fif.

281 1147 319 1194 ns
339 1141 561 1192 sneisancuosa
581 1139 813 1188 sacannmmut.

112 1287 192 1348 3829.
215 1279 383 1345 Satisfaetio
397 1272 619 1338 sacnttmentalis
632 1271 723 1352 vulgo
736 1269 879 1334 definitur
894 1289 903 1332 t
927 1268 1035 1332 Volun-

82 1375 150 1436 totn'a
160 1369 321 1454 acceptatio
333 1375 363 1430 et
376 1362 521 1428 assecutio
531 1361 629 1443 opens
642 1361 793 1442 pensitat
807 1359 980 1442 confessario
995 1360 1039 1418 iu-

81 1462 171 1542 iunctn',
187 1462 226 1524 ad
236 1453 475 1540 compensandam
489 1449 633 1531 injuriam
650 1449 708 1512 Deo
721 1448 837 1510 illatam
852 1459 881 1510 et
894 1449 1039 1510 exsoluen-

80 1552 136 1614 tan
150 1571 266 1636 ponam
288 1543 477 1628 temporalem
497 1557 562 1623 quta
581 1545 674 1602 restat
693 1537 843 1600 ordinarie
866 1534 1039 1620 capessatis

80 1644 195 1704 remissis
207 1635 307 1724 quoad
319 1634 444 1716 culpam.

112 1735 195 1796 3830.
206 1731 387 1792 Centumest
399 1720 615 1785 confessarium
625 1717 720 1780 teneri
731 1713 1043 1797 imponerentuniteu-

79 1821 148 1885 tibus
160 1815 395 1884 satisfactionem
410 1811 539 1893 peccatis
551 1855 559 1885 ,
567 1827 624 1890 per
635 1825 664 1868 se
680 1803 829 1887 loquendo,
846 1803 1041 1883 condignam

79 1911 115 1974 sia
136 1911 214 1974 enim
237 1907 331 1969 habet
352 1900 465 1964 Concil.
490 1895 703 1960 tridentinum
725 1897 814 1973 (sess.
831 1897 888 1968 tt,
907 1909 973 1972 cap.
991 1893 1042 1964 itt:

82 2025 95 2060 u
113 2001 225 2062 fteitent
243 2013 319 2076 ergo
333 1989 522 2065 sacerdotes,
543 1987 692 2068 quantiam
706 1981 828 2066 spiritus
841 1987 872 2044 et
885 1979 1045 2063 prudentia

82 2113 94 2150 u
112 2087 295 2172 suggesserit
309 2130 317 2160 ,
333 2097 388 2164 pro
402 2079 545 2160 qualitate
559 2075 721 2160 criminum
734 2081 764 2134 et
777 2071 988 2155 penitentium
1002 2069 1046 2133 fa·

79 2201 90 2238 ι
111 2160 1044 2247 euitate,saiutauesetconvenientessatisfactionesinjungere:

82 2291 93 2326 t
112 2289 148 2331 ne
161 2270 185 2331 si
201 2266 281 2328 fonte
296 2259 426 2343 peccatis
439 2255 629 2328 conniveant,
640 2260 670 2314 et
680 2250 884 2332 indulgentius
898 2269 968 2311 cam
984 2269 1046 2330 poe-
1146 2275 1149 2280 ·

80 2381 91 2418 n
113 2357 280 2422 nitentibus
293 2355 400 2430 agant,
419 2343 567 2408 leuissima
580 2343 720 2423 quaedam
733 2357 826 2402 onera
841 2358 896 2421 pso
911 2339 1048 2420 gravissi-

80 2471 91 2507 ι
113 2450 168 2511 mis
176 2435 504 2518 ‹tettottstnjungond0‚
514 2433 680 2494 alienorum
691 2438 882 2512 peccatorum
891 2429 1049 2510 participes

80 2563 91 2596 u
113 2538 283 2601 efficiantur
294 2549 302 2605 3
314 2527 443 2590 habeant
453 2530 553 2586 autem
565 2539 626 2602 pcae
637 2519 733 2582 ocutis
747 2524 780 2580 ut
789 2517 947 2579 satisfactio
958 2534 1050 2596 quam

79 2652 91 2686 u
113 2626 292 2709 imponunt.
313 2616 423 2678 nonsit
435 2614 553 2674 tantum
569 2609 606 2671 ad
622 2627 707 2670 novae
720 2606 786 2667 vitae
800 2605 983 2681 custodiant,
999 2604 1051 2665 sed

79 2741 93 2775 u
115 2717 204 2779 etiam
219 2710 261 2773 ad
275 2705 497 2790 preteritorum
512 2706 703 2782 peccatorum
715 2692 879 2755 vindictam
889 2699 919 2751 et
932 2692 1052 2771 castiga-

79 2829 93 2865 ·
115 2809 277 2868 tionem.»

116 2897 207 2957 383t.
234 2885 372 2950 Diximus
380 2899 437 2965 per
448 2900 478 2944 se
493 2874 649 2963 loquendo:
664 2889 737 2936 nam
757 2867 920 2951 aliquando
934 2884 1056 2930 excusa-

79 2992 126 3048 tur
139 2977 343 3046 confessarius
353 3019 362 3052 ,
372 2971 553 3036 levissimam
563 2964 608 3030 vel
621 2963 712 3025 etiam
727 2961 840 3024 nullam
852 2955 1055 3040 peonitentiam

80 3067 286 3154 iniungend03
300 3083 329 3124 v.
339 3083 369 3143 g.
381 3061 405 3122 si
419 3060 477 3122 hoc
488 3057 594 3119 faciat:
612 3052 644 3114 ft
658 3052 729 3133 quia
743 3051 893 3134 poenitens
907 3053 952 3110 est
965 3043 1057 3108 vehe-

81 3157 271 3225 mentissime
284 3152 448 3227 contritus,
462 3147 509 3208 vet
526 3144 597 3226 quia
619 3141 704 3204 aliter
723 3137 878 3214 satisfecit,
896 3135 1056 3217 induigen-

81 3254 152 3326 tias,
166 3245 197 3311 u.
215 3265 259 3328 g„
272 3239 416 3304 lucrando
428 3257 436 3299 ε
449 3235 502 3298 sed
516 3235 547 3296 in
563 3233 620 3294 hoc
633 3248 705 3293 casu
718 3227 933 3308 dehetsempac
943 3225 1058 3308 imponi

81 3341 184 3422 aliqua
203 3329 397 3417 poenitentia,
416 3324 582 3408 presertim
601 3339 636 3384 eu
651 3337 718 3401 que
733 3316 899 3380 necessaria
921 3323 1000 3378 esset
1020 3315 1059 3378 ad

83 3427 268 3492 medicinam
283 3423 325 3498 tS.
341 3418 477 3499 Ligaun,
491 3412 542 3473 fib.
559 3415 596 3488 6,
612 3419 645 3471 n⁰
660 3413 735 3483 5193
752 3409 891 3487 Laqueus
905 3451 913 3480 ,
926 3415 959 3466 η’
969 3407 1057 3482 930);

83 3517 127 3582 nef
152 3518 187 3578 2⁰
205 3512 276 3596 quia
294 3516 444 3590 impotens
463 3507 509 3565 est
522 3501 687 3576 poenitens,
701 3497 790 3558 macti
814 3491 988 3576 proximus,
1009 3498 1062 3554 aut

84 3606 174 3670 mtto
187 3601 310 3677 debitis,
323 3597 375 3660 oui
395 3600 499 3656 umen
517 3591 681 3672 prudenter
703 3583 890 3665 iniungenda
905 3590 950 3644 est
970 3581 1062 3640 etiam

286 3691 289 3698 .
901 3679 937 3737 b,
