2474 3946
166 219 226 282 300
389 234 529 281 ninutas
548 235 650 281 rorras
669 231 753 278 roms
773 228 922 276 canonici.

168 332 270 395 taralis
283 350 337 395 seu
354 329 561 394 transversalia
568 345 582 406 ,·
589 328 674 411 prior
687 334 734 390 est
746 326 839 389 series
852 339 1050 407 personarunt
1068 343 1137 406 quo·

167 439 235 483 runr
250 419 481 483 una'descendit
494 417 533 480 ab
546 418 619 494 alid3
635 416 782 498 posterior
795 415 866 476 rerd
877 420 924 476 est
936 415 1027 478 series
1041 431 1138 495 perso

166 525 274 571 narum
290 527 358 590 quae
373 508 442 570 licet
455 508 586 588 stipitem
600 521 796 568 communem
810 502 951 578 habeant,
960 503 1025 566 aliie
1038 510 1139 566 tarum

166 595 205 658 ab
217 597 284 658 aliis
299 615 361 658 non
379 596 581 672 descendunt,
596 593 766 666 alirunas,
781 591 955 655 consobrini
970 637 978 668 ‚
993 599 1050 654 ets.

206 685 298 748 Linea
313 685 490 747 collateralis
509 690 552 746 est
573 682 696 764 aqualis
714 681 761 743 rel
780 679 953 762 inaequalis,
970 687 1061 761 prout
1072 695 1142 742 con·

167 773 325 856 sanguinei
338 773 495 856 aqualiter
508 772 551 834 vel
567 770 753 852 inaequaliter
773 769 959 832 icommuni
975 769 1073 850 stipite
1084 769 1142 831 dis·

167 868 248 936 tant,
266 883 294 924 v.
311 882 356 945 g.,
380 869 506 944 patruus
527 867 558 922 et
581 877 691 941 nepos,
710 858 791 922 tilius
809 865 840 920 et
861 876 947 920 soror
960 859 1068 940 patris,
1083 863 1140 922 etc.

168 949 213 1028 (P.
230 953 332 1033 Gury,
348 957 422 1013 tom.
437 955 456 1012 2
469 997 478 1028 ,
492 961 527 1012 n⁰
540 952 624 1028 605.)

206 1044 297 1103 4259.
321 1038 572 1120 Consanguinitas
586 1039 617 1099 in
641 1038 720 1100 tinea
733 1039 815 1099 recta
835 1036 1062 1099 matrimonium
1075 1035 1145 1100 diri·

169 1127 225 1190 mit
247 1129 401 1191 indefinite
425 1129 456 1190 in
477 1145 671 1209 quocumque
685 1125 780 1206 gradu
793 1173 801 1203 ,
816 1125 921 1188 saltem
935 1124 973 1188 de
984 1127 1054 1204 iure
1067 1126 1145 1208 posi·

169 1216 245 1280 tivo:
262 1225 377 1279 constat
391 1235 428 1280 er
442 1235 580 1298 respons.
596 1216 711 1277 Nicolai
724 1217 735 1276 l
748 1213 786 1276 ad
801 1215 964 1296 Bulgaros‚
978 1232 1006 1276 c.
1023 1217 1075 1278 37.

210 1305 461 1386 Gonsanguinitas
476 1307 506 1366 in
521 1305 601 1366 linet
614 1303 776 1366 collaterali
786 1304 1013 1365 matrimonium
1031 1303 1146 1366 dirimit

170 1393 261 1455 etiam
275 1393 353 1454 inter
366 1413 418 1456 eos
431 1395 482 1475 qui
497 1411 533 1456 ex
549 1393 656 1455 eodem
671 1399 755 1474 patre
772 1395 904 1461 tantum,
921 1393 965 1454 vol
987 1410 1024 1454 ex
1037 1393 1145 1455 eddam

170 1484 287 1544 tantum
301 1489 396 1545 matre
410 1483 472 1544 nati
486 1489 577 1556 sunt,
592 1481 682 1544 etiam
695 1480 786 1543 modo
804 1481 980 1562 illegitimo,
996 1500 1095 1562 usque
1109 1481 1146 1543 ad

172 1577 311 1649 quartum
325 1571 454 1652 padum
467 1569 623 1648 inclusive,
634 1577 732 1632 etnon
743 1570 820 1632 ultra
831 1589 840 1631 ι
850 1575 1015 1632 constater
1028 1571 1144 1634 Concil.

170 1661 307 1722 Lateran.
324 1661 374 1736 IV,
385 1667 416 1722 et
427 1677 465 1723 ex
478 1659 567 1722 variis
581 1659 655 1722 locis
665 1659 743 1739 iuris
751 1657 900 1722 canonici.
914 1657 988 1722 Vide
1002 1659 1036 1720 P.
1051 1660 1145 1742 Gurp,

171 1755 245 1810 tom.
257 1754 296 1828 2,
311 1758 344 1810 n⁰
358 1753 429 1813 606.

212 1841 301 1902 tatto.
325 1838 374 1901 Sic
387 1845 490 1901 autem
511 1842 583 1902 sunt
600 1837 795 1920 computandi
810 1835 920 1919 gradm
934 1839 1151 1920 consanguini-

172 1929 258 1988 tatis:
275 1931 306 1988 t⁰
319 1927 351 1990 in
365 1927 445 1991 lineo
461 1927 561 2004 recta,
580 1933 623 1989 tot
642 1935 840 1990 numerantur
862 1927 974 2008 gradus
987 1937 1065 2008 quot
1078 1935 1147 1990 sunt

173 2018 398 2096 generationes,
413 2035 468 2079 scu
481 2023 555 2097 quot
569 2021 638 2078 sunt
653 2034 806 2097 personas,
821 2015 919 2097 stipite
931 2016 1066 2097 dempto.

212 2109 243 2165 2⁰
255 2105 292 2166 ln
306 2104 383 2166 lineat
397 2103 566 2167 collaterali
574 2104 685 2185 aquali
691 2151 701 2178 ,
717 2111 762 2168 tot
774 2111 845 2168 sunt
864 2103 975 2184 gradus
988 2112 1066 2186 quot
1080 2113 1148 2168 sunt

173 2211 310 2274 personae
324 2194 401 2256 inter
414 2193 545 2275 stipitem
558 2199 589 2255 et
602 2211 695 2254 unam
716 2211 753 2254 ex
772 2193 909 2274 personis
928 2193 1149 2257 collateralibus

173 2282 211 2345 de
225 2283 336 2364 quibus
349 2281 460 2364 gradus
470 2279 742 2361 suntcomputandi
755 2329 764 2357 ‚
775 2279 897 2361 dempto
913 2282 1021 2361 pariter
1034 2285 1147 2365 stipite.

214 2377 245 2433 3ο
255 2371 290 2434 In
305 2371 382 2433 linea
396 2369 563 2432 collaterali
573 2369 721 2451 iaaqaali,
733 2377 775 2432 tot
785 2376 857 2431 sunt
870 2369 981 2449 gradus
990 2379 1066 2451 quot
1081 2390 1149 2454 per·

174 2479 256 2522 sonae
269 2461 463 2521 inveniuntur
472 2459 549 2520 inter
561 2459 692 2539 stipitem
699 2465 729 2520 ct
741 2457 1003 2537 consanguineum
1009 2461 1149 2522 remotio

174 2565 240 2612 rem
265 2549 303 2611 ab
328 2547 436 2610 eodem
460 2547 557 2628 stipite
581 2545 634 2628 qui
660 2547 752 2609 etiam
770 2563 833 2608 uon
851 2545 940 2609 debet
965 2551 1148 2631 computari.

175 2640 220 2717 (Ρ.
236 2641 331 2720 Gury,
345 2643 421 2699 tom.
438 2640 468 2710 Ξ,
485 2639 519 2697 n⁰
533 2637 614 2714 609).

213 2730 303 2789 leot.
328 2725 420 2787 Aliter
446 2723 557 2806 gradus
577 2730 793 2806 computantur
813 2723 845 2787 iu
866 2723 945 2788 linea
963 2725 1148 2805 collaterali,

173 2818 257 2897 juxta
267 2816 318 2894 jus
332 2813 418 2878 civile
432 2814 464 2876 in
479 2813 590 2891 Gallit3
605 2813 727 2876 insimul
744 2813 827 2875 enim
841 2812 1024 2893 adjiciuntur
1037 2819 1149 2897 gradm

13 2915 67 2936 ··”··
175 2905 286 2986 quibus
301 2903 410 2983 singuli
428 2903 640 2965 contrahentes
660 2904 677 2964 a
691 2902 791 2983 stipite
808 2902 964 2965 communi
977 2901 1106 2982 distant,
1121 2911 1149 2968 et

176 3008 346 3056 summaer
360 2990 396 3051 iis
409 2989 564 3053 efformata
577 2992 718 3074 exprimit
732 2991 763 3052 in
778 3009 839 3072 quo
853 2989 949 3072 gradu
962 2993 1148 3076 consangui-

177 3080 277 3143 nitatis
303 3077 381 3139 inter
405 3095 438 3140 sc
464 3079 615 3157 existunt3
640 3081 683 3143 sio
709 3079 813 3142 tratres
834 3087 865 3142 et
883 3099 1001 3146 sorores
1025 3092 1098 3146 sunt
1118 3085 1147 3146 in

176 3167 310 3232 secundo
324 3165 418 3246 gradu
432 3169 700 3250 consanguinitatis
718 3169 803 3250 juxta
813 3167 864 3248 jus
883 3169 970 3233 civile
992 3179 1144 3248 nostrum3

177 3255 349 3320 consobrini
365 3255 501 3336 germani
523 3256 555 3318 in
578 3265 685 3339 quarto
708 3258 818 3340 gradu,
838 3264 909 3336 etc.;
931 3261 1099 3326 avunculus
1119 3267 1148 3323 et

177 3345 238 3408 lilia
252 3344 348 3408 fratris
362 3351 414 3408 aut
426 3345 556 3426 sororis,
571 3345 602 3408 in
617 3347 703 3409 tertio
717 3346 829 3428 gradm
846 3351 904 3410 etc.

217 3441 306 3498 4262.
331 3435 452 3506 Quaerit.
481 3435 582 3507 Ouo
571 3453 639 3513 jore
664 3435 911 3517 consanguinitas
938 3439 971 3502 in
1000 3438 1147 3522 prodicos

178 3525 320 3609 gradibus
334 3523 559 3584 matrimonium
572 3522 717 3586 dirimat?

218 3614 308 3690 Resp.
323 3611 444 3674 Quum
458 3627 523 3672 essa
539 3611 612 3673 illud
625 3611 789 3676 dirimere
777 3631 848 3694 puro
863 3615 992 3680 naturali
1004 3623 1036 3682 tn
1050 3579 1147 3695 primo
