<?xml version="1.0" encoding="UTF-8"?>
<!DOCTYPE html PUBLIC "-//W3C//DTD XHTML 1.0 Transitional//EN"
    "http://www.w3.org/TR/xhtml1/DTD/xhtml1-transitional.dtd">
<html xmlns="http://www.w3.org/1999/xhtml" xml:lang="en" lang="en">
 <head>
  <title>
</title>
<meta http-equiv="Content-Type" content="text/html;charset=utf-8" />
  <meta name='ocr-system' content='tesseract 3.04.00' />
  <meta name='ocr-capabilities' content='ocr_page ocr_carea ocr_par ocr_line ocrx_word'/>
</head>
<body>
  <div class='ocr_page' id='page_1' title='image "./manualetotiusju00craigoog_0637.png"; bbox 0 0 2420 3968; ppageno 0'>
   <div class='ocr_carea' id='block_1_1' title="bbox 213 162 1091 242">
    <p class='ocr_par' dir='ltr' id='par_1_1' title="bbox 213 162 1091 242">
     <span class='ocr_line' id='line_1_1' title="bbox 213 162 1091 242; baseline -0.003 -2"><span class='ocrx_word' id='word_1_1' title='bbox 213 179 272 240; x_wconf 79' lang='lat'>630</span> <span class='ocrx_word' id='word_1_2' title='bbox 432 193 570 242; x_wconf 77' lang='lat' dir='ltr'>urrunnun</span> <span class='ocrx_word' id='word_1_3' title='bbox 590 193 689 242; x_wconf 85' lang='lat' dir='ltr'>rorrus</span> <span class='ocrx_word' id='word_1_4' title='bbox 709 195 792 242; x_wconf 75' lang='lat' dir='ltr'>sunus</span> <span class='ocrx_word' id='word_1_5' title='bbox 814 191 961 240; x_wconf 79' lang='lat' dir='ltr'>eruemur.</span> <span class='ocrx_word' id='word_1_6' title='bbox 1078 162 1091 168; x_wconf 70' lang='grc'><strong><em>’</em></strong></span> 
     </span>
    </p>
   </div>
   <div class='ocr_carea' id='block_1_2' title="bbox 208 284 1189 3594">
    <p class='ocr_par' dir='ltr' id='par_1_2' title="bbox 208 284 1187 446">
     <span class='ocr_line' id='line_1_2' title="bbox 208 284 1187 375; baseline -0.006 -19"><span class='ocrx_word' id='word_1_7' title='bbox 208 293 332 356; x_wconf 87' lang='lat' dir='ltr'>volitum</span> <span class='ocrx_word' id='word_1_8' title='bbox 346 293 434 356; x_wconf 88' lang='lat' dir='ltr'>luerit</span> <span class='ocrx_word' id='word_1_9' title='bbox 449 293 593 356; x_wconf 74' lang='lat' dir='ltr'>indirecte</span> <span class='ocrx_word' id='word_1_10' title='bbox 602 297 632 356; x_wconf 90' lang='lat' dir='ltr'>et</span> <span class='ocrx_word' id='word_1_11' title='bbox 646 292 678 356; x_wconf 92' lang='lat' dir='ltr'>in</span> <span class='ocrx_word' id='word_1_12' title='bbox 691 291 792 356; x_wconf 81' lang='lat' dir='ltr'>euusd.</span> <span class='ocrx_word' id='word_1_13' title='bbox 809 289 926 375; x_wconf 77' lang='lat' dir='ltr'>(lips.</span> <span class='ocrx_word' id='word_1_14' title='bbox 941 287 1085 372; x_wconf 67' lang='lat' dir='ltr'>Lignum,</span> <span class='ocrx_word' id='word_1_15' title='bbox 1094 284 1149 349; x_wconf 90' lang='lat' dir='ltr'>lib.</span> <span class='ocrx_word' id='word_1_16' title='bbox 1159 289 1187 363; x_wconf 78' lang='lat'>3,</span> 
     </span>
     <span class='ocr_line' id='line_1_3' title="bbox 211 385 324 446; baseline -0.018 -1"><span class='ocrx_word' id='word_1_17' title='bbox 211 385 242 445; x_wconf 69' lang='grc' dir='ltr'>ιι0</span> <span class='ocrx_word' id='word_1_18' title='bbox 257 387 324 446; x_wconf 85' lang='grc'><strong>196.</strong></span> 
     </span>
    </p>

    <p class='ocr_par' dir='ltr' id='par_1_3' title="bbox 209 383 1189 912">
     <span class='ocr_line' id='line_1_4' title="bbox 248 383 1187 555; baseline -0.01 -20"><span class='ocrx_word' id='word_1_19' title='bbox 248 477 281 535; x_wconf 78' lang='lat'>2⁰</span> <span class='ocrx_word' id='word_1_20' title='bbox 300 383 431 534; x_wconf 40' lang='lat' dir='ltr'>ignatius</span> <span class='ocrx_word' id='word_1_21' title='bbox 453 478 524 536; x_wconf 90' lang='lat' dir='ltr'>sunt</span> <span class='ocrx_word' id='word_1_22' title='bbox 536 474 647 555; x_wconf 82' lang='lat' dir='ltr'>puriter</span> <span class='ocrx_word' id='word_1_23' title='bbox 664 479 730 536; x_wconf 79' lang='lat' dir='ltr'>veta</span> <span class='ocrx_word' id='word_1_24' title='bbox 748 473 787 536; x_wconf 88' lang='lat' dir='ltr'>ub</span> <span class='ocrx_word' id='word_1_25' title='bbox 801 491 838 535; x_wconf 92' lang='lat' dir='ltr'>eo</span> <span class='ocrx_word' id='word_1_26' title='bbox 851 469 962 533; x_wconf 83' lang='lat' dir='ltr'>emissa</span> <span class='ocrx_word' id='word_1_27' title='bbox 980 468 1035 550; x_wconf 85' lang='lat' dir='ltr'>qui</span> <span class='ocrx_word' id='word_1_28' title='bbox 1052 467 1187 528; x_wconf 91' lang='lat' dir='ltr'>nondum</span> 
     </span>
     <span class='ocr_line' id='line_1_5' title="bbox 210 557 1189 644; baseline -0.004 -21"><span class='ocrx_word' id='word_1_29' title='bbox 210 568 368 644; x_wconf 72' lang='lat' dir='ltr'>perventus</span> <span class='ocrx_word' id='word_1_30' title='bbox 382 560 487 624; x_wconf 86' lang='lat' dir='ltr'>luisset</span> <span class='ocrx_word' id='word_1_31' title='bbox 500 561 538 624; x_wconf 86' lang='lat' dir='ltr'>ud</span> <span class='ocrx_word' id='word_1_32' title='bbox 552 579 642 624; x_wconf 91' lang='lat' dir='ltr'>usum</span> <span class='ocrx_word' id='word_1_33' title='bbox 656 562 797 624; x_wconf 78' lang='lat' dir='ltr'>rationis:</span> <span class='ocrx_word' id='word_1_34' title='bbox 813 560 884 624; x_wconf 87' lang='lat' dir='ltr'>sutis</span> <span class='ocrx_word' id='word_1_35' title='bbox 897 563 1062 621; x_wconf 80' lang='lat' dir='ltr'>esttamen</span> <span class='ocrx_word' id='word_1_36' title='bbox 1077 563 1111 620; x_wconf 87' lang='lat' dir='ltr'>ul</span> <span class='ocrx_word' id='word_1_37' title='bbox 1123 557 1189 638; x_wconf 82' lang='lat' dir='ltr'>quis</span> 
     </span>
     <span class='ocr_line' id='line_1_6' title="bbox 210 646 1186 732; baseline -0.005 -20"><span class='ocrx_word' id='word_1_38' title='bbox 210 669 279 714; x_wconf 89' lang='lat' dir='ltr'>eum</span> <span class='ocrx_word' id='word_1_39' title='bbox 291 669 381 712; x_wconf 87' lang='lat' dir='ltr'>usum</span> <span class='ocrx_word' id='word_1_40' title='bbox 391 650 516 713; x_wconf 85' lang='lat' dir='ltr'>rationis</span> <span class='ocrx_word' id='word_1_41' title='bbox 525 649 632 714; x_wconf 82' lang='lat' dir='ltr'>hebeat</span> <span class='ocrx_word' id='word_1_42' title='bbox 641 646 1186 732; x_wconf 80' lang='lat' dir='ltr'>quaesuffieitudpecmtummorlule,</span> 
     </span>
     <span class='ocr_line' id='line_1_7' title="bbox 210 736 1188 823; baseline -0.004 -23"><span class='ocrx_word' id='word_1_43' title='bbox 210 739 265 802; x_wconf 89' lang='lat' dir='ltr'>nisi</span> <span class='ocrx_word' id='word_1_44' title='bbox 280 746 419 821; x_wconf 79' lang='lat' dir='ltr'><strong>ageretur</strong></span> <span class='ocrx_word' id='word_1_45' title='bbox 436 738 475 802; x_wconf 89' lang='lat' dir='ltr'>de</span> <span class='ocrx_word' id='word_1_46' title='bbox 488 745 557 803; x_wconf 88' lang='lat' dir='ltr'>voto</span> <span class='ocrx_word' id='word_1_47' title='bbox 572 739 698 802; x_wconf 83' lang='lat' dir='ltr'><strong>solemni</strong></span> <span class='ocrx_word' id='word_1_48' title='bbox 712 739 879 823; x_wconf 79' lang='lat' dir='ltr'>Religionis</span> <span class='ocrx_word' id='word_1_49' title='bbox 895 736 980 820; x_wconf 89' lang='lat' dir='ltr'>quod</span> <span class='ocrx_word' id='word_1_50' title='bbox 993 743 1110 800; x_wconf 85' lang='lat' dir='ltr'>eertum</span> <span class='ocrx_word' id='word_1_51' title='bbox 1124 745 1188 798; x_wconf 71' lang='lat' dir='ltr'>aete</span> 
     </span>
     <span class='ocr_line' id='line_1_8' title="bbox 209 829 863 912; baseline 0.002 -22"><span class='ocrx_word' id='word_1_52' title='bbox 209 833 271 892; x_wconf 93' lang='lat' dir='ltr'>tem</span> <span class='ocrx_word' id='word_1_53' title='bbox 286 829 430 911; x_wconf 80' lang='lat' dir='ltr'>requirit,</span> <span class='ocrx_word' id='word_1_54' title='bbox 449 833 483 891; x_wconf 93' lang='lat' dir='ltr'>ut</span> <span class='ocrx_word' id='word_1_55' title='bbox 494 829 627 892; x_wconf 82' lang='lat' dir='ltr'>diximus</span> <span class='ocrx_word' id='word_1_56' title='bbox 643 847 734 912; x_wconf 81' lang='lat' dir='ltr'>supro</span> <span class='ocrx_word' id='word_1_57' title='bbox 750 831 863 910; x_wconf 72' lang='lat'><strong>(2688).</strong></span> 
     </span>
    </p>

    <p class='ocr_par' dir='ltr' id='par_1_4' title="bbox 211 915 1186 1250">
     <span class='ocr_line' id='line_1_9' title="bbox 247 915 1184 1001; baseline -0.003 -20"><span class='ocrx_word' id='word_1_58' title='bbox 247 922 282 981; x_wconf 83' lang='lat'>3·</span> <span class='ocrx_word' id='word_1_59' title='bbox 302 921 365 981; x_wconf 86' lang='lat' dir='ltr'>Neo</span> <span class='ocrx_word' id='word_1_60' title='bbox 382 917 473 982; x_wconf 83' lang='lat' dir='ltr'>etium</span> <span class='ocrx_word' id='word_1_61' title='bbox 486 917 599 1001; x_wconf 75' lang='lat' dir='ltr'>obliget</span> <span class='ocrx_word' id='word_1_62' title='bbox 618 923 721 982; x_wconf 87' lang='lat' dir='ltr'>votum</span> <span class='ocrx_word' id='word_1_63' title='bbox 734 917 848 982; x_wconf 84' lang='lat' dir='ltr'>suetum</span> <span class='ocrx_word' id='word_1_64' title='bbox 863 919 942 981; x_wconf 81' lang='lat' dir='ltr'>oum¹</span> <span class='ocrx_word' id='word_1_65' title='bbox 951 915 1124 998; x_wconf 63' lang='lat' dir='ltr'>semipleni</span> <span class='ocrx_word' id='word_1_66' title='bbox 1134 915 1184 978; x_wconf 77' lang='lat' dir='ltr'>sd-</span> 
     </span>
     <span class='ocr_line' id='line_1_10' title="bbox 211 1005 1186 1090; baseline -0.003 -21"><span class='ocrx_word' id='word_1_67' title='bbox 211 1008 373 1087; x_wconf 61' lang='lat' dir='ltr'>rertentffl,</span> <span class='ocrx_word' id='word_1_68' title='bbox 387 1027 416 1070; x_wconf 87' lang='lat' dir='ltr'>v.</span> <span class='ocrx_word' id='word_1_69' title='bbox 433 1029 477 1090; x_wconf 82' lang='lat' dir='ltr'>g.‚</span> <span class='ocrx_word' id='word_1_70' title='bbox 492 1025 532 1070; x_wconf 84' lang='lat' dir='ltr'>ex</span> <span class='ocrx_word' id='word_1_71' title='bbox 543 1007 707 1089; x_wconf 82' lang='lat' dir='ltr'>repentino</span> <span class='ocrx_word' id='word_1_72' title='bbox 727 1007 822 1071; x_wconf 85' lang='lat' dir='ltr'>uuirni</span> <span class='ocrx_word' id='word_1_73' title='bbox 841 1013 945 1085; x_wconf 84' lang='lat' dir='ltr'>motu,</span> <span class='ocrx_word' id='word_1_74' title='bbox 969 1005 1186 1070; x_wconf 75' lang='lat' dir='ltr'>cousuetudine</span> 
     </span>
     <span class='ocr_line' id='line_1_11' title="bbox 211 1095 1184 1179; baseline -0.001 -23"><span class='ocrx_word' id='word_1_75' title='bbox 211 1095 324 1179; x_wconf 79' lang='lat' dir='ltr'>lingum</span> <span class='ocrx_word' id='word_1_76' title='bbox 338 1103 469 1160; x_wconf 81' lang='lat' dir='ltr'><strong>mentem</strong></span> <span class='ocrx_word' id='word_1_77' title='bbox 484 1097 714 1179; x_wconf 71' lang='lat' dir='ltr'>praevenientis,</span> <span class='ocrx_word' id='word_1_78' title='bbox 729 1097 827 1162; x_wconf 85' lang='lat' dir='ltr'>velex</span> <span class='ocrx_word' id='word_1_79' title='bbox 842 1097 943 1160; x_wconf 84' lang='lat' dir='ltr'>calore</span> <span class='ocrx_word' id='word_1_80' title='bbox 962 1095 1129 1158; x_wconf 74' lang='lat' dir='ltr'>iracundie</span> <span class='ocrx_word' id='word_1_81' title='bbox 1140 1115 1184 1155; x_wconf 78' lang='lat' dir='ltr'>ra-</span> 
     </span>
     <span class='ocr_line' id='line_1_12' title="bbox 212 1187 591 1250; baseline 0.008 -3"><span class='ocrx_word' id='word_1_82' title='bbox 212 1187 301 1249; x_wconf 84' lang='lat' dir='ltr'>tionis</span> <span class='ocrx_word' id='word_1_83' title='bbox 315 1205 404 1249; x_wconf 91' lang='lat' dir='ltr'>usum</span> <span class='ocrx_word' id='word_1_84' title='bbox 419 1187 591 1250; x_wconf 76' lang='lat' dir='ltr'>auterentis.</span> 
     </span>
    </p>

    <p class='ocr_par' dir='ltr' id='par_1_5' title="bbox 211 1275 1184 1716">
     <span class='ocr_line' id='line_1_13' title="bbox 256 1275 1184 1359; baseline 0.003 -25"><span class='ocrx_word' id='word_1_85' title='bbox 256 1298 271 1334; x_wconf 80' lang='grc' dir='ltr'>(ι</span> <span class='ocrx_word' id='word_1_86' title='bbox 291 1279 324 1336; x_wconf 95' lang='lat' dir='ltr'>ln</span> <span class='ocrx_word' id='word_1_87' title='bbox 338 1293 531 1357; x_wconf 83' lang='lat' dir='ltr'>quocumque</span> <span class='ocrx_word' id='word_1_88' title='bbox 545 1281 646 1341; x_wconf 87' lang='lat' dir='ltr'>autem</span> <span class='ocrx_word' id='word_1_89' title='bbox 665 1277 778 1357; x_wconf 87' lang='lat' dir='ltr'>dubio,</span> <span class='ocrx_word' id='word_1_90' title='bbox 801 1296 841 1340; x_wconf 85' lang='lat' dir='ltr'>un</span> <span class='ocrx_word' id='word_1_91' title='bbox 861 1275 992 1339; x_wconf 88' lang='lat' dir='ltr'>deluerit</span> <span class='ocrx_word' id='word_1_92' title='bbox 1011 1277 1102 1359; x_wconf 85' lang='lat' dir='ltr'>plens</span> <span class='ocrx_word' id='word_1_93' title='bbox 1114 1275 1184 1338; x_wconf 81' lang='lat' dir='ltr'>deli·</span> 
     </span>
     <span class='ocr_line' id='line_1_14' title="bbox 211 1365 1184 1446; baseline 0.008 -27"><span class='ocrx_word' id='word_1_94' title='bbox 211 1387 226 1419; x_wconf 53' lang='lat' dir='ltr'>a</span> <span class='ocrx_word' id='word_1_95' title='bbox 252 1365 381 1442; x_wconf 84' lang='lat' dir='ltr'>berullo,</span> <span class='ocrx_word' id='word_1_96' title='bbox 397 1365 474 1426; x_wconf 82' lang='lat' dir='ltr'>volet</span> <span class='ocrx_word' id='word_1_97' title='bbox 487 1371 628 1429; x_wconf 86' lang='lat' dir='ltr'>volum...</span> <span class='ocrx_word' id='word_1_98' title='bbox 643 1387 651 1444; x_wconf 90' lang='lat'>;</span> <span class='ocrx_word' id='word_1_99' title='bbox 675 1368 765 1446; x_wconf 81' lang='lat' dir='ltr'>item,</span> <span class='ocrx_word' id='word_1_100' title='bbox 781 1367 813 1428; x_wconf 90' lang='lat' dir='ltr'>in</span> <span class='ocrx_word' id='word_1_101' title='bbox 827 1366 920 1430; x_wconf 92' lang='lat' dir='ltr'>dubio</span> <span class='ocrx_word' id='word_1_102' title='bbox 933 1383 974 1428; x_wconf 85' lang='lat' dir='ltr'>un</span> <span class='ocrx_word' id='word_1_103' title='bbox 987 1385 1100 1430; x_wconf 82' lang='lat' dir='ltr'>vovens</span> <span class='ocrx_word' id='word_1_104' title='bbox 1113 1369 1184 1428; x_wconf 87' lang='lat' dir='ltr'>emi-</span> 
     </span>
     <span class='ocr_line' id='line_1_15' title="bbox 212 1453 1184 1534; baseline 0.008 -24"><span class='ocrx_word' id='word_1_105' title='bbox 212 1476 226 1510; x_wconf 78' lang='lat'>»</span> <span class='ocrx_word' id='word_1_106' title='bbox 251 1453 322 1514; x_wconf 93' lang='lat' dir='ltr'>serit</span> <span class='ocrx_word' id='word_1_107' title='bbox 335 1459 438 1514; x_wconf 89' lang='lat' dir='ltr'>votum</span> <span class='ocrx_word' id='word_1_108' title='bbox 452 1459 536 1515; x_wconf 90' lang='lat' dir='ltr'>nretu</span> <span class='ocrx_word' id='word_1_109' title='bbox 551 1461 693 1534; x_wconf 82' lang='lat' dir='ltr'>coaetus,</span> <span class='ocrx_word' id='word_1_110' title='bbox 715 1457 760 1519; x_wconf 90' lang='lat' dir='ltr'>vel</span> <span class='ocrx_word' id='word_1_111' title='bbox 772 1476 812 1520; x_wconf 83' lang='lat' dir='ltr'>su</span> <span class='ocrx_word' id='word_1_112' title='bbox 827 1466 925 1519; x_wconf 83' lang='lat' dir='ltr'>melus</span> <span class='ocrx_word' id='word_1_113' title='bbox 941 1455 1083 1534; x_wconf 85' lang='lat' dir='ltr'>luerit...;</span> <span class='ocrx_word' id='word_1_114' title='bbox 1103 1475 1184 1518; x_wconf 77' lang='lat' dir='ltr'>serus</span> 
     </span>
     <span class='ocr_line' id='line_1_16' title="bbox 211 1539 1184 1626; baseline 0.008 -28"><span class='ocrx_word' id='word_1_115' title='bbox 211 1564 225 1599; x_wconf 77' lang='lat' dir='ltr'>n</span> <span class='ocrx_word' id='word_1_116' title='bbox 250 1541 281 1602; x_wconf 92' lang='lat' dir='ltr'>in</span> <span class='ocrx_word' id='word_1_117' title='bbox 294 1539 404 1620; x_wconf 89' lang='lat' dir='ltr'>dubio,</span> <span class='ocrx_word' id='word_1_118' title='bbox 417 1560 456 1604; x_wconf 83' lang='lat' dir='ltr'>un</span> <span class='ocrx_word' id='word_1_119' title='bbox 471 1544 597 1606; x_wconf 82' lang='lat' dir='ltr'>materia</span> <span class='ocrx_word' id='word_1_120' title='bbox 609 1545 698 1608; x_wconf 86' lang='lat' dir='ltr'>luerit</span> <span class='ocrx_word' id='word_1_121' title='bbox 709 1545 853 1622; x_wconf 82' lang='lat' dir='ltr'>honeste,</span> <span class='ocrx_word' id='word_1_122' title='bbox 869 1545 914 1608; x_wconf 87' lang='lat' dir='ltr'>vel</span> <span class='ocrx_word' id='word_1_123' title='bbox 930 1545 1102 1626; x_wconf 81' lang='lat' dir='ltr'>possibilis,</span> <span class='ocrx_word' id='word_1_124' title='bbox 1118 1545 1184 1626; x_wconf 82' lang='lat' dir='ltr'>quis</span> 
     </span>
     <span class='ocr_line' id='line_1_17' title="bbox 211 1631 1140 1716; baseline 0.01 -28"><span class='ocrx_word' id='word_1_125' title='bbox 211 1653 226 1688; x_wconf 81' lang='lat' dir='ltr'>n</span> <span class='ocrx_word' id='word_1_126' title='bbox 250 1637 323 1694; x_wconf 88' lang='lat' dir='ltr'>tune</span> <span class='ocrx_word' id='word_1_127' title='bbox 336 1637 439 1694; x_wconf 83' lang='lat' dir='ltr'>votum</span> <span class='ocrx_word' id='word_1_128' title='bbox 452 1631 588 1695; x_wconf 93' lang='lat' dir='ltr'>nondum</span> <span class='ocrx_word' id='word_1_129' title='bbox 601 1635 744 1716; x_wconf 89' lang='lat' dir='ltr'>possidet.</span> <span class='ocrx_word' id='word_1_130' title='bbox 761 1657 776 1694; x_wconf 82' lang='lat' dir='ltr'>u</span> <span class='ocrx_word' id='word_1_131' title='bbox 793 1636 834 1714; x_wconf 89' lang='lat' dir='ltr'>(S.</span> <span class='ocrx_word' id='word_1_132' title='bbox 850 1635 988 1716; x_wconf 81' lang='lat' dir='ltr'>Liguor.‚</span> <span class='ocrx_word' id='word_1_133' title='bbox 1004 1633 1140 1706; x_wconf 77' lang='lat' dir='ltr'>ibidem.)</span> 
     </span>
    </p>

    <p class='ocr_par' dir='ltr' id='par_1_6' title="bbox 252 1721 1183 1799">
     <span class='ocr_line' id='line_1_18' title="bbox 252 1721 1183 1799; baseline 0.003 -16"><span class='ocrx_word' id='word_1_134' title='bbox 252 1723 341 1784; x_wconf 84' lang='grc'><strong>5188.</strong></span> <span class='ocrx_word' id='word_1_135' title='bbox 364 1721 487 1793; x_wconf 85' lang='lat' dir='ltr'>Ouaerit.</span> <span class='ocrx_word' id='word_1_136' title='bbox 511 1725 543 1784; x_wconf 74' lang='grc' dir='ltr'>1ο</span> <span class='ocrx_word' id='word_1_137' title='bbox 564 1725 611 1799; x_wconf 82' lang='lat' dir='ltr'>Au</span> <span class='ocrx_word' id='word_1_138' title='bbox 628 1724 688 1784; x_wconf 91' lang='lat' dir='ltr'>sint</span> <span class='ocrx_word' id='word_1_139' title='bbox 702 1723 798 1786; x_wconf 82' lang='lat' dir='ltr'>valide</span> <span class='ocrx_word' id='word_1_140' title='bbox 812 1730 880 1786; x_wconf 80' lang='lat' dir='ltr'>volu</span> <span class='ocrx_word' id='word_1_141' title='bbox 901 1741 937 1786; x_wconf 84' lang='lat' dir='ltr'>ex</span> <span class='ocrx_word' id='word_1_142' title='bbox 954 1731 1038 1786; x_wconf 86' lang='lat' dir='ltr'>metu</span> <span class='ocrx_word' id='word_1_143' title='bbox 1052 1725 1183 1788; x_wconf 70' lang='lat' dir='ltr'>eurissut</span> 
     </span>
    </p>

    <p class='ocr_par' dir='ltr' id='par_1_7' title="bbox 210 1809 1183 2612">
     <span class='ocr_line' id='line_1_19' title="bbox 251 1809 1183 1893; baseline 0.005 -23"><span class='ocrx_word' id='word_1_144' title='bbox 251 1811 341 1893; x_wconf 86' lang='lat' dir='ltr'>Resp.</span> <span class='ocrx_word' id='word_1_145' title='bbox 355 1812 429 1871; x_wconf 82' lang='lat' dir='ltr'>Vota</span> <span class='ocrx_word' id='word_1_146' title='bbox 443 1809 519 1873; x_wconf 84' lang='lat' dir='ltr'>laets</span> <span class='ocrx_word' id='word_1_147' title='bbox 532 1830 568 1874; x_wconf 84' lang='lat' dir='ltr'>ex</span> <span class='ocrx_word' id='word_1_148' title='bbox 583 1818 666 1875; x_wconf 89' lang='lat' dir='ltr'>metu</span> <span class='ocrx_word' id='word_1_149' title='bbox 681 1831 743 1874; x_wconf 93' lang='lat' dir='ltr'>non</span> <span class='ocrx_word' id='word_1_150' title='bbox 757 1815 880 1876; x_wconf 84' lang='lat' dir='ltr'>incusso</span> <span class='ocrx_word' id='word_1_151' title='bbox 896 1812 934 1874; x_wconf 83' lang='lat' dir='ltr'>ud</span> <span class='ocrx_word' id='word_1_152' title='bbox 949 1812 1033 1876; x_wconf 88' lang='lat' dir='ltr'>hune</span> <span class='ocrx_word' id='word_1_153' title='bbox 1047 1811 1140 1876; x_wconf 80' lang='lat' dir='ltr'>finem</span> <span class='ocrx_word' id='word_1_154' title='bbox 1154 1825 1183 1876; x_wconf 85' lang='lat' dir='ltr'>ul</span> 
     </span>
     <span class='ocr_line' id='line_1_20' title="bbox 212 1900 1181 1982; baseline 0.005 -21"><span class='ocrx_word' id='word_1_155' title='bbox 212 1906 314 1962; x_wconf 86' lang='lat' dir='ltr'>votum</span> <span class='ocrx_word' id='word_1_156' title='bbox 328 1904 556 1982; x_wconf 79' lang='lat' dir='ltr'>extorqueretur</span> <span class='ocrx_word' id='word_1_157' title='bbox 570 1948 577 1976; x_wconf 85' lang='lat'>,</span> <span class='ocrx_word' id='word_1_158' title='bbox 592 1901 668 1964; x_wconf 88' lang='lat' dir='ltr'>siout</span> <span class='ocrx_word' id='word_1_159' title='bbox 681 1903 771 1964; x_wconf 85' lang='lat' dir='ltr'>etium</span> <span class='ocrx_word' id='word_1_160' title='bbox 795 1900 872 1964; x_wconf 81' lang='lat' dir='ltr'>laete</span> <span class='ocrx_word' id='word_1_161' title='bbox 889 1920 926 1966; x_wconf 85' lang='lat' dir='ltr'>ex</span> <span class='ocrx_word' id='word_1_162' title='bbox 948 1909 1034 1965; x_wconf 88' lang='lat' dir='ltr'>metu</span> <span class='ocrx_word' id='word_1_163' title='bbox 1045 1903 1128 1982; x_wconf 77' lang='lat' dir='ltr'>juste</span> <span class='ocrx_word' id='word_1_164' title='bbox 1139 1905 1181 1966; x_wconf 91' lang='lat' dir='ltr'>in-</span> 
     </span>
     <span class='ocr_line' id='line_1_21' title="bbox 211 1989 1181 2075; baseline 0.006 -25"><span class='ocrx_word' id='word_1_165' title='bbox 211 2007 317 2062; x_wconf 76' lang='lat' dir='ltr'>susse,</span> <span class='ocrx_word' id='word_1_166' title='bbox 334 1993 386 2049; x_wconf 86' lang='lat' dir='ltr'>aul</span> <span class='ocrx_word' id='word_1_167' title='bbox 399 2007 436 2050; x_wconf 87' lang='lat' dir='ltr'>ex</span> <span class='ocrx_word' id='word_1_168' title='bbox 451 1996 534 2052; x_wconf 89' lang='lat' dir='ltr'>metu</span> <span class='ocrx_word' id='word_1_169' title='bbox 548 1989 728 2068; x_wconf 84' lang='lat' dir='ltr'>intrinseoo‚</span> <span class='ocrx_word' id='word_1_170' title='bbox 743 1997 814 2054; x_wconf 90' lang='lat' dir='ltr'>suut</span> <span class='ocrx_word' id='word_1_171' title='bbox 827 1993 908 2054; x_wconf 76' lang='lat' dir='ltr'>certe</span> <span class='ocrx_word' id='word_1_172' title='bbox 921 1990 1019 2054; x_wconf 79' lang='lat' dir='ltr'>valide</span> <span class='ocrx_word' id='word_1_173' title='bbox 1033 1993 1105 2075; x_wconf 82' lang='lat' dir='ltr'>quin</span> <span class='ocrx_word' id='word_1_174' title='bbox 1119 2003 1181 2056; x_wconf 86' lang='lat' dir='ltr'>sunl</span> 
     </span>
     <span class='ocr_line' id='line_1_22' title="bbox 211 2076 1177 2166; baseline 0.005 -29"><span class='ocrx_word' id='word_1_175' title='bbox 211 2076 387 2156; x_wconf 87' lang='lat' dir='ltr'>simpliciter</span> <span class='ocrx_word' id='word_1_176' title='bbox 400 2079 581 2156; x_wconf 84' lang='lat' dir='ltr'>voluntaria;</span> <span class='ocrx_word' id='word_1_177' title='bbox 591 2080 615 2140; x_wconf 92' lang='lat' dir='ltr'>si</span> <span class='ocrx_word' id='word_1_178' title='bbox 629 2081 701 2142; x_wconf 80' lang='lat' dir='ltr'>verri</span> <span class='ocrx_word' id='word_1_179' title='bbox 715 2081 825 2144; x_wconf 84' lang='lat' dir='ltr'>emisse</span> <span class='ocrx_word' id='word_1_180' title='bbox 838 2080 950 2143; x_wconf 87' lang='lat' dir='ltr'>luerint</span> <span class='ocrx_word' id='word_1_181' title='bbox 959 2100 995 2143; x_wconf 82' lang='lat' dir='ltr'>ex</span> <span class='ocrx_word' id='word_1_182' title='bbox 1009 2091 1094 2145; x_wconf 83' lang='lat' dir='ltr'>metu</span> <span class='ocrx_word' id='word_1_183' title='bbox 1106 2087 1177 2166; x_wconf 80' lang='lat' dir='ltr'>gran&#39;</span> 
     </span>
     <span class='ocr_line' id='line_1_23' title="bbox 211 2165 1172 2244; baseline 0.01 -20"><span class='ocrx_word' id='word_1_184' title='bbox 211 2165 320 2244; x_wconf 78' lang='lat' dir='ltr'>injuste</span> <span class='ocrx_word' id='word_1_185' title='bbox 335 2165 456 2228; x_wconf 88' lang='lat' dir='ltr'>incusso</span> <span class='ocrx_word' id='word_1_186' title='bbox 470 2169 488 2230; x_wconf 77' lang='lat' dir='ltr'>t</span> <span class='ocrx_word' id='word_1_187' title='bbox 501 2171 592 2230; x_wconf 80' lang='lat' dir='ltr'>usust</span> <span class='ocrx_word' id='word_1_188' title='bbox 606 2170 774 2233; x_wconf 71' lang='lat' dir='ltr'>extrinsece</span> <span class='ocrx_word' id='word_1_189' title='bbox 786 2171 816 2232; x_wconf 93' lang='lat' dir='ltr'>in</span> <span class='ocrx_word' id='word_1_190' title='bbox 831 2171 938 2234; x_wconf 88' lang='lat' dir='ltr'>ordine</span> <span class='ocrx_word' id='word_1_191' title='bbox 953 2171 993 2234; x_wconf 82' lang='lat' dir='ltr'>ud</span> <span class='ocrx_word' id='word_1_192' title='bbox 1012 2181 1115 2236; x_wconf 83' lang='lat' dir='ltr'>votum</span> <span class='ocrx_word' id='word_1_193' title='bbox 1134 2195 1172 2237; x_wconf 79' lang='lat' dir='ltr'>er-</span> 
     </span>
     <span class='ocr_line' id='line_1_24' title="bbox 210 2253 1169 2342; baseline 0.011 -29"><span class='ocrx_word' id='word_1_194' title='bbox 210 2253 438 2335; x_wconf 85' lang='lat' dir='ltr'>torquendum,</span> <span class='ocrx_word' id='word_1_195' title='bbox 461 2258 692 2322; x_wconf 87' lang='lat' dir='ltr'>controvertitur</span> <span class='ocrx_word' id='word_1_196' title='bbox 713 2278 751 2322; x_wconf 84' lang='lat' dir='ltr'>an</span> <span class='ocrx_word' id='word_1_197' title='bbox 772 2260 831 2322; x_wconf 86' lang='lat' dir='ltr'>sint</span> <span class='ocrx_word' id='word_1_198' title='bbox 852 2261 934 2323; x_wconf 87' lang='lat' dir='ltr'>nulls</span> <span class='ocrx_word' id='word_1_199' title='bbox 948 2262 1059 2325; x_wconf 83' lang='lat' dir='ltr'>saltem</span> <span class='ocrx_word' id='word_1_200' title='bbox 1075 2267 1169 2342; x_wconf 77' lang='lat' dir='ltr'>exime</span> 
     </span>
     <span class='ocr_line' id='line_1_25' title="bbox 210 2341 1174 2432; baseline 0.012 -28"><span class='ocrx_word' id='word_1_201' title='bbox 210 2341 413 2407; x_wconf 82' lang='lat' dir='ltr'>ecclesiastico</span> <span class='ocrx_word' id='word_1_202' title='bbox 429 2364 437 2406; x_wconf 89' lang='lat'>:</span> <span class='ocrx_word' id='word_1_203' title='bbox 452 2353 568 2408; x_wconf 86' lang='lat' dir='ltr'>eertum</span> <span class='ocrx_word' id='word_1_204' title='bbox 594 2353 639 2410; x_wconf 88' lang='lat' dir='ltr'>est</span> <span class='ocrx_word' id='word_1_205' title='bbox 662 2355 763 2412; x_wconf 86' lang='lat' dir='ltr'>temen</span> <span class='ocrx_word' id='word_1_206' title='bbox 786 2349 1006 2432; x_wconf 81' lang='lat' dir='ltr'>professionem</span> <span class='ocrx_word' id='word_1_207' title='bbox 1020 2353 1174 2416; x_wconf 83' lang='lat' dir='ltr'>solemnem</span> 
     </span>
     <span class='ocr_line' id='line_1_26' title="bbox 211 2431 1176 2524; baseline 0.011 -32"><span class='ocrx_word' id='word_1_208' title='bbox 211 2431 376 2513; x_wconf 79' lang='lat' dir='ltr'>Religionis</span> <span class='ocrx_word' id='word_1_209' title='bbox 389 2451 426 2496; x_wconf 88' lang='lat' dir='ltr'>ex</span> <span class='ocrx_word' id='word_1_210' title='bbox 447 2435 499 2497; x_wconf 83' lang='lat' dir='ltr'>tuli</span> <span class='ocrx_word' id='word_1_211' title='bbox 521 2441 604 2499; x_wconf 91' lang='lat' dir='ltr'>metu</span> <span class='ocrx_word' id='word_1_212' title='bbox 623 2437 784 2514; x_wconf 89' lang='lat' dir='ltr'>emissum,</span> <span class='ocrx_word' id='word_1_213' title='bbox 804 2440 918 2502; x_wconf 85' lang='lat' dir='ltr'>nullum</span> <span class='ocrx_word' id='word_1_214' title='bbox 932 2457 1017 2519; x_wconf 87' lang='lat' dir='ltr'>esse,</span> <span class='ocrx_word' id='word_1_215' title='bbox 1042 2461 1082 2506; x_wconf 88' lang='lat' dir='ltr'>ex</span> <span class='ocrx_word' id='word_1_216' title='bbox 1098 2443 1176 2524; x_wconf 80' lang='lat' dir='ltr'>cupit</span> 
     </span>
     <span class='ocr_line' id='line_1_27' title="bbox 213 2521 1039 2612; baseline 0.011 -29"><span class='ocrx_word' id='word_1_217' title='bbox 213 2521 364 2584; x_wconf 71' lang='lat' dir='ltr'>pertatem</span> <span class='ocrx_word' id='word_1_218' title='bbox 377 2569 385 2600; x_wconf 88' lang='lat'>‚</span> <span class='ocrx_word' id='word_1_219' title='bbox 399 2522 433 2586; x_wconf 79' lang='lat' dir='ltr'>de</span> <span class='ocrx_word' id='word_1_220' title='bbox 446 2523 492 2588; x_wconf 82' lang='lat' dir='ltr'>Iris</span> <span class='ocrx_word' id='word_1_221' title='bbox 512 2543 578 2607; x_wconf 77' lang='lat' dir='ltr'>quse</span> <span class='ocrx_word' id='word_1_222' title='bbox 591 2527 639 2604; x_wconf 82' lang='lat' dir='ltr'>vi,</span> <span class='ocrx_word' id='word_1_223' title='bbox 654 2532 712 2589; x_wconf 88' lang='lat' dir='ltr'>eto.</span> <span class='ocrx_word' id='word_1_224' title='bbox 732 2525 804 2590; x_wconf 88' lang='lat' dir='ltr'>Vide</span> <span class='ocrx_word' id='word_1_225' title='bbox 818 2547 908 2611; x_wconf 81' lang='lat' dir='ltr'>supra</span> <span class='ocrx_word' id='word_1_226' title='bbox 920 2529 1039 2612; x_wconf 76' lang='grc'><strong>(2691).</strong></span> 
     </span>
    </p>

    <p class='ocr_par' dir='ltr' id='par_1_8' title="bbox 211 2611 1178 3058">
     <span class='ocr_line' id='line_1_28' title="bbox 252 2611 1177 2693; baseline 0.018 -20"><span class='ocrx_word' id='word_1_227' title='bbox 252 2611 281 2673; x_wconf 91' lang='lat' dir='ltr'>Si</span> <span class='ocrx_word' id='word_1_228' title='bbox 294 2618 396 2674; x_wconf 88' lang='lat' dir='ltr'>votum</span> <span class='ocrx_word' id='word_1_229' title='bbox 411 2630 448 2674; x_wconf 85' lang='lat' dir='ltr'>ex</span> <span class='ocrx_word' id='word_1_230' title='bbox 461 2622 543 2676; x_wconf 88' lang='lat' dir='ltr'>metu</span> <span class='ocrx_word' id='word_1_231' title='bbox 555 2614 612 2677; x_wconf 91' lang='lat' dir='ltr'>levi</span> <span class='ocrx_word' id='word_1_232' title='bbox 625 2615 754 2679; x_wconf 84' lang='lat' dir='ltr'>oriretur</span> <span class='ocrx_word' id='word_1_233' title='bbox 767 2665 775 2693; x_wconf 89' lang='lat'>‚</span> <span class='ocrx_word' id='word_1_234' title='bbox 801 2634 840 2678; x_wconf 85' lang='lat' dir='ltr'>un</span> <span class='ocrx_word' id='word_1_235' title='bbox 858 2625 932 2680; x_wconf 89' lang='lat' dir='ltr'>tuno</span> <span class='ocrx_word' id='word_1_236' title='bbox 943 2624 1024 2684; x_wconf 75' lang='lat' dir='ltr'>esset</span> <span class='ocrx_word' id='word_1_237' title='bbox 1037 2621 1177 2690; x_wconf 76' lang='lat' dir='ltr'>validum.</span> 
     </span>
     <span class='ocr_line' id='line_1_29' title="bbox 211 2702 1177 2786; baseline 0.008 -22"><span class='ocrx_word' id='word_1_238' title='bbox 211 2702 301 2764; x_wconf 82' lang='lat' dir='ltr'>etium</span> <span class='ocrx_word' id='word_1_239' title='bbox 322 2703 570 2780; x_wconf 84' lang='lat' dir='ltr'>controvertitur;</span> <span class='ocrx_word' id='word_1_240' title='bbox 593 2703 646 2766; x_wconf 92' lang='lat' dir='ltr'>sed</span> <span class='ocrx_word' id='word_1_241' title='bbox 669 2705 853 2786; x_wconf 76' lang='lat' dir='ltr'>probabilior</span> <span class='ocrx_word' id='word_1_242' title='bbox 874 2714 920 2771; x_wconf 87' lang='lat' dir='ltr'>est</span> <span class='ocrx_word' id='word_1_243' title='bbox 943 2711 1096 2775; x_wconf 82' lang='lat' dir='ltr'>sententia</span> <span class='ocrx_word' id='word_1_244' title='bbox 1110 2711 1177 2774; x_wconf 82' lang='lat' dir='ltr'>affir-</span> 
     </span>
     <span class='ocr_line' id='line_1_30' title="bbox 211 2791 1176 2879; baseline 0.011 -27"><span class='ocrx_word' id='word_1_245' title='bbox 211 2809 317 2867; x_wconf 79' lang='lat' dir='ltr'>mans,</span> <span class='ocrx_word' id='word_1_246' title='bbox 334 2809 370 2855; x_wconf 85' lang='lat' dir='ltr'>ex</span> <span class='ocrx_word' id='word_1_247' title='bbox 385 2791 492 2854; x_wconf 81' lang='lat' dir='ltr'>eodem</span> <span class='ocrx_word' id='word_1_248' title='bbox 503 2810 568 2874; x_wconf 84' lang='lat' dir='ltr'>cup.</span> <span class='ocrx_word' id='word_1_249' title='bbox 584 2792 735 2856; x_wconf 84' lang='lat' dir='ltr'>Perlotum</span> <span class='ocrx_word' id='word_1_250' title='bbox 748 2815 759 2855; x_wconf 90' lang='lat'><em>:</em></span> <span class='ocrx_word' id='word_1_251' title='bbox 770 2796 846 2858; x_wconf 79' lang='lat' dir='ltr'>ratio</span> <span class='ocrx_word' id='word_1_252' title='bbox 857 2802 902 2860; x_wconf 86' lang='lat' dir='ltr'>est</span> <span class='ocrx_word' id='word_1_253' title='bbox 911 2799 984 2879; x_wconf 83' lang='lat' dir='ltr'>quia</span> <span class='ocrx_word' id='word_1_254' title='bbox 994 2799 1067 2863; x_wconf 82' lang='lat' dir='ltr'>lulis</span> <span class='ocrx_word' id='word_1_255' title='bbox 1080 2809 1176 2874; x_wconf 76' lang='lat' dir='ltr'>metus,</span> 
     </span>
     <span class='ocr_line' id='line_1_31' title="bbox 211 2879 1178 2964; baseline 0.008 -22"><span class='ocrx_word' id='word_1_256' title='bbox 211 2881 262 2961; x_wconf 89' lang='lat' dir='ltr'>qui</span> <span class='ocrx_word' id='word_1_257' title='bbox 278 2879 364 2944; x_wconf 79' lang='lat' dir='ltr'>laeile</span> <span class='ocrx_word' id='word_1_258' title='bbox 378 2881 460 2962; x_wconf 84' lang='lat' dir='ltr'>rejici</span> <span class='ocrx_word' id='word_1_259' title='bbox 475 2888 586 2964; x_wconf 87' lang='lat' dir='ltr'>potest,</span> <span class='ocrx_word' id='word_1_260' title='bbox 600 2902 663 2946; x_wconf 91' lang='lat' dir='ltr'>uon</span> <span class='ocrx_word' id='word_1_261' title='bbox 677 2890 723 2946; x_wconf 89' lang='lat' dir='ltr'>est</span> <span class='ocrx_word' id='word_1_262' title='bbox 735 2883 894 2950; x_wconf 82' lang='lat' dir='ltr'>habendus</span> <span class='ocrx_word' id='word_1_263' title='bbox 907 2894 941 2950; x_wconf 92' lang='lat' dir='ltr'>ut</span> <span class='ocrx_word' id='word_1_264' title='bbox 953 2906 1027 2952; x_wconf 80' lang='lat' dir='ltr'>reru</span> <span class='ocrx_word' id='word_1_265' title='bbox 1037 2909 1130 2955; x_wconf 76' lang='lat' dir='ltr'>eausa</span> <span class='ocrx_word' id='word_1_266' title='bbox 1143 2893 1178 2952; x_wconf 79' lang='lat' dir='ltr'>ret</span> 
     </span>
     <span class='ocr_line' id='line_1_32' title="bbox 211 2971 1146 3058; baseline 0.016 -29"><span class='ocrx_word' id='word_1_267' title='bbox 211 2975 272 3030; x_wconf 87' lang='lat' dir='ltr'>tum</span> <span class='ocrx_word' id='word_1_268' title='bbox 287 2971 382 3050; x_wconf 79' lang='lat' dir='ltr'>gravis</span> <span class='ocrx_word' id='word_1_269' title='bbox 394 2979 484 3051; x_wconf 85' lang='lat' dir='ltr'>prout</span> <span class='ocrx_word' id='word_1_270' title='bbox 497 2979 543 3036; x_wconf 86' lang='lat' dir='ltr'>est</span> <span class='ocrx_word' id='word_1_271' title='bbox 555 2979 669 3036; x_wconf 91' lang='lat' dir='ltr'>velum.</span> <span class='ocrx_word' id='word_1_272' title='bbox 684 2975 726 3055; x_wconf 84' lang='lat' dir='ltr'>(S.</span> <span class='ocrx_word' id='word_1_273' title='bbox 741 2972 878 3055; x_wconf 76' lang='lat' dir='ltr'>Lignnn,</span> <span class='ocrx_word' id='word_1_274' title='bbox 894 2976 947 3039; x_wconf 88' lang='lat' dir='ltr'>lib.</span> <span class='ocrx_word' id='word_1_275' title='bbox 962 2980 1004 3058; x_wconf 84' lang='lat'>3,</span> <span class='ocrx_word' id='word_1_276' title='bbox 1019 2981 1054 3041; x_wconf 79' lang='lat' dir='ltr'>u⁰</span> <span class='ocrx_word' id='word_1_277' title='bbox 1069 2984 1146 3058; x_wconf 80' lang='lat' dir='ltr'>lm.)</span> 
     </span>
    </p>

    <p class='ocr_par' dir='ltr' id='par_1_9' title="bbox 210 3059 1178 3208">
     <span class='ocr_line' id='line_1_33' title="bbox 250 3059 1178 3206; baseline 0.012 -89"><span class='ocrx_word' id='word_1_278' title='bbox 250 3061 340 3206; x_wconf 72' lang='lat' dir='ltr'>olssdtt.</span> <span class='ocrx_word' id='word_1_279' title='bbox 358 3059 481 3129; x_wconf 85' lang='lat' dir='ltr'>Ouaerit.</span> <span class='ocrx_word' id='word_1_280' title='bbox 498 3064 530 3122; x_wconf 72' lang='lat'>2⁰</span> <span class='ocrx_word' id='word_1_281' title='bbox 552 3065 598 3124; x_wconf 81' lang='lat' dir='ltr'>Au</span> <span class='ocrx_word' id='word_1_282' title='bbox 616 3069 685 3126; x_wconf 83' lang='lat' dir='ltr'>volu</span> <span class='ocrx_word' id='word_1_283' title='bbox 698 3081 735 3126; x_wconf 84' lang='lat' dir='ltr'>ex</span> <span class='ocrx_word' id='word_1_284' title='bbox 756 3081 858 3128; x_wconf 91' lang='lat' dir='ltr'>errore</span> <span class='ocrx_word' id='word_1_285' title='bbox 872 3067 982 3130; x_wconf 84' lang='lat' dir='ltr'>emissa</span> <span class='ocrx_word' id='word_1_286' title='bbox 995 3069 1058 3132; x_wconf 86' lang='lat' dir='ltr'>sint</span> <span class='ocrx_word' id='word_1_287' title='bbox 1069 3087 1178 3150; x_wconf 78' lang='lat' dir='ltr'>semper</span> 
     </span>
     <span class='ocr_line' id='line_1_34' title="bbox 210 3144 372 3208; baseline -0.012 0"><span class='ocrx_word' id='word_1_288' title='bbox 210 3144 299 3208; x_wconf 86' lang='lat' dir='ltr'>invuli</span> <span class='ocrx_word' id='word_1_289' title='bbox 324 3164 343 3208; x_wconf 80' lang='lat' dir='ltr'><strong>a</strong></span> <span class='ocrx_word' id='word_1_290' title='bbox 356 3147 372 3206; x_wconf 83' lang='grc'>’1</span> 
     </span>
    </p>

    <p class='ocr_par' dir='ltr' id='par_1_10' title="bbox 209 3237 1177 3594">
     <span class='ocr_line' id='line_1_35' title="bbox 250 3237 1177 3314; baseline 0.016 -21"><span class='ocrx_word' id='word_1_291' title='bbox 250 3237 338 3314; x_wconf 82' lang='lat' dir='ltr'>Resp.</span> <span class='ocrx_word' id='word_1_292' title='bbox 354 3241 384 3298; x_wconf 82' lang='grc' dir='ltr'>1ο</span> <span class='ocrx_word' id='word_1_293' title='bbox 399 3237 510 3300; x_wconf 88' lang='lat' dir='ltr'>Votum</span> <span class='ocrx_word' id='word_1_294' title='bbox 524 3245 569 3302; x_wconf 91' lang='lat' dir='ltr'>est</span> <span class='ocrx_word' id='word_1_295' title='bbox 583 3241 703 3304; x_wconf 91' lang='lat' dir='ltr'>nullum</span> <span class='ocrx_word' id='word_1_296' title='bbox 715 3241 740 3304; x_wconf 91' lang='lat' dir='ltr'>si</span> <span class='ocrx_word' id='word_1_297' title='bbox 754 3260 839 3307; x_wconf 91' lang='lat' dir='ltr'>error</span> <span class='ocrx_word' id='word_1_298' title='bbox 852 3244 942 3308; x_wconf 89' lang='lat' dir='ltr'>luerit</span> <span class='ocrx_word' id='word_1_299' title='bbox 956 3246 1038 3312; x_wconf 85' lang='lat' dir='ltr'>eirea</span> <span class='ocrx_word' id='word_1_300' title='bbox 1052 3247 1177 3312; x_wconf 76' lang='lat' dir='ltr'>substan·</span> 
     </span>
     <span class='ocr_line' id='line_1_36' title="bbox 209 3321 1176 3408; baseline 0.021 -30"><span class='ocrx_word' id='word_1_301' title='bbox 209 3321 282 3380; x_wconf 83' lang='lat' dir='ltr'>tium</span> <span class='ocrx_word' id='word_1_302' title='bbox 305 3324 437 3384; x_wconf 78' lang='lat' dir='ltr'>materiae</span> <span class='ocrx_word' id='word_1_303' title='bbox 461 3327 632 3408; x_wconf 86' lang='lat' dir='ltr'>promissee,</span> <span class='ocrx_word' id='word_1_304' title='bbox 648 3329 695 3392; x_wconf 88' lang='lat' dir='ltr'>vel</span> <span class='ocrx_word' id='word_1_305' title='bbox 716 3331 797 3395; x_wconf 83' lang='lat' dir='ltr'>ciros</span> <span class='ocrx_word' id='word_1_306' title='bbox 819 3333 1026 3399; x_wconf 81' lang='lat' dir='ltr'>conditionem</span> <span class='ocrx_word' id='word_1_307' title='bbox 1046 3337 1176 3401; x_wconf 79' lang='lat' dir='ltr'>substen-</span> 
     </span>
     <span class='ocr_line' id='line_1_37' title="bbox 209 3405 1175 3488; baseline 0.022 -24"><span class='ocrx_word' id='word_1_308' title='bbox 209 3405 327 3484; x_wconf 84' lang='lat' dir='ltr'>tiulem,</span> <span class='ocrx_word' id='word_1_309' title='bbox 343 3410 389 3470; x_wconf 88' lang='lat' dir='ltr'>vel</span> <span class='ocrx_word' id='word_1_310' title='bbox 403 3412 483 3474; x_wconf 83' lang='lat' dir='ltr'>eirca</span> <span class='ocrx_word' id='word_1_311' title='bbox 496 3413 590 3477; x_wconf 84' lang='lat' dir='ltr'>linem</span> <span class='ocrx_word' id='word_1_312' title='bbox 599 3435 653 3481; x_wconf 90' lang='lat' dir='ltr'>seu</span> <span class='ocrx_word' id='word_1_313' title='bbox 669 3418 814 3484; x_wconf 83' lang='lat' dir='ltr'>motivum</span> <span class='ocrx_word' id='word_1_314' title='bbox 828 3423 954 3486; x_wconf 85' lang='lat' dir='ltr'>vovendi</span> <span class='ocrx_word' id='word_1_315' title='bbox 964 3425 1094 3487; x_wconf 74' lang='lat' dir='ltr'>z-er‘reo</span> <span class='ocrx_word' id='word_1_316' title='bbox 1107 3425 1175 3488; x_wconf 76' lang='lat' dir='ltr'>sule</span> 
     </span>
     <span class='ocr_line' id='line_1_38' title="bbox 212 3494 1175 3594; baseline 0.029 -46"><span class='ocrx_word' id='word_1_317' title='bbox 212 3494 357 3570; x_wconf 78' lang='lat' dir='ltr'>lanciam,</span> <span class='ocrx_word' id='word_1_318' title='bbox 377 3503 411 3558; x_wconf 88' lang='lat' dir='ltr'>ut</span> <span class='ocrx_word' id='word_1_319' title='bbox 424 3498 449 3558; x_wconf 89' lang='lat' dir='ltr'>si</span> <span class='ocrx_word' id='word_1_320' title='bbox 468 3501 536 3579; x_wconf 85' lang='lat' dir='ltr'>quis</span> <span class='ocrx_word' id='word_1_321' title='bbox 551 3512 671 3568; x_wconf 84' lang='lat' dir='ltr'>voveret</span> <span class='ocrx_word' id='word_1_322' title='bbox 691 3523 782 3570; x_wconf 83' lang='lat' dir='ltr'>suum</span> <span class='ocrx_word' id='word_1_323' title='bbox 795 3510 920 3574; x_wconf 88' lang='lat' dir='ltr'>eulieem</span> <span class='ocrx_word' id='word_1_324' title='bbox 933 3518 1043 3594; x_wconf 86' lang='lat' dir='ltr'>putens</span> <span class='ocrx_word' id='word_1_325' title='bbox 1057 3533 1121 3578; x_wconf 87' lang='lat' dir='ltr'>esse</span> <span class='ocrx_word' id='word_1_326' title='bbox 1133 3532 1175 3576; x_wconf 81' lang='lat' dir='ltr'>or·</span> 
     </span>
    </p>
   </div>
   <div class='ocr_carea' id='block_1_3' title="bbox 210 3578 1173 3678">
    <p class='ocr_par' dir='ltr' id='par_1_11' title="bbox 210 3578 1173 3678">
     <span class='ocr_line' id='line_1_39' title="bbox 210 3578 1173 3678; baseline 0.03 -42"><span class='ocrx_word' id='word_1_327' title='bbox 210 3581 352 3652; x_wconf 69' lang='lat' dir='ltr'>perseum</span> <span class='ocrx_word' id='word_1_328' title='bbox 362 3578 435 3642; x_wconf 84' lang='lat' dir='ltr'>dum</span> <span class='ocrx_word' id='word_1_329' title='bbox 450 3594 626 3670; x_wconf 74' lang='lat' dir='ltr'>mnemon,</span> <span class='ocrx_word' id='word_1_330' title='bbox 641 3589 727 3658; x_wconf 74' lang='lat' dir='ltr'>relus</span> <span class='ocrx_word' id='word_1_331' title='bbox 738 3591 1173 3678; x_wconf 73' lang='lat' dir='ltr'>inpnrumnmnrnlnrrm</span> 
     </span>
    </p>
   </div>
   <div class='ocr_carea' id='block_1_4' title="bbox 0 0 1214 3968">
    <p class='ocr_par' dir='ltr' id='par_1_12' title="bbox 0 0 1214 3968">
     <span class='ocr_line' id='line_1_40' title="bbox 0 0 1214 3968; baseline 0 0"><span class='ocrx_word' id='word_1_332' title='bbox 0 0 1214 3968; x_wconf 95' lang='lat' dir='ltr'> </span> 
     </span>
    </p>
   </div>
  </div>
 </body>
</html>
