2416 3954
187 157 245 220 ott
408 170 545 218 »visuntur
567 168 667 216 ronna
688 168 770 218 runvs
788 167 933 220 staunton
1145 154 1150 172 '

188 294 201 330 n
226 270 304 336 tamt
318 269 365 335 vel
379 268 559 352 opinione...
576 266 711 330 celebres
725 267 742 330 b
756 267 814 332 vita
831 268 1037 351 migraverint,
1051 271 1134 351 gesta,
1182 281 1183 352 t

187 382 201 418 u
227 361 386 436 miracula,
410 357 456 420 vel
478 355 695 432 revelationes,
716 373 771 419 seu
789 375 990 440 quecumque
1011 355 1135 420 beneficia

187 472 201 508 u
227 456 369 530 tanquam
391 463 498 509 eorum
518 445 783 507 intercessionibus
805 447 823 506 a
845 448 910 509 Deo
923 453 1040 528 accepta
1057 444 1135 508 conti-

187 561 200 596 n
227 545 351 614 nentes,
367 537 432 598 sine
446 533 652 615 recognitione
666 539 756 614 atque
770 534 985 616 approbatione
999 532 1134 610 tlrdinnrii,

186 650 200 686 n
225 626 277 708 qui
302 625 398 688 ineis
419 621 672 704 recognoscendis
691 621 848 704 theologos
871 624 1005 706 aliosque
1028 623 1086 706 pios
1108 639 1135 682 ac

186 737 199 774 u
225 715 328 778 doctos
352 713 433 778 viros
454 714 486 775 in
509 711 671 774 eonsilium
691 709 831 772 adhibeat
846 730 855 772 ε
871 718 921 791 et,
951 732 990 776 ne
1016 713 1135 790 deinceps

185 827 199 863 u
225 804 324 880 tvans,
340 808 392 868 aut
413 821 515 880 error,
540 805 591 862 eut
612 798 728 880 aliquid
749 817 862 862 novum
883 807 937 864 aut
956 800 1133 866 inordinatum

185 917 200 952 o
226 895 255 955 in
270 913 302 956 re
326 902 388 954 tem
412 893 492 974 gravi
507 890 732 966 committatur,
755 890 912 972 negotium
930 885 1134 952 instructnmad

185 1006 200 1042 u
226 983 334 1045 Scdem
351 981 552 1064 apostolicam
567 976 757 1054 transmittat,
773 977 899 1059 ejusque
919 995 1088 1062 responsum
1099 993 1135 1037 ev-

186 1095 200 1128 n
226 1078 342 1153 poctet3
358 1070 553 1133 revelationes
566 1068 636 1130 verb
654 1071 684 1128 et
698 1065 843 1128 miracula
856 1115 864 1144 ,
879 1067 1000 1149 aliaque
1012 1065 1134 1130 beneficia

186 1185 200 1218 n
226 1180 316 1242 snpra
337 1161 435 1236 dicta,
460 1177 528 1239 quae
552 1158 583 1218 in
608 1155 690 1217 libris
708 1153 818 1216 horum
842 1153 1005 1220 hominum
1023 1157 1100 1217 vitam
1114 1159 1135 1214 st

185 1273 200 1308 n
226 1256 306 1329 gesta
320 1245 563 1324 continentibus,
588 1245 733 1307 hacteuus
757 1242 822 1306 sine
846 1245 1054 1327 recognitione
1065 1253 1135 1324 atque

185 1359 199 1394 u
224 1335 438 1417 approbatione
452 1333 625 1411 hujusmodi
645 1335 790 1414 impressa
804 1339 890 1409 sunt,
907 1334 993 1398 nullo
1007 1332 1089 1396 modo
1100 1351 1136 1411 ap

184 1447 198 1482 u
224 1424 346 1504 probata
359 1423 476 1485 censeri
489 1421 566 1498 vult,
587 1421 770 1502 mandatque
784 1421 845 1483 Sua
859 1422 1057 1487 Sanctitas...
1069 1419 1137 1504 (lide

185 1535 198 1570 a
225 1511 317 1588 iutra,
333 1529 367 1572 n⁰
380 1513 481 1590 4888).

224 1625 238 1660 n
262 1599 316 1682 §It
335 1599 381 1662 nd
395 1600 504 1662 horum
518 1598 678 1661 hominum
693 1599 852 1680 sepulchra
865 1601 959 1663 vetuit
972 1601 1093 1664 etiam...
1104 1605 1138 1661 la·

184 1713 199 1750 u
225 1689 317 1752 bellas
339 1695 428 1772 atque
448 1689 647 1768 imagines...,
666 1695 728 1748 tam
743 1687 838 1769 pictas
857 1691 949 1770 quinn
972 1689 1138 1770 fictasatque

185 1802 199 1838 n
225 1779 375 1860 sculptas,
397 1777 578 1860 appendi...,
595 1775 767 1856 lampades,
792 1777 855 1838 sive
877 1778 936 1839 alia
958 1793 1139 1859 quaecumque

184 1891 198 1926 a
226 1869 340 1930 lumina
353 1865 475 1928 accendi
491 1866 555 1926 sine
569 1864 793 1944 recognitione,
810 1865 848 1926 ab
860 1866 1019 1928 Ordinatio
1034 1865 1138 1929 omnint

184 1977 198 2011 u
224 1964 313 2035 prout
327 1973 429 2035 supra,
445 1953 581 2015 faciende
593 2000 602 2032 ,
615 1951 745 2034 sedique
760 1955 939 2036 apostolicae
952 1953 1102 2019 referendi
1113 1970 1140 2014 ac

184 2063 198 2100 o
224 2043 389 2122 probanda.

223 2153 237 2188 n
256 2133 312 2210 §lu
328 2129 490 2192 Declarans
503 2130 596 2210 qubd,
617 2149 671 2211 per
683 2149 772 2213 supra
787 2133 908 2213 scripta,
924 2133 1106 2214 praejudicari
1117 2133 1140 2193 in

184 2240 198 2276 a
223 2219 323 2299 aliquo
344 2235 406 2279 uon
429 2217 491 2279 vult
508 2237 608 2300 neque
632 2219 758 2282 intendit
776 2221 812 2282 iis
835 2222 908 2302 qni,
926 2227 978 2283 ant
1000 2240 1053 2304 per
1069 2239 1140 2284 corn·

183 2329 197 2366 n
224 2323 347 2369 munem
365 2306 507 2370 Ecclesiae
520 2325 724 2386 consensum,
740 2309 785 2372 vel
800 2309 1069 2372 immemorabilem
1082 2319 1141 2372 ten

183 2419 198 2456 o
224 2397 304 2478 poris
322 2413 461 2474 cursum,
483 2403 535 2458 aut
552 2414 606 2478 per
621 2400 742 2459 Patrum
765 2399 959 2480 virorumque
983 2405 1140 2461 sanctornm

183 2508 198 2545 n
224 2486 353 2567 scripta,
377 2485 423 2547 vel
452 2485 618 2568 longissimi
639 2488 783 2567 temporis
797 2488 921 2549 seientia
944 2505 981 2550 ao
1002 2488 1139 2550 tolerantia

183 2597 198 2635 a
223 2575 308 2638 Sedis
322 2575 499 2655 apostolicae
513 2575 559 2636 vel
573 2575 722 2636 Ordinarii
732 2577 884 2638 coluntur.

223 2685 237 2722 n
251 2665 351 2744 §nmo
364 2666 398 2724 ln
408 2663 1141 2747 hocparagrapboPontifexsupradictorumenecn·

183 2755 296 2816 tionem
310 2753 477 2834 praescribit
490 2753 615 2832 singulis
629 2752 805 2832 Ordinariis,
822 2771 858 2815 ac
870 2751 1019 2818 haereticae
1033 2755 1140 2838 pravita·

183 2845 220 2903 tis
234 2841 472 2922 inquisitoribus.
488 2843 521 2902 In
536 2840 730 2922 paragraphis
743 2848 845 2904 nutem
868 2850 952 2906 sexto
968 2852 998 2906 et
1012 2843 1138 2926 septimo,

183 2929 358 2992 indicuntur
372 2931 461 2992 variae
482 2949 579 3011 poenae
602 2938 707 2992 contra
729 2930 839 2994 horum
856 2937 1088 3014 transgressores
1097 2931 1137 2992 in·

183 3019 331 3098 ungendae.

221 3110 311 3170 vass.
334 3106 449 3170 nudem
473 3127 553 3172 anno
567 3110 791 3194 promulgatum
811 3109 866 3174 fuit
883 3111 966 3176 aliud
993 3116 1134 3178 Decretum

183 3214 244 3276 quo
262 3195 442 3276 permittitur
468 3198 620 3264 rubellas
638 3207 667 3265 et
688 3201 837 3282 imagines
857 3199 918 3264 sive
938 3201 1032 3286 pictas
1044 3201 1139 3264 siveex

184 3305 198 3340 n
223 3284 326 3361 quavis
341 3285 465 3347 materie
479 3285 564 3350 lictae
578 3296 669 3370 atque
683 3289 740 3351 alia
754 3307 958 3372 quacumque
968 3291 1080 3357 collata
1089 3304 1139 3370 gra

184 3391 198 3426 a
224 3371 272 3430 tiae
284 3370 376 3431 fidem
388 3371 537 3450 facientia,
549 3375 638 3438 simul
651 3394 721 3440 cum
734 3377 1088 3460 deterentisaliornmque
1099 3372 1138 3455 qni

185 3477 199 3516 n
223 3457 336 3520 conscii
357 3457 480 3520 fuerunt
500 3465 739 3528 attestationibus
760 3467 915 3548 accipere,
937 3474 1028 3549 atque
1046 3481 1138 3548 appro

185 3565 199 3600 ⁰
226 3543 363 3606 biniiblffl
375 3545 549 3622 Oldlssltfiss,
562 3549 600 3610 td
612 3569 689 3630 quos
701 3553 811 3620 reterre
819 3556 919 3620 statim
931 3561 1101 3624 teneantur.
1115 3551 1138 3611 il
