2452 3946
175 199 233 264 tat
393 212 530 259 annuam
551 211 651 259 roaros
670 213 753 260 runis
774 213 921 258 aaronica

173 311 322 374 sufficeret
335 328 367 372 se
381 329 521 372 accusare
533 329 594 371 non
609 308 721 371 salissa
735 309 925 389 respondisse
936 307 1044 371 divinis
1055 307 1144 389 inspi-

173 401 350 472 rationibus,
360 417 417 461 nec
426 398 530 461 secisse
539 399 652 461 bonum
664 397 745 479 quod
754 398 818 459 beri
833 403 957 479 poterat,
970 405 1022 460 aut
1035 398 1146 460 similes

174 487 414 569 imperfectiones
428 488 598 552 admisisse:
612 487 682 569 quia
693 488 825 550 baecnon
840 485 957 550 suntde
967 505 999 549 se
1014 495 1143 568 peccata.

15 609 16 614 κ
175 580 333 640 Peccatum
347 579 418 640 verb
425 579 583 658 originale,
594 578 639 640 rel
651 583 771 658 peccata
781 583 850 637 ante
863 577 1048 657 Baptismum
1064 595 1147 639 oom-

69 657 71 660 ’
173 667 264 728 missa
287 665 380 729 deleri
403 673 559 747 nequeunt
579 685 632 748 per
646 673 868 728 sacramentum
883 666 1082 744 Poenitcntiae,
1095 665 1149 728 sed

174 755 320 818 duntaxat
343 773 396 838 per
410 755 608 838 Baptismum.
632 755 675 832 (S.
697 755 872 838 Ligucrius,
895 751 950 817 lib.
964 757 996 836 6,
1012 753 1053 817 n¹¹
1079 759 1152 820 425·

215 937 304 997 atra.
329 935 459 997 Materia
480 941 581 999 autem
599 934 740 1017 proxim
762 937 834 995 sunt
856 939 941 996 actus
958 931 1147 1015 paenitentis:

178 1023 327 1086 Contra'tr'o
340 1025 494 1100 videlicet,
512 1025 660 1108 Confessio
672 1030 702 1086 et
715 1021 907 1101 Sati'ssaatr'a,
921 1023 975 1104 qui
989 1023 1089 1105 potius
1101 1043 1152 1086 ro·

175 1121 282 1174 cantur
298 1113 531 1188 Quasi-Materia
546 1113 724 1176 sacramenti
738 1113 948 1190 l’oenitentiae,
970 1113 1053 1192 juxta
1069 1112 1147 1178 Trid.

177 1201 264 1281 (sess.
282 1205 331 1280 ll,
348 1222 415 1266 can.
431 1207 480 1280 lt:
501 1227 516 1262 n
530 1204 560 1266 Si
575 1203 644 1284 quis
659 1202 810 1284 negaverit
826 1200 864 1264 ad
881 1203 1027 1283 integram
1042 1210 1072 1264 at
1087 1222 1152 1284 per·

176 1311 191 1348 a
217 1290 324 1352 lectam
352 1299 543 1373 peccatorum
567 1293 793 1369 remissionem,
809 1291 920 1373 requiri
941 1299 1098 1354 tresactus
1119 1293 1151 1355 iu

177 1400 192 1438 a
218 1381 391 1460 paenitente,
410 1382 670 1457 Oudai-Materiam
686 1380 864 1444 sacramenti
880 1381 1084 1460 Paenitentia,
1105 1382 1152 1444 vi·

178 1489 192 1528 a
217 1467 324 1530 delicet
338 1470 570 1548 donationem,
596 1471 821 1534 Confessionem
840 1476 871 1532 et
892 1469 1151 1550 Satissactionam,

178 1578 193 1616 a
218 1577 286 1636 ‹111ae
301 1564 361 1620 tres
376 1559 561 1622 Paenitentiae
576 1569 673 1641 partes
687 1559 879 1637 dicuntur...‚
891 1558 1047 1622 anathema
1063 1560 1112 1621 sit.
1133 1583 1150 1620 ι

217 1650 307 1709 3775.
331 1647 439 1709 Forma
459 1658 560 1710 autem
584 1649 673 1727 hujus
693 1649 871 1710 sacramenti
894 1648 1090 1710 essentialiter
1122 1649 1153 1712 in

177 1737 275 1798 verbis
296 1737 449 1814 consistit;
472 1757 528 1801 nec
542 1739 637 1800 valide
651 1739 714 1800 dari
729 1745 825 1819 potest
846 1737 994 1818 scriptura
1012 1745 1064 1801 aut
1085 1738 1154 1802 aliis
1214 1765 1215 1774 ¹

178 1825 284 1906 signis3
302 1827 383 1888 uude
397 1829 414 1888 b
429 1828 582 1890 Clemente
597 1830 671 1902 Vlll‚
685 1829 786 1889 Const.
803 1831 841 1889 20
852 1826 929 1906 junii
945 1831 1042 1903 tabl,
1063 1847 1150 1910 pros-

178 1915 271 1994 cripta
283 1915 347 1989 luit,
360 1924 502 1997 tanquam
510 1917 589 1997 solra
603 1925 632 1977 at
641 1916 808 1992 temeraria,
824 1915 986 1998 propositio
1000 1935 1151 1998 sequens:

182 2024 197 2058 n
217 2002 320 2065 Licere
332 2024 386 2083 per
400 2005 517 2066 litteras
530 2023 583 2067 seu
598 2005 829 2082 internuntium,
846 2003 1152 2069 confessarioabsenti

178 2113 192 2147 a
218 2092 473 2154 sacramentaliter
487 2093 622 2155 confiteri
633 2102 665 2155 et
679 2093 833 2156 abeodem
847 2093 969 2156 absente
986 2095 1152 2160 absolutio-

177 2201 193 2238 a
219 2197 288 2240 nem
303 2180 448 2242 obtinere.
465 2185 526 2243 »ln
541 2183 648 2244 eadem
659 2185 876 2246 Constitutione
887 2183 1151 2266 prohibitumluil‚
1213 2233 1214 2274 p

178 2267 235 2329 sub
248 2271 542 2334 ercomrnnnicatione
557 2275 645 2354 Papae
660 2279 824 2352 reservata,
840 2282 869 2335 et
883 2273 947 2354 ipso
961 2273 1037 2336 lacto
1051 2276 1153 2338 incur
1213 2275 1214 2324 l

178 2358 289 2428 rende.
308 2377 346 2420 ne
360 2357 424 2421 bac
439 2361 601 2443 propositio
614 2383 739 2444 unquam
751 2361 995 2446 tonpucmalr'qua
1009 2383 1153 2448 scrupeo
1213 2331 1214 2389 l

179 2445 283 2508 dabilis
296 2447 480 2528 defendatur,
496 2461 548 2512 aut
567 2452 609 2514 ad
617 2453 738 2535 prasina
752 2473 863 2535 quoquo
876 2452 959 2514 mado
973 2453 1153 2531 redemtum·

13 2602 16 2605 ,
178 2537 259 2617 quod
273 2536 457 2602 demonstrat
470 2542 559 2604 talem
574 2542 793 2606 absolutionem
808 2561 873 2605 esse
888 2561 949 2604 uon
963 2547 1082 2606 antam
1096 2545 1153 2608 illi-

28 2639 51 2697 i,
69 2701 72 2710 .
177 2626 279 2706 citam,
292 2629 344 2691 sad
359 2631 448 2692 etiam
462 2633 588 2694 omnind
602 2631 773 2710 invalidam,
788 2635 860 2694 crim
874 2632 1027 2714 alioquin,
1042 2634 1150 2699 saltem
1212 2675 1213 2716 4

15 2718 31 2749 Τ
47 2719 49 2726 ’
72 2709 73 2712 ’
176 2715 208 2778 iu
224 2724 357 2782 extrema
371 2722 564 2800 trecassitale,
581 2722 613 2783 iu
629 2722 746 2804 praxim
759 2722 861 2784 reduci
876 2721 1141 2808 possetlltldlb)
1212 2761 1213 2776 i

216 2811 305 2872 3776.
329 2810 1149 2892 Porroprasentiapaauiteatisrequisitaadvaliditalcm
1212 2785 1213 2847 l

177 2895 372 2960 absolutionis
389 2906 434 2958 est
451 2917 507 2975 aa,
523 2900 598 2960 intra
618 2919 708 2982 quam
730 2899 867 2962 homines
885 2903 1041 2966 communi
1055 2921 1147 2982 areae,

36 3028 44 3055 ,.
176 2985 313 3066 quamvis
330 2985 447 3063 altiori,
472 2995 597 3068 possunt
628 2995 658 3050 et
681 2989 778 3052 solent
800 2990 901 3072 loqui;
927 2991 1024 3071 major
1045 2997 1147 3056 lamam

21 3068 34 3137 ‚⁴
177 3073 385 3154 propinquitas
399 3075 560 3153 remriritur
573 3080 666 3157 quam
680 3097 734 3160 pro
748 3077 897 3142 audienda
912 3081 1003 3142 missa
1015 3080 1061 3142 rel
1075 3101 1149 3144 con-

21 3164 72 3241 {a
176 3161 284 3236 cione;
301 3179 358 3222 nec
370 3161 481 3224 suflicit
493 3164 575 3244 qudd
589 3167 727 3230 sacerdos
745 3167 842 3230 videat
856 3171 1062 3251 poenitentem.
1080 3171 1147 3234 Plu·

176 3265 224 3310 res
239 3249 344 3311 dieunt
366 3251 465 3332 ipsum
489 3271 576 3333 posse
597 3254 708 3318 absolsi
729 3257 766 3320 ad
787 3261 826 3320 ΞΟ
843 3261 961 3321 circiter
975 3277 1100 3342 passus,
1115 3265 1146 3322 et
1211 3223 1212 3305 l

116 3375 127 3406 4
176 3337 240 3400 sine
254 3341 395 3421 scrupulo
409 3360 496 3422 posse
509 3343 620 3406 absolvi
634 3361 705 3407 eum
716 3347 767 3428 qui
778 3347 911 3409 recedita
921 3347 1139 3420 confessionali,

35 3422 84 3514 fss'ff'
96 3427 111 3488 J
175 3427 200 3488 si
223 3429 306 3490 certd
323 3432 433 3493 sciatur
448 3451 519 3496 eum
532 3433 631 3496 adbuc
647 3453 713 3496 esse
728 3435 804 3498 intra
822 3455 934 3518 paitcos
953 3457 1076 3519 passus:
1089 3437 1142 3502 sed

176 3519 238 3598 ipse
248 3527 293 3579 est
306 3520 489 3583 revocandus
500 3524 783 3604 quotiescommode
793 3525 823 3587 id
833 3525 896 3588 fieri
906 3528 1140 3609 potest;sinou·

176 3605 233 3668 uisi
247 3607 265 3667 a
279 3605 368 3690 longe
390 3609 458 3690 quis
475 3616 576 3692 posset
588 3610 720 3691 absolvi,
736 3613 818 3696 quia,
839 3633 867 3675 v.
885 3633 928 3696 g„
944 3615 1032 3678 ruite
1046 3623 1138 3690 tecto,

134 3775 176 3881 ἱ
