2474 3946
75 19 195 120 Π

371 215 457 261 ursan
477 215 635 263 secururs.
929 201 987 263 333

67 311 147 372 tata.
169 343 209 358 -·
227 314 261 372 3·
280 309 396 374 Neutro
421 318 564 393 patrante
591 311 781 374 homicidium
813 311 864 376 ml
893 313 987 375 tolum

35 395 203 460 adulterium.
219 433 258 446 -
273 402 310 463 Ut
323 410 397 462 tuno
410 399 487 461 adsit
501 398 752 480 impedimentum
765 401 927 478 dirimens,
945 420 990 466 re·

36 483 147 561 quiritur
167 505 175 546 r
193 490 224 548 1ο
244 487 327 568 quod
347 486 422 550 adsit
443 487 603 570 promissio
622 487 824 566 matrimonii,
839 488 901 552 sive
920 495 990 554 anto

36 569 86 632 sive
97 581 159 654 post
172 582 320 658 patratum
335 576 516 641 adulterium
532 596 539 638 :
555 595 623 659 cap.
640 579 656 639 l
671 583 701 640 et
714 580 745 652 6,
759 583 789 640 et
800 576 988 658 elarlbsnap.

37 656 81 722 fin.
101 661 133 725 de
150 683 181 727 eo
201 665 256 746 poi
273 664 375 738 duait·
391 699 430 713 —-
449 670 482 730 2·
504 666 587 748 quod
608 669 674 730 tim
693 665 875 729 adulterium
896 676 990 748 quam

28 752 177 827 promissio
199 753 300 816 habita
313 756 391 832 sint,
411 755 527 819 vivente
546 756 693 836 conjuge3
714 789 753 804 -
767 757 800 817 3ο
819 755 902 836 quod
923 773 991 838 pro·

39 837 123 902 missin
136 859 194 904 uon
206 843 296 905 luerit
308 851 445 908 revocata
458 851 527 906 ante
541 843 738 922 adulterium;
754 859 841 906 secus
851 845 875 904 si
886 841 992 906 sitisset

39 935 154 992 resonata
173 937 241 1013 post
256 931 456 1010 adulterium,
476 933 562 1008 lieet,
587 950 624 995 eo
643 932 708 1013 jam
729 937 862 1015 patrato,
887 931 991 994 luisset

40 1011 292 1100 laotapromissio,
308 1023 379 1084 cbm
393 1023 456 1102 jam
470 1027 658 1085 eontractum
673 1021 777 1085 luisset
790 1019 991 1102 impedimen·

40 1105 91 1165 lum
102 1106 147 1186 (ita
158 1128 223 1192 cop.
234 1110 288 1174 lin.
302 1110 337 1174 de
350 1112 442 1194 eoqui
451 1112 549 1190 duxit)
567 1117 757 1174 :censeretur
770 1115 908 1172 revocata
921 1127 991 1191 pro-

43 1193 126 1260 missio
138 1206 205 1262 ante
215 1199 416 1277 adulterium,
432 1201 475 1272 si,
490 1219 518 1264 v.
535 1220 579 1282 g,
602 1201 726 1277 Petrus,
745 1199 863 1262 vivente
877 1216 989 1276 uxore,

42 1285 162 1359 promittit
177 1289 292 1352 Bertbae
306 1289 533 1352 matrimonium
546 1309 554 1366 ;
570 1289 639 1365 sed,
650 1307 744 1352 uxore
758 1291 893 1364 mortua,
908 1287 993 1350 ducit

41 1370 221 1454 lutherinam3
237 1385 329 1456 tune,
343 1379 398 1442 etei
417 1378 596 1442 adulterium
610 1378 811 1440 committeret
823 1395 894 1441 oum
912 1375 992 1440 diota

44 1459 144 1541 leuto,
159 1465 411 1550 impedimentum
425 1485 487 1529 non
504 1473 597 1544 esset;
616 1461 702 1529 seona
715 1465 895 1545 dicendum,
908 1467 992 1547 iuxta

43 1549 133 1628 pluras,
148 1555 418 1637 contraquosdanr,
435 1557 458 1618 si
467 1557 588 1634 Petrus,
603 1556 720 1618 vivente
734 1575 840 1632 uxore,
855 1555 992 1618 commit·

43 1643 102 1702 leret
116 1641 293 1708 adulterium
311 1664 383 1710 eum
403 1645 529 1721 Benna,
546 1651 684 1708 eluxere
704 1643 813 1706 deinde
834 1643 990 1720 defuncta,

45 1724 144 1794 luceret
156 1733 347 1803 Cadrarinam
360 1781 368 1810 ,
383 1741 413 1796 et
432 1741 535 1816 postea
550 1733 668 1796 Berthae
687 1733 875 1814 promitteret
889 1731 992 1792 matri·

46 1816 212 1899 trimonium,
228 1823 302 1906 quia
315 1823 496 1886 adulterium
510 1821 603 1885 semel
618 1827 767 1901 patratum
785 1819 916 1881 rovorari
931 1836 992 1882 non
1117 1833 1121 1842 ’

45 1913 119 1982 poter
134 1929 141 1972 :
154 1911 220 1974 ride
231 1913 367 1976 Carribre
376 1910 612 1996 (compendium,
628 1918 662 1971 n⁰
673 1912 742 1986 183)
756 1913 787 1970 el
799 1907 992 1989 Theologtam

45 1992 208 2079 Tolosanam,
220 2001 374 2076 Matrim,
386 1999 624 2084 impedimentum
633 1996 667 2060 de
679 1996 902 2068 Ummium-4⁰
912 1995 993 2078 qubd

47 2088 179 2164 promissio
191 2089 285 2154 luerit
297 2096 463 2171 acceptata,
478 2107 536 2152 neo
550 2087 658 2151 sufficit
670 2086 752 2169 quod
762 2086 897 2150 adultera
910 2088 992 2148 mere

46 2179 199 2259 senegaune
211 2178 351 2241 habuerit
367 2197 374 2240 :
390 2177 430 2240 ita
443 2178 645 2240 communiter
659 2178 690 2239 S.
708 2175 877 2258 Lignorius,
892 2173 944 2237 lib.
960 2177 990 2250 6,

47 2269 162 2344 ¹¹⁸103lt
177 2268 347 2350 disputatur
361 2273 462 2330 autem
484 2285 523 2330 an
539 2265 691 2328 silentium
705 2267 743 2328 sit
757 2263 908 2328 sufficiens
922 2283 988 2328 con·

46 2358 131 2417 sensus
143 2359 263 2439 signum
278 2375 286 2418 ι
303 2355 465 2439 probabilis
478 2355 603 2418 babetur
617 2355 635 2416 b
649 2357 680 2418 S.
696 2355 838 2436 Lignorio
852 2356 913 2416 tbm
927 2372 993 2416 sen·

46 2443 119 2504 tentia
129 2447 381 2528 atlirmansquttm
396 2463 521 2526 negans.
538 2478 575 2492 —
590 2445 621 2508 S.
638 2444 716 2526 bip,
729 2445 781 2506 lib.
798 2447 836 2515 3,
854 2451 888 2504 n·
903 2444 991 2506 1033.

76 2553 151 2614 1331.
173 2554 298 2628 Ouaerit.
323 2556 354 2615 l⁰
379 2555 425 2614 lln
444 2551 604 2635 promissio
625 2549 695 2616 ficta
714 2548 899 2613 matrimonii
922 2567 992 2613 oum

47 2633 168 2706 adulterio
180 2643 305 2706 inducat
317 2641 594 2724 impedimentum?

78 2741 154 2828 Resp.
175 2747 335 2830 Duplioem
357 2764 422 2809 esse
441 2746 620 2809 sententiam
642 2761 651 2806 r
676 2759 791 2824 negans
813 2737 995 2820 probabilior

49 2824 180 2899 babeturtr
195 2839 226 2901 S.
244 2836 385 2917 Lignorio
400 2835 537 2914 (ibidem,
553 2843 587 2896 ιι·
602 2835 707 2911 1033),
722 2831 794 2913 quia
804 2829 855 2910 jus
870 2827 995 2912 requirit

48 2911 120 2982 fidem
133 2943 183 2989 eeu
195 2943 299 2990 reram
312 2925 546 3007 promissionem
559 2919 755 2984 matrimonii.

78 3034 156 3098 1333.
177 3037 300 3110 Quaerit.
313 3039 346 3100 2·
361 3039 408 3104 ltu
419 3035 580 3120 promissio
593 3031 994 3100 conditionatainduoalim-

40 3117 258 3204 pedimentuml

40 3217 43 3256 '¹
79 3231 158 3317 Resp.
177 3241 212 3301 tn
225 3239 284 3303 hoe
301 3239 411 3322 puriter
424 3257 490 3302 esse
513 3237 666 3321 duplicem
681 3237 860 3302 sententiam
878 3255 886 3298 ι
902 3241 931 3299 et
946 3256 992 3301 no·

49 3327 150 3394 illlam
172 3327 270 3392 adhue
291 3331 308 3392 a
332 3330 364 3392 S.
392 3327 532 3410 biguorio
563 3327 667 3390 haberi
689 3333 723 3391 ut
749 3323 991 3409 probabiliorem.

51 3401 232 3479 temnuntur
245 3425 345 3481 umen
359 3419 502 3481 Doctores
510 3417 663 3500 excipiunt
676 3434 778 3480 oaaum
793 3433 854 3497 quo
863 3414 994 3478 conditio

83 3495 189 3580 impleta
200 3505 301 3571 luisset
313 3512 383 3570 ante
398 3515 527 3569 mortem
539 3505 678 3588 conjugis
694 3524 702 3566 :
717 3504 855 3586 quamvis
877 3503 915 3565 de
937 3501 994 3563 boo

70 3581 128 3649 liam
139 3589 246 3659 dubitet
258 3597 289 3660 S.
300 3596 480 3680 lignarius,
494 3595 678 3677 sapientibus
691 3611 724 3658 se
737 3592 903 3656 remittens.
