2416 3954
342 157 427 204 LIBER
448 157 604 204 SECUNDUS.
904 148 961 204 683}

22 246 111 314 tlottn
123 247 455 325 lb,deConsecr.‚dist.
474 253 502 328 l,
517 251 646 312 dicitur:
662 251 792 313 «Nullus
810 252 965 333 presbyter

22 338 144 399 nmissm
164 337 313 400 celebrare
335 343 498 420 praesumat
520 337 576 399 nisi
605 341 728 401 sacratis
750 339 788 400 ab
815 341 966 421 Episcopo

22 445 33 482 n
52 424 115 487 locis
133 426 236 507 (qualis
258 443 318 488 666
337 427 467 506 ampliira
485 432 529 488 est
543 426 668 488 ccclesia
690 428 806 490 notorie
827 427 963 506 violata),

23 533 33 568 n
52 513 95 593 qui
109 515 250 596 particeps
263 512 301 576 dc
313 522 422 577 caetero
435 515 498 576 vult
510 533 575 577 esse
596 515 751 581 sacerdotii
767 536 803 591 n;
820 515 871 578 sed
887 535 963 598 prae-

23 607 136 682 terquam
148 603 279 666 ccclesiae
290 603 410 684 pollutae
425 609 495 666 sunt
506 608 608 664 tamen
618 603 751 666 ecclesie
764 604 801 664 ab
811 605 966 687 Episcopis

23 698 123 754 sacratae
131 710 181 755 seu
197 691 376 768 bonedictae,
392 692 481 754 verba
494 693 548 775 qui
555 693 707 775 particeps
719 691 755 753 de
767 701 880 770 cetero,
892 701 964 773 etc,

25 777 125 860 intelligi
137 787 257 862 possent
270 781 308 844 de
322 783 412 864 penna
425 799 486 842 non
499 781 565 843 latae
581 781 633 843 sed
651 780 782 843 lerendae
799 784 964 848 sententiaa.

24 865 113 929 tides.
122 869 238 950 Lignor.
246 870 349 948 tlibtl,
360 879 394 932 6ο
401 871 482 950 361).
492 870 707 932 Contratomen
714 868 804 932 sentit
811 869 964 936 Reiffenst.

25 953 357 1038 mammmffi.

54 1045 174 1108 Diximus
181 1047 262 1129 quud
277 1049 307 1110 in
318 1049 493 1112 necessitate
504 1050 543 1112 sit
551 1047 665 1112 licitum
677 1046 828 1110 celebrare
838 1045 868 1109 in
876 1047 969 1110 cccle-

24 1130 57 1192 sit
72 1134 173 1212 polluta
184 1137 250 1199 sine
269 1137 390 1201 licentia
404 1137 562 1220 Episcopi,
578 1139 600 1200 si
622 1137 694 1200 adiri
712 1141 841 1218 nequeat
856 1155 864 1197 ε
879 1137 969 1216 porrd

25 1220 151 1286 sulliciens
163 1226 324 1289 necessitas
336 1227 439 1290 adesse
453 1234 605 1298 censetur,
615 1228 697 1306 juxta
711 1229 742 1288 S.
755 1227 875 1306 Lignor.
891 1225 966 1307 tib),

24 1308 42 1366 si
51 1312 163 1390 populus
175 1333 237 1376 666
252 1316 344 1378 habet
357 1317 447 1379 aliam
461 1317 618 1379 ecclesiam
633 1315 684 1378 ubi
698 1315 821 1376 missam
835 1313 945 1378 audiat.

53 1401 130 1464 tam.
150 1425 165 1463 u
182 1403 389 1468 utereturne
412 1405 596 1482 celebrante,
612 1403 737 1466 violetur
755 1404 881 1466 ecclesia
899 1411 967 1468 ante

25 1505 35 1540 r
54 1503 201 1568 moenem,
216 1494 384 1556 dimittatur
398 1495 502 1570 missa,
521 1495 622 1578 sipost
631 1511 780 1556 canonem
794 1493 966 1574 (inceptum)

25 1591 35 1630 ι
53 1593 104 1638 666
117 1579 290 1644 dimittatur.
307 1605 323 1642 n
341 1581 812 1663 (66666661666666666666,
827 1581 845 1661 §
858 1584 895 1657 X,
906 1585 948 1660 2.)

54 1668 129 1729 taut.
141 1671 267 1742 Quando
277 1671 400 1734 ecclesia
411 1672 512 1752 aliquo
522 1691 559 1733 ex
569 1670 698 1753 praelatis
707 1670 804 1731 modis
814 1669 966 1750 polluitur,

25 1759 226 1837 quamprimum
252 1761 436 1822 reconciliari
457 1760 546 1821 debet
562 1779 569 1820 :
586 1778 652 1840 cap.
669 1757 736 1835 lm,
751 1758 784 1820 de
800 1758 966 1822 Consecrut.

25 1841 144 1922 ecclesie·
157 1849 339 1931 etquidem,
359 1849 383 1910 si
401 1849 527 1911 ecclesia
549 1855 612 1911 erat
629 1852 817 1922 consecrata,
833 1847 967 1909 reconci-

25 1923 73 1989 limi
83 1937 178 2016 nequit
186 1939 225 2000 ab
235 1937 293 2000 alio
303 1939 395 2018 quam
405 1937 443 1998 ab
453 1938 603 2019 Episcopo
614 1936 744 2011 loci,aut
754 1935 813 1997 alio
824 1936 968 2017 Episcopo

26 2031 50 2074 m
62 2021 184 2096 ejusdem
197 2025 407 2106 delegatione3
423 2032 454 2087 et
471 2025 552 2086 idem
571 2031 616 2087 est
632 2023 794 2086 dicendum
809 2022 846 2086 dc
859 2041 967 2087 coeme·

25 2105 264 2177 trrioconsecrato.
274 2117 304 2178 S.
317 2117 375 2177 ltit.
386 2114 537 2195 Congrio
548 2112 865 2186 cameracenstptebr.
879 2117 964 2177 1608.

26 2191 82 2256 lide
104 2200 232 2266 Ferraris
261 2206 302 2282 (m
319 2203 452 2280 ecclesia,
477 2209 531 2265 art.
552 2206 590 2280 l,
614 2201 655 2262 nl·
675 2205 713 2264 66
735 2207 766 2264 et
785 2204 842 2282 66)
857 2207 965 2284 etcap.

27 2279 191 2368 Consultanti,
202 2292 240 2355 de
248 2291 413 2355 Consonat.
424 2291 560 2354 ecclesie.
573 2291 758 2372 Arguiturex
766 2309 832 2372 cap.
841 2292 926 2373 Aput
935 2297 963 2362 9.

25 2367 156 2444 dremne.
171 2382 282 2458 eccles,
297 2381 349 2444 ubi
363 2381 489 2444 dicitur:
502 2383 607 2461 66666
621 2399 674 2461 per
683 2380 865 2460 Episcopum
880 2379 971 2441 bene-

26 2477 36 2513 t
53 2461 120 2529 utem
132 2471 288 2534 ecclesiam
302 2469 487 2534 reconciliari
507 2488 593 2550 posse
607 2487 661 2550 per
678 2468 771 2528 alium
784 2467 967 2547 Episcopum

26 2569 36 2604 t
55 2569 106 2618 666
127 2577 290 2643 negamus,
313 2578 368 2642 per
393 2558 552 2621 sacerdotes
577 2555 722 2638 simplices
745 2553 805 2616 hoc
840 2552 904 2614 lieri
931 2553 968 2615 de

26 2651 147 2709 tcaetero
167 2649 379 2732 prohibentes,
394 2666 457 2709 non
480 2647 616 2709 obstante
636 2641 872 2718 cousuetudine,
896 2645 967 2717 etc,

26 2745 111 2811 ‘quae
124 2740 221 2818 potiirs
239 2745 283 2801 cst
302 2736 480 2819 corruptela.
500 2756 516 2793 n
534 2733 630 2795 Debet
646 2739 746 2793 autem
767 2727 966 2792 reconciliatio

28 2812 75 2881 leri
87 2829 252 2906 aspersione
275 2845 361 2908 aquae
378 2843 449 2888 curn
463 2825 532 2887 vino
546 2829 577 2884 et
593 2821 695 2884 cinere
709 2827 799 2902 atque
812 2819 874 2881 6616
884 2819 968 2899 justa

26 2903 96 2971 titum
110 2913 288 3000 Pontificalt's
302 2914 475 2978 benedictae.

55 3001 131 3066 4666.
146 3007 190 3068 Ex
203 3005 416 3068 commissione
429 3008 482 3064 aut
500 2997 655 3082 privilegio
673 2996 758 3060 Sedis
772 2996 964 3080 apostolica,

25 3091 204 3158 reconciliatio
216 3094 349 3158 ecclesie
362 3097 543 3155 consecratae
557 3096 608 3150 aut
621 3085 783 3151 coemeterii
796 3087 859 3149 fieri
873 3094 967 3170 potest

26 3187 67 3250 tter·
82 3179 239 3266 simplicem
259 3182 460 3257 sacerdotem,
480 3179 570 3241 modo
591 3175 766 3244 adhibeatur
779 3195 856 3258 aqua
876 3178 967 3240 bene·

26 3259 131 3330 666666
140 3274 300 3355 Episcopo:
314 3271 410 3333 elhoc
419 3269 606 3351 privilegium
616 3269 633 3329 6
643 3268 742 3328 Leone
755 3267 968 3330 Xconcessum

26 3347 71 3413 luit
87 3359 289 3439 Generalibus,
304 3357 557 3434 provincialibus,
576 3355 774 3433 Custodibus,
790 3355 968 3418 Guardianis

27 3435 142 3509 Fratrum
164 3451 314 3513 lllinorum
329 3467 339 3526 3
357 3447 397 3510 ab
416 3447 488 3528 ipsis
508 3454 608 3508 mmen
630 3444 810 3526 presbyteris
832 3443 967 3508 benedici

26 3540 109 3600 Esset
115 3553 199 3618 aqua,
209 3539 235 3602 si
244 3537 409 3620 Episcopus
416 3534 534 3598 duabus
544 3533 640 3597 dietis
647 3532 772 3596 6666666
778 3533 822 3610 (S.
832 3532 967 3610 Lignum,
