2416 3954
201 165 260 230 38l
419 183 556 231 uincam
580 178 680 231 rarius
700 185 780 231 aunis
801 181 948 232 canonici.

201 303 287 358 rens,
310 283 406 365 potuit
419 285 634 348 beatitudinem
648 293 709 347 tam
724 285 779 347 sibi
801 286 892 366 quam
908 283 1052 348 omnibus
1075 279 1163 348 electis

201 372 350 454 oniiiligne
373 373 498 452 mereri;
526 383 622 456 potest
643 383 744 436 tamen
767 373 805 436 dc
828 391 965 454 congruo
987 392 1071 436 uuus
1092 375 1162 436 alteri

203 461 328 542 gloriam
353 463 484 540 mereri,
514 463 545 525 in
566 473 713 546 quantum
733 464 831 542 justus
853 470 950 543 potest
976 462 1015 524 de
1039 481 1163 544 congruo

202 551 309 612 mereri
327 549 411 612 alteri
436 552 578 632 gratiam,
602 555 663 634 qna
678 552 849 629 mediante,
874 552 929 612 isle
950 551 1026 614 alter
1042 562 1163 614 meretur

202 639 339 720 gloriam.
355 639 430 701 Vide
445 641 588 719 Billuart,
603 639 673 703 dias.
689 646 726 717 9,
742 647 798 702 art.
813 643 853 717 5,
869 637 946 701 dices
959 644 1004 702 2⁰.

241 733 332 792 4506.
355 731 438 791 Patet
451 749 488 791 ex
507 729 595 792 dictis
613 729 695 810 quod
719 747 795 810 opus
820 728 958 810 pluribus
976 729 1161 812 applicatum.

203 829 352 900 quatenus
366 825 412 880 est
425 817 663 891 satisfactorium,
680 819 781 878 minus
795 817 921 898 singulis
935 819 1031 900 prosit
1043 821 1162 900 quamsi

203 907 255 969 uni
271 910 387 970 tantbm
410 907 627 990 applicaretur,
643 909 680 968 eo
698 905 780 988 qudd
794 907 924 969 valorem
943 907 1093 970 duntaxat
1108 909 1163 969 lini-

204 1002 269 1058 tum
284 995 406 1074 halieat;
421 995 544 1078 quidam
554 1005 654 1058 umen
665 996 876 1078 negant,apud
883 997 1025 1077 laquem
1037 1000 1083 1074 ln⁰
1094 1001 1163 1074 966),

205 1092 235 1149 et
249 1087 278 1148 in
292 1105 397 1149 eorum
412 1087 537 1168 gratiam
547 1085 691 1166 allegatur
704 1104 773 1148 can.
789 1085 856 1147 Non
870 1085 1060 1150 mediocriter
1073 1093 1124 1156 ᾗ,
1138 1087 1166 1148 de

205 1195 327 1237 consecr.
344 1175 412 1236 dist.
428 1179 459 1249 5,
470 1175 520 1237 ubi
535 1174 668 1237 dicitur:
687 1177 792 1236 «Dum
808 1192 863 1256 pro
875 1177 994 1237 cunctis
1005 1177 1163 1249 animabus,

205 1285 221 1324 a
246 1264 378 1345 psalmus
391 1264 436 1326 vel
452 1265 542 1326 missa
555 1262 682 1340 dicitur,
697 1262 770 1325 nibil
786 1265 887 1326 minus
900 1267 993 1346 main
1003 1267 1027 1328 si
1042 1285 1099 1347 pro
1114 1283 1165 1328 uno

207 1375 221 1410 u
247 1352 380 1432 quolibet
390 1353 524 1433 ipsorum
538 1353 698 1426 diceretur,
714 1352 858 1434 accipitur
872 1372 901 1429 a;
917 1353 970 1415 sed
986 1372 1045 1415 non
1061 1355 1166 1416 ridetur

207 1441 326 1521 qubdin
337 1441 672 1524 boccanoneagaturde
682 1441 879 1523 applicatione
891 1452 1166 1525 operumquatenos

207 1537 278 1592 sunt
292 1529 484 1592 satisfactoria
500 1549 508 1592 :
524 1549 611 1594 secus
630 1531 712 1593 enim
726 1537 804 1592 esset
816 1529 980 1594 dicendum
994 1533 1019 1593 si
1038 1541 1167 1614 ageretur

208 1618 246 1681 de
260 1617 456 1701 applicatione
465 1621 564 1701 operis
573 1626 720 1701 quatenus
729 1627 773 1681 est
782 1620 971 1683 meritorium
980 1621 1018 1684 de
1027 1639 1166 1703 congruo,

209 1715 269 1771 tam
283 1708 425 1771 omnibus
439 1715 511 1771 tunc
524 1709 665 1791 prodesse
677 1714 773 1790 potest
786 1711 879 1790 quam
893 1709 919 1771 si
928 1709 981 1772 uni
995 1714 1112 1773 tantiam
1125 1731 1168 1792 ap

210 1797 380 1880 plicaretur.
396 1800 433 1860 V.
451 1799 576 1874 Bnnac,
590 1797 625 1860 de
639 1797 801 1879 indulgent.
817 1803 857 1879 tq.
867 1801 898 1874 2,
909 1807 1012 1880 punct.
1030 1804 1061 1880 l,
1076 1813 1108 1862 η’
1120 1803 1165 1875 ill.

249 1893 338 1949 taor.
362 1887 597 1949 controvertitur
616 1905 664 1968 ap.
689 1887 820 1948 Ferraria
833 1888 873 1966 (v⁰
887 1887 1056 1970 Suffragia,
1073 1899 1105 1952 n⁰
1120 1895 1166 1966 ll,

211 1979 291 2051 etc),
307 1995 345 2035 an
361 1975 538 2036 laudabilius
551 1976 588 2036 sit
601 1993 707 2037 omnes
721 1983 866 2038 secuturae
879 1975 945 2038 vitae
963 1977 1168 2042 satisfactiones

211 2062 410 2123 transferrem
422 2064 538 2124 animas
547 2065 824 2146 Purgaa‹>rtt,qutm
834 2063 889 2126 sibi
900 2065 1167 2152 retinerezquidsm

212 2149 285 2210 illud
297 2151 397 2211 minus
408 2149 626 2212 laudabileesse
637 2162 782 2228 asserunt,
795 2155 1027 2235 uillaynaudus,
1043 2159 1167 2239 Arriaga,

209 2243 283 2312 etc,
299 2237 389 2318 quia,
405 2237 565 2318 inquiunt,
580 2240 609 2300 id
624 2249 701 2304 esset
714 2243 789 2306 velle
802 2244 899 2304 Deum
914 2245 998 2326 prius
1013 2246 1124 2310 laudari
1138 2247 1168 2308 ab

212 2327 270 2389 alio
293 2329 385 2407 quam
407 2329 425 2390 a
445 2328 559 2408 seips03
581 2328 633 2392 sed
654 2331 756 2412 plures
776 2331 824 2394 alii
839 2332 987 2397 affirmant
1007 2337 1168 2420 etquidem

213 2415 331 2490 meritb,
342 2415 410 2498 quia
421 2435 473 2499 per
483 2415 567 2479 illum
578 2417 727 2483 charitatis
738 2429 849 2496 actum,
862 2423 929 2504 plus
938 2429 1169 2508 mereturgratia

213 2515 243 2569 et
255 2514 474 2588 consequenter
487 2507 589 2590 gloriae
602 2509 657 2570 sibi
673 2519 703 2571 et
717 2511 780 2572 Deo
794 2528 846 2592 per
860 2519 951 2574 totam
965 2517 1166 2588 aeternitatem

214 2595 295 2660 unde
309 2599 325 2658 ii
340 2597 475 2680 pluribus
488 2600 540 2660 sS.
557 2597 750 2661 Pontificibus
763 2608 793 2661 et
804 2601 968 2679 praesertim
982 2605 1000 2664 a
1015 2603 1070 2667 Pio
1080 2607 1169 2682 lll,30

215 2695 289 2770 sept.
308 2689 403 2765 idda,
418 2687 506 2748 variis
524 2685 715 2768 indulgentiis
727 2687 855 2750 donatus
875 2689 930 2752 luit
943 2690 1114 2771 hujusmodi
1129 2712 1169 2755 aa·

215 2786 263 2840 tus
282 2777 429 2853 heroicus,
446 2782 481 2838 ut
491 2775 589 2838 videre
605 2783 650 2838 est
664 2777 694 2838 in
708 2794 799 2859 opere
815 2796 823 2839 :
838 2777 882 2841 Le
896 2777 1039 2843 Clirc'tien
1055 2783 1167 2854 cefaire',

216 2873 272 2927 etc.
289 2871 333 2943 (n⁰
347 2869 401 2938 73,
417 2883 447 2947 p.
463 2868 540 2944 233,
556 2869 587 2926 tl‘
601 2865 701 2942 edit).

255 2958 345 3015 4508.
370 2954 448 3015 llicit
471 2963 569 3016 autem
594 2955 726 3018 Ferraria
739 2957 923 3039 probabilius
937 2959 1103 3025 invalidum
1117 2979 1169 3025 esse

216 3045 315 3103 actum
345 3041 426 3102 illios
458 3043 510 3122 qui
537 3044 638 3106 vivens
668 3046 797 3126 applicat
827 3048 987 3112 animabus
1014 3051 1169 3133 Purgatorii

216 3147 323 3192 omnes
339 3131 461 3202 missas,
479 3149 581 3211 preces
595 3143 625 3195 et
637 3134 850 3198 satisfactiones
864 3155 919 3218 pro
935 3155 968 3200 sc
981 3137 1124 3203 defuncto
1136 3140 1170 3201 of·

217 3217 372 3292 ferendus3
392 3218 443 3280 sed
459 3219 587 3282 similem
608 3232 707 3285 actum
722 3221 868 3305 approbat
880 3227 911 3288 S.
925 3227 1082 3306 Pontifex,
1096 3227 1172 3292 iariis

218 3307 411 3386 indulgentiis
431 3308 614 3371 cumulando
636 3311 727 3373 modb
748 3314 863 3376 dictum
885 3313 1037 3380 charitatis
1059 3328 1170 3392 actum,

218 3395 249 3455 in
271 3412 332 3474 quo
355 3395 420 3454 talis
439 3413 500 3457 non
522 3400 637 3458 tantiam
652 3399 738 3461 offeri
753 3409 783 3464 et
803 3405 833 3462 in
856 3421 964 3466 manus
978 3405 1081 3469 Mariae
1095 3407 1173 3488 depo

218 3482 273 3550 nit,
289 3481 327 3541 ab
337 3481 400 3561 ipsa
412 3483 594 3563 proarbitrio
604 3489 762 3551 animabus
773 3493 936 3572 l’ucgatorii
950 3492 1169 3562 distribuendas,

219 3585 326 3636 omues
347 3587 411 3631 suae
428 3570 493 3632 vitae
515 3577 661 3636 secuturae
681 3577 895 3642 satisfactiones
918 3583 1111 3668 personales,
1128 3581 1171 3646 sed
