2416 3954
899 1 1135 50 ““Ἶ“π

204 216 262 278 598
422 227 561 274 narcara
579 225 681 271 horrus
700 223 782 270 ronta
803 219 950 268 canonici.

204 353 220 392 a
246 335 347 390 menta
366 327 500 406 recipere
521 325 614 386 libere
634 329 664 385 et
677 322 757 386 licite
771 323 906 400 valcant,
926 322 1071 405 nequead
1085 323 1109 384 irl
1127 324 1152 382 nl

205 443 221 480 o
245 415 429 499 parochiales
442 413 584 476 ecclesias
598 411 741 474 accedere
754 416 925 474 teneantur.
939 433 955 470 a

246 506 328 566 ldem
342 502 649 567 conhrmatClemens
664 501 727 561 Vlll
734 547 743 577 ,
754 503 791 560 22
808 501 981 579 necamur,
991 519 1072 563 anno
1086 505 1154 573 tara,

207 596 253 659 his
266 593 364 656 verbis
378 611 387 654 ε
406 609 421 651 a
434 591 578 654 Praesenti
593 597 696 652 nostro
711 591 837 650 Decreto
851 588 1006 652 sancimus
1019 591 1107 656 licere
1116 609 1156 651 sae-

208 707 224 744 »
247 683 417 760 cularibus,
433 680 603 761 Christique
617 677 755 740 fidelihus
769 677 933 748 universis,
952 679 1060 741 missas
1074 679 1158 740 diebus

209 797 224 833 n
249 771 416 834 Dominicis
437 776 467 832 et
487 769 581 831 Fastis
603 766 668 828 aliis
682 765 848 845 majoribus
870 765 976 828 audire
997 766 1028 829 in
1050 767 1159 830 ecclesiis

210 885 225 922 a
248 869 311 924 tam
332 859 471 922 Fratrum
487 856 720 920 Praedicatorum
742 857 835 936 quam
858 854 988 918 aliorum
1011 855 1159 918 blendioru-

211 974 226 1010 ι)
250 951 338 1022 tium,
355 965 474 1010 necnon
485 945 573 1008 eliam
581 943 703 1026 Collegii
715 943 870 1006 societatis
879 944 970 1021 lesu,
983 945 1067 1024 iuxta
1078 961 1160 1006 corun

212 1063 228 1100 o
253 1037 405 1122 privilegia
414 1043 444 1098 at
452 1036 589 1116 antiquas
599 1031 845 1112 consuetudines,
854 1031 1023 1096 dummodo
1031 1033 1060 1094 id
1074 1033 1159 1096 incon

215 1151 229 1188 o
252 1133 401 1208 temptum
416 1123 633 1206 parochialium
645 1121 842 1184 ecclesiarum
857 1138 918 1182 non
933 1121 1082 1183 iaciant.»

254 1216 340 1280 Unde
354 1216 385 1275 S.
403 1215 512 1293 Congr.
530 1213 622 1273 Conc.
635 1210 767 1272 decrevit
783 1231 799 1269 a
814 1227 876 1270 non
892 1227 982 1290 posse
997 1210 1161 1272 ordination

216 1329 231 1364 o
256 1302 375 1365 mulctis
389 1307 419 1362 ct
432 1300 530 1381 poenis
544 1317 653 1380 cogere
666 1298 705 1361 ad
718 1297 900 1360 audiendam
914 1299 1040 1361 missam
1053 1299 1095 1360 rel
1109 1315 1162 1359 con

216 1415 232 1451 n
256 1393 376 1454 cionem
392 1389 421 1450 in
433 1388 553 1470 propria
569 1387 861 1468 parochia,etiamin
875 1405 947 1450 casu
959 1387 1162 1470 negligentia.»

221 1483 275 1560 Ap.
293 1479 325 1541 S.
342 1477 476 1558 Lignor„
493 1476 545 1537 lib.
562 1495 593 1553 3,
609 1480 644 1537 n⁰
657 1479 728 1544 322.

259 1569 380 1630 Constat
398 1569 430 1639 2⁰
444 1568 488 1626 Ex
502 1564 707 1627 consuetudine
720 1565 880 1628 universali
894 1583 988 1646 quam
1002 1564 1118 1627 abolere
1129 1581 1167 1624 ne

220 1661 338 1739 queunt
359 1651 532 1717 ordinarii:
554 1652 621 1714 ride
644 1653 758 1715 Bened.
784 1655 849 1715 xlv
868 1654 922 1732 (ue
946 1653 1040 1736 Syn„
1064 1653 1114 1736 lib.
1131 1655 1169 1723 ll,

165 1771 169 1778 ·
221 1765 287 1826 cap.
306 1748 355 1821 lt,
372 1753 404 1805 n⁰
418 1745 475 1820 ll),
490 1741 541 1803 ubi
556 1741 629 1804 dicit
644 1761 652 1802 ε
670 1741 924 1813 «Ouaehactcnus
938 1741 1088 1818 diximus,
1098 1741 1173 1802 solen

222 1858 237 1892 n
262 1834 421 1902 adstruunt
434 1831 598 1892 libertatem
614 1847 677 1890 rem
691 1829 824 1892 divinam
838 1830 974 1912 qnalibet
986 1832 1061 1893 anni
1073 1831 1118 1892 die
1133 1847 1173 1888 au·

223 1946 239 1986 n
262 1923 363 1984 diendi
386 1921 417 1982 in
441 1920 573 1983 ecelesiis
596 1918 800 2000 regularium
818 1918 892 2000 quid
913 1917 1174 1982 autemdicendun

224 2028 239 2070 n
263 2009 364 2092 quoad
378 2009 451 2070 alias
466 2007 606 2070 ecclesias
620 2007 703 2069 nullo
717 2007 890 2088 privilegio,
905 2007 962 2069 hac
977 2010 1009 2068 in
1024 2027 1074 2083 re,
1089 2004 1174 2069 asar

225 2121 239 2156 n
266 2097 436 2177 Apostolos
459 2095 609 2157 donatas?
626 2129 666 2140 —
683 2097 838 2176 Integrum
861 2095 951 2157 hodic
965 2097 1111 2160 omnibus
1129 2111 1176 2156 esst

225 2207 239 2244 o
265 2186 297 2246 in
311 2184 445 2265 qualibet
458 2185 604 2261 ecclesia,
628 2183 719 2246 modd
740 2201 802 2246 non
826 2186 901 2251 sit...
920 2185 1087 2248 oratorium
1103 2185 1176 2266 prin·

225 2295 240 2334 o
265 2279 346 2349 tum,
364 2272 456 2333 sacris
471 2272 603 2351 myteriis
615 2273 776 2350 interesse,
789 2274 860 2352 quia
873 2274 1026 2335 contraria
1040 2280 1179 2337 consuete

226 2385 241 2421 n
265 2360 351 2438 dine,
367 2359 399 2421 in
421 2367 484 2422 toto
496 2359 666 2422 Christiano
691 2361 769 2422 Orbe
790 2363 930 2441 recepta,
954 2360 1131 2444 derogatam
1150 2365 1180 2416 ost

227 2475 242 2511 o
268 2455 417 2534 praecepto
430 2447 572 2512 audiendi
586 2451 710 2511 missam
723 2449 942 2530 parochialem,
957 2448 1072 2512 docent
1084 2449 1183 2531 Spha-

228 2547 361 2624 olter...,
380 2539 575 2610 Navarrus..,
598 2544 698 2615 etc...,
721 2536 865 2600 addentes
887 2539 1012 2619 insuper
1027 2558 1091 2601 non
1113 2553 1183 2619 pose

228 2653 244 2692 a
268 2629 358 2692 hodie
379 2627 562 2710 Episcopum
581 2627 744 2708 praecipere
766 2627 828 2688 suis
848 2627 977 2689 subditis
996 2631 1032 2690 ut
1051 2645 1085 2691 se
1099 2627 1186 2690 suun

229 2742 244 2782 a
269 2719 368 2782 missae
389 2716 569 2799 parochiali,
584 2716 656 2796 quia
679 2733 742 2776 non
765 2721 864 2796 potest
883 2715 985 2780 delere
1007 2713 1186 2779 consuetudi·

229 2830 245 2868 o
270 2825 353 2884 nem,
368 2823 437 2888 quae
451 2805 522 2867 cum
535 2802 632 2884 vigeat
644 2803 677 2864 in
693 2809 756 2866 toto
769 2802 859 2882 Orbe,
871 2803 936 2883 jam
949 2803 1049 2867 induit
1065 2813 1186 2868 naturam

231 2919 246 2956 a
268 2896 343 2974 Juris
369 2893 576 2956 communis...
605 2893 672 2954 aln
698 2891 757 2953 hoc
776 2909 868 2971 sensu
890 2893 1099 2974 pronuntiavit
1120 2895 1148 2954 S.
1161 2891 1186 2948 t.

231 2984 370 3058 Concilii,
394 2988 425 3044 et
447 2984 597 3045 Statutum
617 2979 757 3062 Episcopi
778 2977 921 3042 Midansis
941 2979 1022 3044 hanc
1043 2981 1188 3063 obligatio·

232 3087 304 3132 nem
326 3087 474 3131 renovans
497 3069 555 3132 tuit
577 3070 615 3132 ah
636 3070 700 3151 ipsa
720 3065 924 3150 improbatum
941 3075 1093 3154 tanquam
1114 3069 1188 3132 nimis

232 3175 369 3221 severum
383 3155 524 3239 (ibidem).

272 3255 358 3318 Unde
372 3254 485 3316 Concil.
497 3255 578 3318 Trid.
597 3255 685 3336 (sess.
701 3259 764 3332 92,
779 3253 1066 3336 denotantem.)
1081 3255 1202 3320 nonda-¹

233 3343 328 3408 cernit
341 3349 375 3404 ut
383 3343 523 3424 Episcopi
538 3345 724 3424 praecipiant,
739 3341 792 3407 sad
806 3349 840 3406 ut
852 3346 971 3408 tanthm
989 3351 1202 3412 «moneant-i

233 3452 249 3489 o
273 3430 432 3509 populum,
447 3437 479 3492 ut
493 3430 665 3511 frequenter
678 3431 716 3494 ad
725 3450 795 3496 suas
808 3431 965 3514 parochias
976 3431 1087 3496 saltem
1099 3433 1192 3496 diebus

234 3539 249 3578 ι
275 3517 439 3580 Dominicis
454 3524 483 3578 et
497 3519 661 3594 majoribus
675 3521 759 3583 festis
774 3519 928 3584 accedant.
943 3543 960 3582 ι
973 3519 1049 3583 Vade
1063 3523 1152 3585 etiam
1164 3523 1202 3600 P.j

235 3607 317 3685 Gury
330 3607 413 3684 (tom.
431 3608 459 3682 l,
476 3603 516 3664 n¹·
531 3609 601 3683 352,
616 3608 697 3688 353).
1201 3637 1202 3640 ’
