2416 3954
406 203 491 250 nraan
513 203 669 251 secururs.
965 189 1019 254 tot

78 295 166 378 lloyse
180 301 361 382 imperante,
377 320 409 364 se
431 303 597 384 aperuerit,
612 308 646 364 ut
659 303 790 383 populus
807 304 895 366 lsrael
915 323 969 387 per
984 307 1024 387 ip·

77 401 133 446 sum
142 389 294 452 transierit:
310 391 375 454 hero
388 399 459 454 sunt
472 391 618 453 miracula
631 400 732 452 eontra
745 400 903 464 notorem:
920 396 1024 457 tertius

75 473 181 538 tandem
199 488 308 561 preter
325 489 481 552 naturam,
506 487 539 542 ut
561 479 717 542 mundatio
736 483 871 545 Naaman
891 484 1022 566 dlepra:

75 559 123 625 hor
141 568 254 630 tertium
268 588 364 652 genus
385 569 602 632 miraculorum
615 575 660 632 est
682 570 805 650 quidem
825 591 916 654 supra
929 581 1026 654 potes·

74 654 151 714 tatem
164 653 323 722 humanam
338 657 438 740 quoad
454 657 600 736 modum,
617 677 678 720 non
692 660 762 720 verb
776 661 876 740 quoad
890 662 1025 726 substan-

35 780 37 784 ι
73 737 148 820 tiam,
169 747 239 808 ebm
259 766 322 810 non
341 748 408 809 rard
430 747 545 812 aecidat
569 754 601 810 ut
618 748 707 810 variis
729 748 868 810 remediis
886 750 968 826 lepra
986 753 1025 815 ab

71 825 226 898 bominibus
235 842 357 900 euretur
370 837 435 898 sine
444 837 599 900 miraculo.
616 836 762 900 Homines
775 843 876 899 tamen
891 858 952 902 non
969 841 1024 904 ha·

72 915 133 980 bent
154 929 327 1002 potestatem
349 925 475 989 curandi
490 927 604 1008 lepram
627 945 680 1008 per
702 925 838 988 medium
858 926 1025 992 adhibitum

70 1023 130 1090 erga
142 1013 274 1078 Naaman
287 1063 295 1094 ,
310 1015 439 1096 ideoque
452 1015 519 1078 talis
533 1015 688 1079 mundatio
702 1021 748 1078 est
759 1015 937 1078 miraculum
954 1039 1027 1102 prae-

70 1100 107 1156 ter
120 1109 273 1180 naturam,
290 1123 352 1166 non
366 1107 436 1166 verb
451 1105 573 1184 praecise
586 1112 702 1182 eontra,
718 1104 789 1186 quia
803 1123 865 1167 non
879 1114 1027 1188 repugnat

69 1191 171 1252 nature
184 1193 267 1274 qudd
282 1193 366 1274 lepre
380 1201 511 1270 curetur,
527 1193 600 1256 dum
615 1200 659 1256 est
673 1201 777 1256 eontra
792 1201 928 1257 naturam
944 1196 1027 1276 qudd

68 1275 105 1422 pol
125 1284 194 1354 stet,
217 1289 270 1344 aut
288 1299 371 1344 mare
394 1300 426 1346 se
445 1282 567 1364 aperiat.
591 1281 646 1362 (Be
666 1283 819 1365 Brucida,
839 1282 892 1344 lib.
907 1289 942 1354 t.
959 1303 1027 1366 pars

91 1383 136 1440 ,e
153 1371 194 1449 l.)

98 1457 183 1520 reri.
206 1462 330 1542 Septem
349 1465 449 1523 autem
464 1460 712 1536 circumstantiae,
728 1462 819 1522 etiam
839 1461 1026 1526 medicorum

63 1539 165 1620 judicio
178 1549 425 1632 comprobandae,
443 1568 623 1612 concurrere
638 1549 749 1612 debent
758 1550 968 1629 inhujusmodi
982 1572 1029 1616 aa·

64 1633 226 1702 nationibus
246 1645 284 1702 ut
304 1638 364 1701 sint
387 1637 533 1700 habendae
554 1644 700 1719 tanquam
722 1657 792 1700 vera
813 1639 891 1701 tertii
914 1641 1029 1703 ordinis

64 1719 201 1789 miracula
221 1747 230 1788 ι
256 1731 318 1789 rl⁰
341 1725 467 1789 morbus
486 1728 523 1789 sit
537 1727 633 1808 gravis
648 1735 677 1788 et
691 1734 796 1790 curatu
815 1728 1026 1809 impossibilis,

62 1829 75 1866 r
96 1822 145 1876 aut
168 1815 278 1879 saltem
291 1815 438 1892 diffieilis;
461 1821 492 1878 2⁰
507 1815 632 1877 morbus
646 1834 707 1878 non
727 1816 809 1878 sitin
827 1815 932 1880 ultima
946 1826 1029 1900 parte

64 1917 78 1957 a
95 1903 139 1964 sui
153 1909 251 1968 statiis
264 1954 272 1984 ,
288 1924 377 1968 seu...
395 1923 488 1986 prope
503 1904 621 1981 crisim,
637 1905 708 1986 quia
723 1905 856 1967 naturale
869 1915 912 1969 eal
927 1907 1027 1989 qubd,

63 2005 75 2050 a
93 1995 278 2058 succedente
291 1995 373 2070 arisi,
389 1993 486 2056 subita
502 2013 537 2054 ee
555 1993 710 2075 repentina
725 1995 849 2057 mutatio
860 1998 1027 2078 contingat3

59 2103 70 2134 r
93 2085 123 2143 3ο
138 2084 365 2147 medicamenta
374 2083 419 2144 vel
431 2101 490 2144 non
502 2082 612 2144 luerint
621 2083 762 2160 adbibita,
773 2083 819 2145 vel
829 2086 911 2147 eertd
920 2087 1029 2168 probe·

57 2193 69 2224 u
93 2175 192 2237 turea
208 2192 273 2236 non
288 2172 449 2254 proluisse3
461 2177 492 2232 4⁰
507 2171 621 2234 sanatio
632 2171 682 2234 liat
694 2173 795 2235 subitb
808 2180 836 2236 et
845 2173 876 2236 in
891 2176 1027 2238 instanti:

57 2281 69 2314 r
96 2279 168 2323 nem
187 2262 391 2326 admittuntur
418 2261 542 2342 quidem
556 2261 641 2343 plura
655 2261 800 2324 miracula
818 2264 933 2342 majora
961 2283 1030 2345 quae

56 2368 68 2406 a
91 2351 266 2414 successive
281 2357 350 2412 sunt
363 2359 523 2414 consecuta
538 2369 629 2412 suum
643 2349 802 2427 effectum,
818 2357 850 2412 ut
864 2350 975 2412 laetum
987 2359 1032 2412 est

55 2461 68 2495 a
91 2439 964 2523 ineopueroquemresusscitavitEliseus‚tReg.,e.t,v.
979 2443 1029 2513 35;

55 2549 68 2583 n
91 2531 200 2592 verbm
216 2528 345 2591 omnino
359 2529 377 2590 a
391 2529 422 2590 S.
438 2530 586 2610 congreg.
608 2528 732 2590 Rituum
752 2525 912 2606 requiritur
927 2527 958 2586 in
979 2527 1034 2586 mt

54 2641 67 2674 a
90 2620 206 2682 reculis
230 2616 313 2680 tertii
336 2616 468 2696 ordinis,
493 2623 526 2680 ut
546 2616 727 2697 plerumque
749 2620 820 2676 sunt
842 2613 1031 2693 sanationes,

54 2706 354 2785 riestentaoeites,
388 2705 493 2767 saltem
529 2704 682 2766 moraliter
709 2709 855 2783 recepta;
883 2702 945 2764 imd
972 2703 1034 2766 vult

53 2818 65 2854 a
90 2798 211 2862 Bened.
230 2798 336 2859 XIV...
357 2794 473 2876 judiees
487 2813 551 2856 esse
566 2811 684 2856 severos
697 2798 727 2854 et
749 2791 911 2872 prudentes
929 2811 936 2852 r
952 2793 1034 2856 uude

54 2907 66 2941 a
90 2905 143 2952 eas
167 2885 364 2955 sanationes,
382 2902 465 2965 quae,
482 2883 565 2944 laetis
580 2883 719 2964 precibus
734 2880 977 2959 novendialibus,
994 2883 1034 2947 ita

51 2997 64 3033 n
87 2977 279 3041 aeciderunt
297 2980 330 3037 ut
352 2991 448 3054 aeger,
471 2973 604 3053 primum
627 2971 725 3048 hene,
749 2972 851 3052 postea
873 2971 982 3034 melibs
1005 2981 1035 3036 et

53 3086 64 3120 r>
88 3065 225 3129 tandem
245 3062 352 3126 ultima
373 3062 422 3124 die
442 3059 573 3144 perleete
587 3079 619 3123 se
643 3060 798 3138 habuerit,
817 3059 943 3122 aestimat
956 3061 1035 3124 inter

49 3178 62 3212 l
87 3155 210 3238 gratias
238 3153 430 3235 potiusquam
449 3150 526 3212 inter
538 3149 683 3214 miracula
697 3149 917 3226 numerandas;
940 3155 972 3214 5⁰
990 3170 1034 3213 sa-

51 3269 63 3300 r
88 3246 178 3308 natio
193 3242 237 3306 sit
251 3241 392 3323 perlaeta,
407 3257 469 3302 non
485 3255 602 3317 manea,
618 3239 659 3300 ita
672 3245 705 3300 ut
719 3238 823 3300 saltem
838 3239 962 3302 morbus
972 3239 1035 3322 ipse

47 3357 61 3394 r
87 3333 128 3398 sit
143 3334 178 3398 in
206 3331 342 3393 instante
356 3329 525 3411 depulsus:
549 3327 581 3389 in
595 3327 752 3390 sanatione
770 3327 947 3390 morborum
966 3347 1035 3408 quaa

48 3447 61 3480 n
88 3422 129 3486 ad
158 3419 310 3485 ordinem
342 3418 483 3482 intimum
509 3416 658 3499 pertinet,
687 3417 724 3478 eb
748 3415 830 3497 qudd
857 3415 916 3478 alio
944 3415 1036 3478 modo

45 3534 60 3572 r
88 3508 282 3578 naturaliter
312 3505 422 3590 depelli
449 3507 642 3590 potuissent,
669 3505 801 3568 obstaret
825 3502 1036 3580 cognoscendo

46 3627 60 3660 o
86 3597 254 3665 miraculo
267 3597 366 3680 qubd,
380 3615 409 3660 r.
426 3615 469 3678 g„
484 3599 653 3659 remaneret
666 3591 809 3654 lassitudo
822 3589 949 3665 virium,
968 3592 1027 3650 ete
