2420 3968
347 231 351 238 “
406 229 493 282 utana
513 235 672 283 snouunus.
959 195 1042 290 m,
1102 197 1190 306 Ἣ

57 327 195 408 studium,
213 329 362 395 breviario
374 336 524 404 correcto,
534 337 564 392 et
576 331 615 392 ab
628 332 694 412 ipso
708 333 851 415 probato,
866 334 911 400 sie
924 338 1019 420 pergit

58 419 211 571 &ggqg'll‘
220 466 322 588 ltaque
335 513 367 570 ut
380 507 471 570 divini
485 507 575 588 hujus
589 511 689 591 operis
702 511 826 574 effeetus
834 512 933 595 reipsa
947 531 1019 578 eon·

56 619 70 658 a
91 602 246 680 sequatur,
269 597 443 658 auctoritate
461 598 655 679 praesentium
677 599 810 662 tollimus
828 602 978 684 imprimis
991 609 1020 666 et
1190 599 1194 634 ³

57 707 70 744 n
93 685 246 748 abolemus
260 683 442 747 Breviorium
452 703 564 748 novum
578 687 764 751 bFranoisoo
778 689 934 753 Cardinale
948 711 1017 773 prffi
1131 665 1195 762 ξῇ

35 772 166 837 4»ἀίοιο
185 773 337 836 editum...
365 775 408 836 Ao
435 773 524 836 etiam
552 774 707 838 abolemus
734 794 936 860 quaecumque
963 781 1020 844 311,

55 883 68 920 a
91 861 236 924 breviaria
249 861 295 924 vel
317 862 503 944 antiquiora,
518 861 565 924 vel
588 864 694 944 quovis
711 863 867 945 privilegio
885 868 1018 946 munita,

56 974 69 1011 u
91 950 138 1014 rel
150 949 188 1013 ab
197 950 353 1032 Episcopis
366 951 398 1012 in
412 951 474 1013 suis
487 950 666 1015 dioeoesibus
680 951 871 1034 pervulgata,
886 970 1022 1016 omnem-

55 1065 68 1097 »
90 1057 148 1121 que
161 1039 283 1102 illorum
296 1057 387 1102 usum
408 1039 445 1102 de
466 1039 608 1102 omnibus
628 1041 709 1104 orbis
730 1040 883 1117 ecelesiis,
899 1058 1020 1104 monas-

54 1151 67 1186 »
89 1127 181 1204 teriis,
196 1135 295 1204 ete...,
306 1129 396 1190 etiam
407 1129 604 1209 exemptis...,
620 1129 678 1191 illis
690 1135 793 1192 tamen
807 1128 940 1209 exceptis
953 1148 1021 1210 quae

55 1239 67 1274 a
91 1217 130 1278 ab
143 1216 207 1298 ipsa
217 1219 315 1298 prima
330 1217 525 1294 institutione,
535 1218 553 1277 a
563 1217 640 1278 Sede
655 1217 825 1300 apostoliea
839 1215 1020 1298 approbata,

54 1305 135 1368 uvel
172 1304 407 1381 consuetudine,
438 1323 507 1386 quae
536 1305 582 1368 vel
609 1306 673 1388 ipsa
702 1305 847 1368 institutio
877 1303 1022 1368 ducentos
1091 1313 1094 1318 '
1162 1279 1198 1400 ‚ff

55 1418 66 1451 u
90 1411 186 1456 annos
199 1393 365 1468 antecedat,
381 1393 446 1455 aliis
460 1394 549 1456 certis
567 1393 718 1457 breviariis
731 1413 786 1456 usa
808 1393 900 1456 luisse
914 1395 1023 1456 eonsti-

53 1505 66 1540 η
91 1482 159 1544 terit
174 1501 181 1542 :
197 1481 323 1564 quibus,
338 1487 374 1544 ut
393 1481 590 1544 inveteratum
610 1481 684 1546 illud
695 1484 747 1562 jus
760 1481 879 1544 dicendi
900 1487 931 1545 et
943 1482 1022 1563 psal·

53 1595 66 1628 a
92 1569 171 1632 lendi
182 1589 272 1632 suum
286 1569 417 1633 officium
433 1588 494 1632 non
508 1570 688 1648 adimimus,
705 1572 748 1632 sie
761 1571 876 1633 eisdem
888 1617 896 1647 ,
909 1570 934 1632 si
950 1569 1023 1633 lortb

52 1682 65 1716 a
91 1658 148 1720 hoc
162 1665 317 1738 nostrum,
333 1659 415 1740 quod
434 1657 525 1720 modb
539 1659 747 1739 pervulgatum
766 1663 832 1734 est,
847 1655 943 1738 magis
963 1657 1024 1739 pla·

52 1769 66 1806 a
92 1753 174 1824 oeat,
193 1747 360 1809 dummodo
379 1746 545 1826 Episcopus
562 1751 593 1807 et
609 1747 782 1808 utiirersum
801 1744 971 1825 Capitulum
992 1746 1023 1807 in
1103 1785 1104 1788 =
1156 1719 1203 1780 ³²

51 1857 65 1894 a
92 1852 129 1897 eo
138 1836 327 1898 consentiant
337 1883 345 1912 ,
356 1839 391 1896 ut
404 1833 434 1894 id
446 1834 475 1894 in
490 1832 582 1894 choro
596 1833 695 1895 dicere
706 1840 734 1894 et
749 1831 874 1913 psallere
888 1832 1022 1912 possint,

50 1945 64 1980 a
91 1923 330 2004 permittimus...
344 1921 433 1984 Omni
447 1921 547 2002 itaque
561 1920 619 1982 alio
632 1940 690 1984 usu
704 1919 902 2002 quibuslibet,
917 1925 952 1982 ut
963 1920 1024 1984 dio·
1110 1907 1112 1910 ’
1135 1919 1142 1944 ⁴
1157 1893 1161 1900 ⁵
1181 1915 1191 2008 ,ζ’

52 2017 158 2074 atum
173 2019 236 2088 est,
252 2011 427 2086 interdicto,
447 2009 505 2070 hoo
525 2016 661 2072 nostrum
681 2009 886 2085 breuiarium,
905 2027 940 2071 ao
958 2027 1024 2091 pre·
1123 2075 1124 2080 ,
1191 2077 1192 2080 [

51 2123 65 2158 a
92 2098 180 2162 eandi
201 2098 407 2181 psallendique
420 2097 580 2160 formulam
594 2097 626 2159 in
640 2098 782 2160 omnibus
794 2097 924 2160 universi
937 2098 1024 2160 Orbis

52 2212 65 2245 a
92 2187 242 2265 eoelestis,
258 2187 458 2263 monasteriis,
474 2185 636 2249 Ordinibus
649 2194 679 2250 et
692 2187 779 2262 loeis,
795 2186 885 2249 etiam
899 2204 1023 2268 exemp-

51 2301 64 2332 a
93 2275 148 2354 tis,
164 2277 196 2338 in
210 2276 320 2358 quibus
333 2274 465 2338 officium
486 2293 522 2337 ex
545 2293 629 2338 more
651 2283 681 2338 et
699 2277 760 2338 ritu
773 2274 861 2336 dietae
879 2277 1023 2336 Romame

53 2391 64 2420 v·-
93 2365 235 2428 Ecclesiae
247 2363 306 2427 dioi
319 2363 423 2441 debet,
443 2369 495 2427 aut
507 2365 679 2442 consuevit,
695 2363 774 2425 salve
787 2361 929 2443 predicta
943 2362 1024 2422 insti-

51 2477 63 2509 »
94 2451 263 2516 tutionevel
274 2451 661 2533 Consuetudinepraedietos
671 2451 817 2512 ducentos
826 2466 922 2509 annos
938 2467 1025 2528 supe·

52 2567 65 2596 a
97 2548 193 2619 rante,
204 2540 743 2624 praeoipimusobservari:statuentes
752 2534 932 2596 breviarium
940 2534 1024 2596 nullo

51 2653 66 2686 a
96 2647 234 2712 unquam
242 2635 390 2712 tempore,
400 2629 446 2691 vel
460 2625 623 2704 totum,vel
634 2644 670 2688 ex
678 2628 762 2706 parte
775 2620 966 2698 mutandum,
978 2623 1024 2684 vel
1085 2657 1086 2660 =

51 2743 66 2774 u
95 2717 122 2780 ei
134 2717 252 2800 aliquid
266 2717 450 2794 addendum,
460 2715 507 2779 vel
521 2714 646 2776 omnino
660 2707 878 2774 detrahendum
892 2725 974 2784 esse;
990 2726 1025 2773 ao

52 2827 67 2864 a
95 2805 384 2889 quoscumque,qui
395 2805 483 2867 horas
493 2804 719 2877 canonicas,ex
732 2816 816 2861 more
825 2800 855 2858 et
863 2797 923 2856 ritu
933 2795 1025 2876 ipsius

52 2921 68 2959 n
96 2894 400 2972 RomanaeEeolesiae,
407 2895 475 2973 jure
487 2893 534 2954 vel
547 2887 763 2954 consuetudine
772 2885 873 2947 dicere
886 2883 931 2945 vel
946 2883 1025 2966 psal-

52 2990 158 3052 alere
166 2985 289 3060 debent,
299 2981 460 3066 propositis
468 2975 782 3062 poenis...constitutis
793 2975 825 3036 in
835 2972 946 3056 eosqui
954 2951 1027 3036 divi-³
1070 3007 1072 3011 ·

51 3101 67 3136 a
95 3094 172 3143 num
195 3071 329 3138 officium
349 3069 483 3153 quotidie
504 3086 565 3130 non
585 3065 730 3142 dixerint,
754 3061 973 3127 addicendum
996 3067 1025 3125 el

53 3188 68 3221 υ
93 3161 289 3249 psallendum
299 3159 423 3243 posthae
437 3159 469 3220 in
483 3161 661 3238 perpetuum
675 3153 800 3216 boras...
815 3168 854 3214 ex
865 3149 956 3230 hujus
968 3153 1026 3214 llo-

49 3276 67 3312 a
94 3251 182 3317 mani
199 3249 342 3313 breviarii
356 3247 568 3330 praescripto...
593 3242 719 3306 omnino
732 3239 842 3314 lenem
859 3238 1025 3301 neminem·

49 3364 67 3400 a
91 3360 194 3425 que...
205 3337 265 3401 nisi
278 3336 335 3400 hle
348 3336 412 3399 sold
424 3335 552 3397 formula
565 3329 732 3394 satisfacere
746 3345 871 3409 posse...
886 3347 901 3384 a

89 3433 196 3498 5047„
212 3425 328 3490 Similia
349 3424 491 3487 dicuntur
509 3423 540 3482 in
562 3419 647 3480 Bulla
670 3415 875 3496 (imprimam
898 3421 1024 3494 tenpore

48 3519 195 3596 ejusdem
208 3513 362 3580 Pontlfieis
375 3513 459 3574 initio
480 3507 603 3571 blissalis
617 3505 740 3586 praelixa
755 3550 763 3580 ,
779 3503 829 3564 ubi
846 3499 937 3562 etiam
950 3500 1023 3580 legi-

50 3609 101 3668 tur
118 3627 127 3670 :
149 3629 166 3666 a
181 3603 258 3667 lluio
274 3601 383 3664 blissali
398 3601 504 3659 Nostro
518 3611 614 3670 nuper
628 3593 725 3668 edito,
737 3589 811 3651 nibil
824 3603 960 3665 uuquam
974 3584 1023 3644 ad

174 3720 267 3768 nm.
884 3683 920 3744 Π
