2416 3954
209 227 265 290 458
426 243 564 290 uuuumu
584 241 684 288 rorrus
704 243 785 290 surus
805 241 953 290 cunouru.

208 342 350 423 competit
363 343 555 424 prerogativa
570 349 722 405 uteorum
736 361 863 424 corpora
882 343 914 404 iu
928 341 1094 407 conditoriis
1103 343 1148 408 de·

207 431 280 493 vatis
293 434 310 492 h
324 433 401 492 terre
417 438 611 511 reponantur.
628 432 786 509 (Ferraris,
801 431 857 508 ie,
873 440 907 494 n·
923 432 1007 508 ¹29.)

247 521 313 581 Non
340 519 642 600 comprehunduntur
674 527 776 582 temen
812 519 844 582 iu
874 519 952 583 dicu
984 522 1151 605 dispositione

208 610 239 672 S.
256 607 299 669 Pii
313 611 355 688 V,
369 618 567 671 monumenta
580 627 750 672 marmoree
771 609 866 671 muris
885 627 939 673 seu
962 611 1104 674 columnis
1114 611 1151 673 ul-

209 694 375 775 herculio,
398 698 565 778 praesertim
597 697 704 760 amotis
730 697 925 760 cadaveribus
955 699 974 761 b
1000 699 1072 764 locis
1095 701 1151 762 ultis.

209 785 239 848 S.
258 787 368 867 Congr.
386 785 484 867 Episc.
502 789 539 848 {3
555 785 654 848 octob.
677 787 765 848 1579.
786 785 1004 850 -Ohlinenda
1024 796 1154 851 euteruest

209 873 288 956 opud
303 893 359 936 nos
370 873 489 937 licentia
500 873 643 937 Gubernii
655 891 711 958 pro
729 875 880 956 erigendis
890 874 1063 957 hujusmodi
1073 895 1155 940 muuu

209 963 329 1026 mentis.
347 963 420 1026 Vide
431 965 548 1026 Decret.
563 967 602 1026 30
612 963 750 1027 decemb.
765 967 997 1040 1809,un.‘13.

248 1064 338 1122 4737.
354 1059 520 1141 Sepulturee
531 1066 654 1122 renrotae
665 1077 730 1122 esse
742 1057 852 1121 debent
862 1057 901 1121 eb
913 1058 1078 1139 etunius,
1093 1061 1157 1124 itaut

210 1147 358 1230 sepulchri
371 1148 482 1210 ostium
495 1149 600 1210 saltem
612 1147 708 1212 tribus
721 1147 829 1212 cubitis
842 1147 930 1213 distel
946 1147 986 1213 ab
1006 1150 1102 1214 altaris
1113 1167 1155 1212 scu

209 1235 305 1298 bellis.
328 1238 371 1298 lte
383 1236 497 1300 Concil.
511 1236 632 1299 ltlediol.
645 1237 672 1298 l·

212 1324 300 1406 (Vide
313 1326 464 1403 Ferreus,
478 1325 532 1398 ib..
546 1330 579 1387 n⁰
591 1329 673 1405 130.)

249 1425 339 1486 4738.
354 1459 393 1470 -
404 1426 436 1486 4⁰
447 1427 480 1486 ln
492 1425 672 1487 coemeteriis
682 1431 784 1487 eutem
796 1473 804 1505 ‚
814 1423 898 1506 juxta
910 1425 1160 1502 Rituuleliomuc,

215 1533 230 1571 u
250 1513 408 1594 sepulchra
425 1513 614 1575 secerdotum
625 1521 655 1578 et
671 1515 849 1576 clericerum
865 1514 1084 1596 cujuscumque
1100 1513 1162 1576 ordi·

215 1623 230 1664 r
252 1603 318 1681 nis,
332 1603 383 1665 ubi
396 1602 459 1664 lieri
472 1609 586 1684 polest,
599 1605 617 1664 b
628 1603 794 1685 sepulchris
806 1603 949 1665 laicorum
965 1611 1098 1685 separatu
1108 1605 1162 1676 sint,

213 1711 229 1754 o
251 1689 414 1754 decentiori
425 1691 492 1754 loco
503 1691 584 1754 sitan
599 1711 628 1754 v.
642 1711 672 1774 g.
683 1693 767 1772 Juxta
778 1709 899 1754 crucem
911 1699 964 1754 eut
983 1711 1077 1775 prope
1087 1693 1164 1756 eccle

212 1799 298 1844 siem.

251 1884 341 1944 4739.
355 1915 394 1928 -
405 1883 524 1944 5⁰ltem
542 1903 558 1941 r
567 1881 652 1962 Juxta
664 1885 812 1943 vetustum
832 1885 862 1942 et
885 1877 1070 1942 laudabilem
1089 1877 1166 1942 ecole-

212 1989 227 2028 υ
253 1968 365 2031 siarum
377 1967 626 2033 consuetudinem
639 2017 647 2047 ‚
659 1965 854 2052 parvulorum
872 1967 1052 2050 corpuscula
1068 1986 1125 2031 non
1134 1983 1167 2026 se·

212 2077 228 2113 n
252 2057 399 2135 peliuntur
410 2059 442 2119 in
454 2058 668 2120 communibus
679 2063 708 2120 et
717 2057 894 2138 promiscuis
903 2056 1138 2119 coemeteriorum
1147 2057 1169 2114 et

214 2164 227 2201 u
253 2145 447 2206 ecclesiarum
474 2146 655 2227 sepulturis,
682 2145 735 2210 sed
757 2163 813 2228 pro
834 2146 892 2207 illis
915 2145 946 2206 in
967 2143 1168 2226 parochialibus

214 2251 228 2292 u
252 2233 406 2312 ecclesiis,
430 2241 482 2297 aut
501 2234 619 2298 illarum
640 2235 837 2310 eoenreteriis‚
859 2244 1009 2315 quatenus
1026 2229 1170 2296 commodi

212 2340 228 2382 s
253 2320 317 2383 fieri
346 2329 461 2404 potest,
486 2324 631 2406 speciales
651 2331 681 2387 et
699 2330 852 2407 separatos
872 2323 909 2384 ob
936 2323 1003 2384 aliis
1023 2322 1133 2384 loculos
1148 2329 1170 2378 rt

212 2431 227 2471 u
253 2411 420 2493 sepulturus
431 2411 577 2490 habeant,
590 2432 644 2476 seu
656 2411 720 2476 lieri
731 2421 839 2476 curent
849 2413 881 2473 iu
895 2411 1008 2494 quibus
1027 2429 1088 2473 non
1099 2424 1171 2489 sepe

213 2521 229 2561 s
254 2501 363 2566 liuntur
375 2503 430 2565 nisi
444 2504 495 2585 qui
509 2501 645 2584 baptizati
665 2501 775 2564 luerint
795 2499 961 2564 inientes...
979 2501 1033 2582 qui
1045 2497 1172 2562 unleds

214 2613 229 2651 u
253 2593 394 2654 cretionis
414 2610 510 2655 annos
530 2592 680 2654 obierunt.
698 2612 713 2649 n
737 2589 862 2652 Rituule
883 2589 1021 2670 Rumon„
1039 2597 1070 2650 et
1088 2583 1172 2648 Deus

215 2683 246 2744 S.
262 2683 295 2742 R.
312 2683 421 2764 Gongr.
438 2686 476 2745 ltl
486 2681 640 2744 decembr.
654 2682 750 2759 loeo,
772 2679 855 2762 opud
870 2679 1003 2742 Ferraris
1020 2680 1061 2760 (Ψ
1079 2671 1174 2758 sepul-

215 2779 282 2832 tura
296 2819 304 2848 ,
317 2784 351 2834 n⁰
364 2773 449 2854 235).

255 2875 344 2934 illd.
359 2909 397 2918 -
409 2875 441 2934 6⁰
452 2870 597 2934 Ponenda
617 2875 689 2934 sunt
703 2888 830 2953 corporo
845 2869 877 2932 in
897 2867 1066 2952 sepulchris
1079 2865 1174 2931 eodem

214 2959 273 3020 situ
292 2979 352 3040 quo
372 2961 402 3022 iu
423 2961 591 3024 eculeum:
614 2959 803 3023 secerdotum
821 2957 1056 3039 scilieeteepite,
1068 2963 1175 3020 ceum

215 3064 283 3110 rum
296 3049 365 3110 verb
376 3047 503 3128 pedibus
514 3050 618 3112 versbs
629 3050 736 3128 ellare,
755 3049 903 3130 quuntbm
925 3046 1032 3110 saltem
1046 3043 1176 3130 pernriuit

215 3135 370 3216 dispositio
382 3136 543 3218 sepulchri.
564 3139 594 3200 Si
614 3144 716 3201 aulem
735 3137 944 3200 coemeterium
957 3134 997 3197 ub
1014 3131 1177 3198 codesitsit

215 3233 533 3307 separatum,corporu
545 3227 929 3307 sacerdotumeumreprte,
940 3223 1178 3287 etuliorumcum

216 3313 343 3394 pedibus
360 3315 463 3376 uersirs
474 3316 627 3376 Orientem
649 3317 720 3398 poni
737 3316 895 3393 convenit,
912 3314 984 3395 quie
1002 3313 1047 3376 sie
1066 3311 1103 3372 de
1119 3311 1179 3388 juro

216 3402 351 3464 ecclesiae
375 3405 507 3465 construi
530 3403 652 3482 debent,
671 3407 756 3485 juxte
781 3403 909 3480 berulli,
924 3409 1006 3485 epud
1028 3397 1180 3472 uoueret,

216 3508 285 3575 pers
297 3493 337 3570 6,
349 3490 394 3554 tit.
407 3493 466 3569 33,
482 3493 566 3568 vill,
581 3493 623 3552 4⁰.
637 3525 677 3538 -
688 3492 764 3556 Vide
774 3491 903 3556 dicende
916 3489 994 3554 inim
1005 3489 1115 3569 (4153).

252 3637 257 3666 ¹
274 3634 332 3688 l'idc
343 3636 440 3691 Rituule
450 3635 598 3696 demonum,
610 3643 634 3687 ct
645 3651 719 3702 rupru
733 3640 823 3706 66699).
