2434 3940
227 143 274 153 anu*-

360 204 449 254 mren
468 203 627 255 moenum.
936 193 991 258 lor

81 301 204 362 lotemnt
222 306 324 365 tantan
346 301 425 384 ipsi,
447 301 510 366 imo
530 303 695 384 aliquando
716 303 866 370 debebant
887 305 995 387 subjici

49 387 154 468 publicae
167 391 366 472 poenitcntiae,
381 393 519 476 quamvis
533 411 595 455 non
610 395 750 460 solemni.
766 393 922 478 (Billuart,
938 397 993 477 ila,

48 485 106 538 sect.
119 481 158 556 3.)

79 569 152 630 utor.
173 569 350 634 l'oenitentia
364 572 508 636 solemnis
520 573 614 636 semel
628 574 746 637 tantirm
760 575 990 654 concedebatur,

49 661 185 720 utconstat
205 677 242 722 ex
261 663 292 723 S.
311 663 436 736 Ambo,
452 662 504 725 lib.
520 666 573 740 2,
590 663 634 725 De
649 665 850 746 Poenit.,oap.
867 669 927 738 tt),
942 665 992 728 ubi

35 741 152 808 dicitur:
166 771 182 806 s
197 749 281 812 Sicut
293 767 391 813 unum
405 750 573 832 Baptisma,
589 751 629 813 ita
643 770 704 815 una
718 753 914 826 Paenitentia,
925 772 993 832 quae

48 851 59 888 r
77 840 161 898 tamon
171 838 396 922 publicbagitur
409 859 439 918 »ς
454 845 486 902 et
498 841 530 903 S.
547 842 694 922 August,
708 839 812 924 Epist.
827 839 867 902 ad
879 839 991 903 Maced.

49 922 94 998 bl,
107 942 179 988 nunc
189 931 258 990 153.

76 1012 216 1082 consultus
228 1023 332 1081 autem
345 1018 385 1082 ab
399 1018 528 1084 trimano
569 1023 734 1098 Tamcon.,
749 1019 903 1104 quomodo
917 1023 994 1082 esset

48 1101 167 1180 agendum
181 1124 251 1170 curn
266 1107 304 1169 iis
316 1108 369 1188 qui
379 1115 446 1190 post
455 1111 778 1192 peractamsolemnern
788 1110 991 1192 poenitentiam

48 1190 240 1275 relaberentur,
256 1196 383 1259 Siricius
395 1197 493 1280 Papa,
507 1197 663 1261 desinente
677 1200 786 1263 monio
801 1201 856 1270 lV,
872 1199 915 1261 sic
930 1216 991 1260 res-

48 1280 143 1356 pondit:
157 1286 223 1350 vlle
237 1285 364 1368 quibus,
378 1287 524 1369 quiajam
537 1287 713 1372 suffragium
728 1308 789 1351 non
804 1287 913 1350 habent
928 1307 990 1370 poe·
1034 1319 1039 1328 ·

47 1370 169 1435 »virenti
192 1375 359 1458 (publice),
384 1375 415 1438 id
441 1375 584 1440 duximus
605 1377 850 1455 decernendum,
874 1387 908 1441 ut
928 1378 990 1441 soll

47 1475 57 1512 r
73 1457 136 1524 intra
147 1465 306 1527 ecclesiam
320 1464 460 1528 fidelibus
474 1467 609 1528 oratione
616 1469 794 1549 jungantur,
807 1486 899 1530 sacrae
913 1487 992 1549 mys·

45 1565 55 1602 r
72 1551 198 1616 teriorum
211 1553 390 1632 celebritati,
406 1555 544 1636 quamvis
560 1573 620 1616 non
636 1566 818 1632 mereantur,
834 1557 988 1634 intersint;

44 1654 54 1689 r
71 1639 365 1706 lltominicaeautem
374 1645 870 1727 mensaeconviviosegregentur..:
881 1647 991 1726 quibus

43 1733 176 1809 ttamen,
191 1733 342 1815 quoniam
364 1734 476 1796 carnali
500 1733 657 1815 fragilitate
678 1734 870 1808 ceciderunt,
885 1735 991 1797 viatico

44 1836 205 1900 emanere,
231 1823 304 1884 ctrrn
328 1822 367 1885 ad
389 1823 553 1886 Dominum
574 1824 723 1903 coeperint
742 1823 913 1904 proficisci,
939 1841 992 1904 per

43 1927 53 1960 r
70 1911 283 1975 communionis
306 1913 432 1994 gratiam
453 1914 595 1976 volumus
609 1912 772 1974 subveniri.
788 1934 803 1970 o
824 1911 898 1973 Vide
912 1913 991 1994 apud

43 2001 156 2064 cumdem
171 1997 317 2064 Billuart.
334 2001 391 2077 ab,
407 2009 478 2064 sect.
494 2007 529 2073 l,
547 2000 718 2080 hujusmodi
733 2001 899 2083 disciplinae
912 2007 991 2065 veria

44 2091 136 2165 motiva,
146 2109 282 2173 quorum
294 2091 468 2154 sanbununr
481 2100 605 2168 eratne,
620 2110 657 2153 ex
667 2092 833 2170 iteratione,
845 2091 991 2154 Paeniten-

43 2175 72 2236 tia
87 2181 224 2244 solemnis
243 2180 419 2256 vilesceret3
442 2180 511 2256 sed,
535 2187 570 2242 ut
590 2198 627 2242 ex
648 2181 774 2262 ipsamet
797 2181 991 2262 responsione

44 2263 112 2331 Sirini
125 2277 260 2350 constat,
272 2270 363 2334 alicui
378 2271 560 2352 poenitentiae
575 2278 747 2350 peccatores
766 2271 888 2334 recidivi
909 2271 990 2332 addi-

41 2355 171 2424 cebanlur.

69 2449 145 2514 8858.
160 2449 363 2525 Quandonam
377 2454 480 2512 autern
493 2451 748 2514 sacramentaliter
761 2449 990 2514 absolvebantur

41 2535 143 2602 solemni
159 2540 343 2623 paenitentiae
356 2537 479 2617 addicti,
491 2539 557 2601 vide
570 2540 740 2603 discussum
754 2539 833 2620 apud
848 2540 990 2602 eumdem

42 2623 142 2692 billuart
150 2628 248 2704 libid..
265 2635 338 2692 sect.
354 2631 396 2708 5),
411 2629 461 2709 qui
477 2628 661 2710 probabilitas
676 2635 770 2710 putat,
784 2635 887 2689 contra
900 2631 992 2688 'l'our-
1069 2693 1072 2699 ,

41 2725 107 2798 tuly.
122 2717 292 2800 hujusmodi
308 2719 487 2801 paenitentes
500 2718 590 2781 luisse
604 2715 858 2778 sacramentaliter
872 2714 989 2776 absolu·

39 2809 146 2872 losante
155 2809 340 2890 persolutam
351 2807 574 2888 poenitentiam
586 2806 723 2867 ultimam
739 2804 808 2864 verb
822 2803 992 2864 reconcilia·

39 2893 133 2960 tionem
160 2916 213 2980 per
235 2897 420 2978 Episcopum
445 2895 572 2974 iactam,
597 2894 671 2955 nihil
700 2891 868 2954 aliudesse
900 2894 992 2973 quim

38 2987 295 3060 nconoiliationenr
310 3003 380 3048 cunr
396 2983 527 3048 Ecclesia
542 3001 595 3065 per
609 2981 823 3046 admissionem
831 2979 868 3042 ad
878 2981 993 3044 Euclra·

39 3069 133 3138 ristiam
145 3084 174 3140 et
187 3083 368 3140 caeterorum
387 3074 537 3137 bonorum
552 3073 821 3135 ecclesiasticorum
839 3071 994 3153 participu-

39 3161 144 3229 tionem.
170 3165 281 3228 Probat
294 3163 461 3246 pracsertim
483 3181 520 3226 ex
544 3163 725 3236 sozomeno,
744 3161 796 3242 qui
813 3160 939 3242 loquens
964 3161 993 3224 te

40 3248 244 3318 terrentiano
259 3253 323 3332 (lib.
338 3259 370 3330 l,
385 3272 415 3316 c.
427 3255 487 3331 lc),
496 3252 541 3314 sic
554 3253 613 3314 ait:
628 3249 700 3312 «ld
714 3267 806 3332 quem
818 3251 993 3315 accedentes

38 3359 49 3394 r
70 3341 87 3401 ii
98 3345 145 3425 qui
159 3344 358 3425 deliquerant,
370 3350 454 3405 actos
464 3339 780 3414 suesconsrtebantur;
797 3339 846 3401 ille
857 3342 927 3402 verb
940 3361 993 3423 pro

39 3450 50 3483 v
70 3435 207 3517 cujusque
221 3434 342 3501 delicto,
354 3431 428 3514 quid
442 3440 493 3494 aut
506 3431 603 3494 lacere
618 3431 752 3512 singulos
759 3435 900 3492 auttuerc
908 3449 994 3514 opor-

39 3537 51 3572 ι
72 3526 148 3599 teret,
157 3542 254 3606 poenae
263 3521 485 3597 locoindicens,
494 3520 660 3585 absolvebat
673 3522 851 3601 confitentes,
865 3519 883 3580 ἁ
895 3521 994 3599 seipsis

39 3626 53 3668 r
71 3629 158 3694 penas
172 3613 329 3680 mimicum
344 3625 507 3680 exacturos.
526 3611 599 3676 vtio
619 3612 722 3692 aperte
733 3607 881 3676 absolutio
895 3621 993 3672 sacra·

302 3765 562 3796 1-»0'1''···rff‘‚·‘‚'’¹
