2462 3972
403 207 489 258 arasa
511 208 669 257 sscuuubs.

49 332 64 370 a
91 307 266 373 nullatenus
279 307 394 392 imponi
410 307 590 393 generaliter
603 314 803 392 superlatum
822 309 954 387 clerum,
970 309 1027 374 nist

48 422 63 458 a
90 417 129 461 err
144 401 254 480 magna
268 404 299 462 ot
311 397 406 462 ardut
418 399 509 462 causa
522 401 553 461 et
565 398 691 462 utilitate
705 399 904 462 universalem
923 399 1027 462 Eccle-

48 513 63 546 u
90 490 169 550 siam
191 493 410 566 concammio,
426 493 456 550 et
476 487 515 550 de
538 487 683 565 consilio,
707 505 744 550 ao
765 507 916 552 consensu
938 493 968 551 et
988 488 1027 552 de

47 601 64 636 »
91 577 292 659 suscriptione
301 577 333 639 S.
345 578 426 640 R.E.
437 575 641 640 cardinalium
650 576 882 641 etPraelatorum
895 596 1026 660 quorum

48 690 63 724 u
91 665 253 728 consilium
277 665 439 728 commode
462 665 564 728 haberi
584 666 708 747 potarit;
733 685 790 730 nco
807 666 975 749 specialiter
994 667 1026 730 in

42 779 62 825 ,ι
90 754 195 837 aliquo
214 773 310 837 regno
327 755 374 818 vel
392 755 564 836 provincia,
579 755 758 817 inconsultis
778 755 911 820 Praelatis
932 757 1026 840 ipsius

48 869 64 902 o
91 843 179 924 regni
189 892 197 918 ,
207 846 252 908 vel
263 845 438 927 provinciae,
454 851 484 906 et
492 845 564 926 ipsis
578 843 849 923 consentientibus,
859 845 905 908 vel
919 865 1026 910 eorum

48 957 64 994 a
91 934 207 1014 majore
219 940 318 1016 parta,
333 940 363 996 et
376 951 413 996 eo
424 951 497 996 casu
515 952 569 1015 par
586 951 730 1016 personas
747 933 981 1015 ecclesiasticas,
996 941 1025 999 et

49 1049 64 1082 o
93 1023 268 1086 auctoritate
283 1022 454 1105 Apostolict
467 1021 611 1084 duntaxat
624 1022 724 1085 levari.
740 1043 755 1082 o

92 1114 166 1174 Haec
188 1113 278 1175 etiam
301 1112 384 1195 praxi
405 1111 546 1175 Ecclesia
562 1117 724 1175 constant:
749 1110 793 1174 sic
808 1113 922 1176 Conoil.
938 1115 1024 1176 Late·

50 1221 120 1264 ran.
135 1203 176 1264 lV
190 1202 337 1264 universis
350 1201 467 1266 clericis
480 1201 674 1283 vigesimam,
689 1205 718 1263 et
731 1200 937 1264 Cardinalibus
948 1203 1025 1268 deai-
1128 1261 1132 1264 .,
1207 1209 1209 1214 ’

50 1309 138 1354 mam
174 1290 318 1374 imposuit
350 1289 382 1352 in
409 1289 577 1354 subsidium
604 1308 693 1353 cruce
720 1289 923 1373 signatorum
952 1293 1023 1355 item

50 1380 207 1443 Honorius
228 1383 285 1458 ΠΙ,
299 1397 380 1443 anno
403 1382 501 1457 teat,
524 1377 695 1442 Gnilbelmo
717 1378 880 1442 Marobioni
904 1383 1026 1444 Montis·
1129 1405 1131 1410 ·

50 1469 167 1532 Ferrati
177 1469 214 1532 ad
224 1468 462 1532 succurrendum
473 1469 603 1550 Imperio
616 1468 1026 1552 constantinopolitanum
1118 1467 1120 1470 ’

49 1559 136 1621 diam
156 1564 271 1640 partem
285 1557 456 1622 reddituum
471 1556 778 1620 ecclesiasticorum...
792 1557 944 1638 attribuit,
959 1561 1025 1624 sine

51 1647 167 1730 praevio
180 1647 251 1710 cleri
271 1665 439 1725 consensu,
455 1646 537 1729 quod
554 1646 644 1709 etiam
658 1645 770 1727 pluries
783 1646 919 1709 lecerunt
932 1649 1025 1730 ipsius

51 1754 255 1800 successuras.
272 1735 392 1798 VideR.
403 1735 441 1800 de
452 1737 507 1814 M.,
517 1739 593 1798 tom.
604 1739 636 1814 2,
649 1753 680 1815 p.
691 1735 761 1810 3903
776 1735 1025 1817 atquaedirimus

49 1845 144 1908 supra
158 1827 269 1905 (tabl).

92 1919 183 1978 5294.
206 1915 314 1996 liquet
335 1912 500 1996 prelatum
510 1911 678 1976 subsidium
692 1931 754 1976 non
776 1929 842 1976 esse
861 1912 1024 1978 dicandum

50 2004 198 2066 tributum
221 2003 327 2081 ciuile,
342 2003 413 2066 cum
437 2019 499 2064 non
519 2003 655 2084 exigatur
668 2001 844 2065 auctoritate
858 2001 956 2082 civili,
972 2005 1025 2068 sed

51 2095 90 2156 sit
111 2092 273 2155 liberaliter
301 2094 320 2154 a
344 2092 430 2154 Clero
452 2089 690 2168 conterendum
712 2097 746 2154 ut
772 2097 873 2153 autem
893 2091 1024 2173 legitime

54 2187 210 2264 praestetur
232 2199 283 2243 sex
297 2181 493 2263 requiruntur
513 2179 701 2243 conditiones
713 2181 732 2243 a
745 2181 820 2242 Rota
841 2190 1024 2246 enumeratae

51 2273 83 2333 in
104 2269 297 2333 Bmadusa'nd
309 2269 446 2352 patelld,
463 2272 500 2332 13
521 2269 597 2332 febr.
614 2273 691 2334 1604
707 2289 716 2333 :
735 2271 941 2335 «udradait
959 2291 1024 2335 ma·

49 2383 64 2418 o
91 2377 153 2442 gna
166 2359 340 2436 necessitas,
355 2360 404 2422 cui
419 2359 492 2422 alias
504 2359 592 2422 facile
606 2359 756 2422 subveniri
771 2378 833 2422 non
847 2361 951 2442 possit,
966 2363 1023 2425 nisi

49 2475 63 2506 u
90 2447 192 2510 clerici
206 2465 278 2510 aum
291 2446 375 2511 laicis
388 2448 617 2512 contribuant...
628 2467 637 2524 ;
648 2449 729 2509 -20
742 2448 831 2511 debet
844 2467 1025 2514 concurrere

48 2563 65 2596 n
92 2538 266 2600 eommunis
286 2537 414 2616 utililas,
433 2537 480 2601 vel
501 2538 607 2599 saltem
625 2537 737 2619 pietas,
752 2542 786 2599 ut
808 2536 840 2598 in
862 2535 941 2599 dioto
955 2556 1022 2620 cap.

48 2651 65 2686 o
91 2623 281 2705 aduersus...,
292 2625 327 2690 de
342 2627 465 2690 immun.
476 2625 619 2703 eccles...,·
629 2628 705 2688 --30
718 2629 838 2706 oportet
850 2624 933 2705 qubd
947 2643 1025 2690 onus

49 2739 65 2776 a
92 2717 131 2778 sit
143 2715 201 2778 lale
215 2722 249 2778 ut
258 2716 295 2780 ad
309 2716 382 2778 illud
397 2714 608 2778 sustinendum
622 2713 689 2776 laici
701 2732 763 2776 non
777 2711 943 2793 sufficiant,
953 2715 1025 2795 quia

50 2829 66 2864 n
91 2805 192 2870 clerici
203 2812 233 2868 et
245 2805 380 2868 ecclesiae
393 2804 490 2866 solum
505 2809 646 2866 tenentur
659 2820 730 2866 cnm
740 2801 822 2865 laicis
835 2802 1025 2866 contribuere

50 2917 67 2955 r
92 2895 124 2956 in
135 2893 316 2972 subsidium,
326 2893 377 2956 ubi
387 2892 529 2955 laicarum
539 2899 762 2975 acosappetuot
768 2889 935 2975 sumitates,
947 2899 980 2956 ut
993 2895 1025 2956 in

50 3005 65 3042 a
93 2981 173 3046 dicto
183 3001 250 3065 cap.
267 2983 544 3058 Adversus...;-t·
555 2987 588 3044 ut
601 2981 639 3044 ad
652 2999 730 3044 onus
744 2979 917 3060 huiusmodi
926 2982 1024 3064 impo-

50 3095 66 3130 υ
92 3071 228 3135 nendum
242 3078 365 3136 vocetur
382 3077 412 3134 et
424 3070 591 3135 consentiat
603 3076 684 3134 totus
703 3069 825 3150 Glerus,
840 3089 897 3134 neo
911 3071 1027 3137 suffiae-

51 3184 66 3218 ι)
91 3168 138 3223 ret
151 3161 318 3243 Episcopus
331 3177 403 3225 cum
415 3160 569 3242 Capitulo,
585 3159 658 3242 quia
669 3159 751 3242 quod
763 3177 871 3222 omnes
884 3162 979 3242 tangit
987 3161 1027 3224 ab

51 3271 68 3308 n
91 3249 235 3312 omnibus
248 3249 466 3333 particulariter
479 3247 568 3312 debet
581 3247 741 3332 approbari
754 3267 762 3311 :
777 3265 806 3312 c.
823 3247 898 3313 Clam
911 3269 1023 3326 omues,

50 3361 66 3397 n
91 3337 126 3400 dc
149 3358 213 3420 rep.
222 3339 310 3420 jar.;
327 3340 359 3401 in
375 3341 457 3416 6⁰...3
468 3341 587 3403 -5⁰...
610 3337 802 3420 potissimum
816 3338 979 3420 requiritur
993 3346 1027 3402 ut

52 3453 65 3484 u
92 3429 175 3509 Papa
187 3427 380 3501 consulatur,
396 3434 427 3490 et
440 3427 505 3511 ipso
519 3427 677 3503 consulto,
697 3433 727 3490 et
740 3445 803 3490 non
816 3426 909 3504 alias,
925 3427 1025 3489 olorici

51 3539 64 3574 a
90 3516 296 3594 contribuant,
306 3515 1026 3599 diotocap.Aduersus...,·-d⁰...quod...olerici

51 3626 64 3660 ι
90 3609 122 3668 et
145 3617 283 3684 persone
307 3602 515 3668 erctaumics
533 3622 593 3668 non
617 3607 633 3666 t
659 3599 1024 3676 miraculolorum
