2482 3944
187 227 225 286 δῖ
406 237 543 284 uenusto
562 237 663 283 uoltus
682 237 764 284 lunis
785 237 933 284 canoelcl.

227 339 317 421 3543.
333 338 446 399 Omnes
455 342 554 396 autem
564 336 762 414 conueniunt,
773 335 870 418 inquit
879 337 910 398 S.
921 334 1045 416 Liguou.
1056 337 1159 415 (libs

189 435 221 486 n·
236 430 324 504 341),
341 424 422 506 qubd
446 423 528 486 nulla
542 425 580 486 sit
593 424 680 505 culpa
695 425 800 486 missas
814 424 976 486 terminare
990 423 1021 486 in
1037 429 1169 490 aurord.

189 531 299 594 easque
314 514 446 595 incipere
461 531 568 594 parurn
592 521 661 574 ante
684 512 840 576 meridiem
857 532 865 572 :
881 512 952 593 quie
967 521 1095 594 tempus
1110 515 1172 576 site

190 621 305 665 aurorae
321 603 381 674 sire
403 602 538 664 meridiei
558 620 620 664 non
642 600 867 679 mathematice,
883 599 935 662 sed
954 601 1116 668 moraliter
1130 611 1175 666 est

190 691 409 772 accipiendum.
427 693 490 752 lmb
505 709 559 772 per
572 690 712 752 Edictum
737 689 848 752 bened.
874 691 957 766 Xlll,
979 690 1175 772 publicatum

191 779 248 842 sub
258 780 410 842 Clemente
424 783 667 860 Xll,concessum
677 777 733 840 luit
746 778 867 842 missam
877 795 965 860 posse
977 778 1072 860 incipi
1082 781 1177 845 tertie

193 875 275 950 parte
290 867 387 948 horae,
412 887 466 932 seu
483 871 524 932 20
541 867 665 929 minutis
689 871 759 930 ante
781 883 922 930 auroram
942 871 993 930 aut
1015 875 1087 948 post
1113 885 1178 932 me

193 956 311 1019 ridiem.

234 1049 324 1108 3544.
348 1045 506 1128 Privilegia
523 1047 710 1128 regularibus
731 1045 805 1110 olim
832 1063 974 1111 concessa
995 1045 1177 1112 celebrandi

194 1133 312 1197 duabus
338 1134 420 1197 horis
444 1143 510 1218 post
532 1136 662 1198 mediam
691 1141 826 1213 notitam,
851 1141 986 1197 revocata
1009 1133 1096 1198 luere
1122 1154 1178 1220 per

196 1224 309 1284 Concil.
325 1224 473 1303 Trident,
489 1243 562 1288 sess.
579 1229 633 1300 22,
656 1225 811 1288 Decretum
827 1223 863 1287 de
886 1223 1098 1302 observandis,
1115 1235 1176 1288 etc.
1212 1243 1213 1288 l

196 1312 533 1376 inconcinnitate
548 1313 812 1378 calcedonem.
827 1314 888 1392 xi,
905 1313 1021 1376 isca.
1039 1317 1177 1378 mos-
1212 1289 1213 1380 l

197 1401 615 1482 smmmmmma

238 1494 327 1553 3545.
351 1491 455 1552 Plures
475 1510 562 1554 casus
583 1493 718 1574 dregult
735 1491 827 1555 modb
840 1491 946 1554 tradite
960 1492 1175 1574 excipiuntur:
1212 1481 1213 1552 i

200 1583 230 1642 {⁰
245 1580 440 1661 excipiendus
460 1588 505 1642 est
526 1599 614 1642 casus
636 1582 837 1659 necessitatis,
852 1600 880 1642 v.
897 1602 927 1663 g.
943 1599 1006 1664 quo
1025 1583 1177 1645 Viaticum

200 1671 346 1734 morituro
361 1677 406 1730 est
422 1669 619 1751 praebendum
636 1691 643 1730 :
662 1690 722 1752 quo
736 1689 829 1749 casu,
844 1672 935 1733 etiam
949 1669 1051 1733 media
1066 1679 1177 1748 nocte,

200 1761 302 1823 liceret
316 1759 480 1822 celebrare.
496 1761 537 1822 tta
551 1762 766 1822 communiter.

241 1855 273 1912 ⁶2⁰
287 1848 477 1931 Excipiendae
491 1857 559 1912 sunt
574 1867 672 1912 causae
690 1849 881 1912 rationabiles
892 1869 900 1912 ε
911 1869 940 1912 ν.
956 1869 986 1930 g.
1002 1853 1035 1913 ut
1050 1850 1178 1932 opifices

202 1950 231 2001 et
245 1939 347 2000 famuli
363 1958 482 2002 summo
500 1958 589 2002 mane
603 1941 718 2020 possint
741 1938 864 2000 missam
883 1938 1004 2016 audire;
1024 1940 1050 2000 si
1075 1940 1107 2002 in
1129 1939 1178 2002 die
1212 1975 1213 1982 κ

203 2027 277 2088 sesto
291 2028 382 2088 missa
401 2029 545 2089 solemnis
557 2029 677 2105 tongins
692 2027 898 2109 protrahatur,
913 2036 942 2090 et
956 2028 1049 2090 missa
1062 2031 1178 2110 privata

203 2115 240 2175 sit
254 2115 399 2176 dicenda:
415 2121 488 2178 tunc
506 2114 572 2177 hacc
594 2117 685 2177 missa
704 2117 762 2178 dici
783 2123 883 2198 posset
900 2121 961 2178 unt
978 2116 1054 2178 bord
1067 2125 1098 2178 et
1111 2135 1178 2178 arn·
1212 2117 1213 2166 l

204 2203 282 2284 plibs
297 2211 362 2284 post
378 2203 535 2266 meridiem
546 2223 555 2280 ;
568 2211 598 2266 et
609 2205 811 2285 probabiliter,
831 2205 919 2266 etiam
932 2205 1050 2268 duabus
1073 2205 1176 2280 boris,

204 2292 306 2355 saltem
327 2311 398 2354 cum
411 2293 530 2355 licentia
544 2293 683 2375 Episcopi
694 2342 701 2368 ,
714 2313 752 2356 ne
764 2313 872 2376 magna
882 2313 951 2375 pars
966 2294 1069 2375 populi
1084 2296 1178 2356 missa
1212 2295 1213 2350 l

204 2389 333 2456 careret3
346 2382 416 2444 item
430 2387 520 2445 cause
535 2383 666 2460 itineris,
685 2384 730 2444 vel
745 2384 858 2445 funeris
871 2383 997 2461 alicujus
1011 2383 1177 2462 Magnetis,

207 2469 249 2530 vel
263 2470 427 2545 concionis,
442 2473 487 2533 sel
502 2471 718 2548 ordinationis,
734 2473 824 2533 missa
840 2479 940 2552 posset
954 2471 1100 2534 celebrari
1116 2476 1177 2534 und
1212 2531 1213 2560 ,

205 2557 276 2621 lrord
292 2567 359 2641 post
371 2561 545 2636 meridiem,
561 2560 606 2623 vel
619 2569 688 2622 ante
702 2579 853 2624 auroram.
1212 2561 1213 2566 ’

244 2653 333 2712 3546.
352 2685 389 2698 -
402 2653 434 2712 3⁰
448 2651 614 2732 Episcopus
636 2655 734 2732 potest
753 2649 972 2730 dispensarem
987 2651 1091 2732 aliquo
1105 2671 1178 2716 casu
1212 2677 1213 2728 l

205 2739 375 2822 particulari
398 2759 435 2804 er
460 2740 627 2804 rationabili
643 2743 732 2802 causat
749 2759 756 2800 :
772 2757 876 2802 secum
896 2740 987 2802 etiem
1003 2741 1178 2824 dispensare
1212 2745 1213 2810 l

204 2836 310 2911 potest.
325 2829 471 2892 Eamdcm
487 2827 656 2892 facultatem
673 2828 785 2891 babent
800 2845 908 2890 omnes
922 2830 1099 2911 Superiores
1113 2833 1177 2896 reli·

205 2920 278 3000 giesi
289 2937 361 3000 erga
375 2917 589 2980 suessubditoa
604 2918 746 2980 cirmsint
759 2935 866 2981 eorum
877 2917 1038 2981 Ordinarii.
1050 2921 1081 2983 S.
1097 2921 1176 3004 lig,
1212 2945 1213 3004 p

205 3006 565 3085 mffimwmmm
1212 3009 1213 3056 l

245 3102 334 3160 3547.
359 3095 413 3156 His
434 3101 534 3156 autem
548 3095 666 3158 casibus
680 3099 826 3180 exceptis,
842 3099 971 3180 graviter
998 3107 1101 3184 peceat
1125 3104 1176 3184 qui

206 3185 294 3248 citilrs
311 3201 416 3260 mane,
432 3183 477 3244 vel
500 3184 596 3246 serius
618 3193 686 3265 post
703 3188 859 3249 meridiem
879 3190 1003 3252 missam
1026 3189 1174 3252 celebrat:
1212 3231 1213 3266 ,

206 3273 312 3335 saltem
326 3272 350 3334 si
368 3271 441 3334 illud
465 3269 553 3334 iaciat
571 3291 623 3353 per
645 3273 792 3356 integram
806 3275 911 3339 boram
924 3325 932 3356 ,
945 3279 1030 3360 Juxta
1041 3296 1174 3343 commu·

206 3363 366 3424 nieremet
381 3360 611 3444 probabiliorem
625 3364 814 3426 sententiam.

245 3455 334 3516 3548.
357 3451 501 3514 Nonnulli
515 3449 703 3514 affirmarunt
711 3454 834 3516 missam
845 3473 932 3536 posse
944 3456 1089 3520 celebrari
1103 3457 1174 3522 hold

206 3543 291 3607 tertiat
306 3549 373 3626 post
385 3541 561 3618 meridiem,
576 3542 613 3602 cd
626 3540 729 3622 qued,
750 3543 859 3604 ebdom
877 3543 949 3606 hort
963 3593 971 3620 ,
985 3563 1173 3612 consumma-
1212 3539 1213 3624 i

91 3627 95 3631 ”
207 3639 272 3699 turn
286 3632 458 3698 luitdrudis
471 3629 675 3708 Sacrificium
691 3629 745 3692 sed
758 3629 848 3695 bodie
864 3636 1037 3716 oppositum
1050 3639 1173 3700 omnind
1212 3629 1213 3722 i
