2482 3944
384 211 471 258 arara
491 210 650 258 secundus.
967 192 1005 256 53

27 309 162 376 froisinda
176 362 184 388 ,
200 330 264 374 non
281 311 354 374 verb
377 311 405 372 ei
428 310 480 392 qui
500 309 683 392 stipendium
706 309 942 374 subministravit
952 331 960 386 ;
977 315 1008 371 et

28 399 62 460 ita
87 401 145 462 lert
168 402 260 463 etiam
282 401 433 462 sententia
455 398 648 460 communior
666 404 697 462 et
716 399 909 482 probabilior,
926 397 1005 481 apud

31 490 58 548 S.
73 491 200 570 liguor.
216 488 315 566 (aad,
332 497 366 550 n⁰
381 491 459 558 322,
474 486 543 547 dol.
562 489 619 564 l0).

68 580 251 639 Procurator
276 577 322 638 vel
346 583 488 637 executor
515 575 684 637 tastamenti
714 577 824 639 laeiens
853 579 1005 642 celebrare

33 665 136 726 missas
150 666 207 726 sibi
217 665 398 728 commissas
406 663 458 726 ubi
468 664 568 726 minor
574 671 621 728 est
633 672 713 743 tana,
726 683 786 727 non
797 675 894 747 potest
904 686 1007 729 exces-

34 772 96 814 sum
113 754 171 816 sibi
186 755 328 816 retinere.

70 843 311 906 Controuertitur
323 862 363 905 an
377 843 523 924 colligens
534 841 742 924 eleemosynas
757 861 812 924 pro
823 842 1013 908 celebrandis

37 931 133 992 missis
146 933 244 1011 possit
255 931 369 1013 aliquid
383 932 440 994 sibi
453 932 583 994 retinere
596 949 652 1011 pro
666 949 722 994 suo
737 931 858 1007 labore,
872 931 899 993 si
913 932 1013 995 missae

38 1020 89 1098 ipsi
106 1038 168 1080 non
182 1019 339 1082 traduntur
351 1027 384 1082 ut
397 1020 436 1082 ab
450 1020 514 1102 ipso
529 1019 730 1082 celebrentur.

75 1111 164 1170 35t0.
177 1111 225 1169 An
240 1109 391 1186 sacerdos,
407 1109 456 1171 cui
471 1109 616 1189 pinguius
629 1107 812 1189 stipendium
826 1109 930 1172 datum
943 1109 1009 1190 luit,

42 1197 126 1274 possit
147 1215 313 1277 procurare
330 1205 364 1260 ut
386 1198 462 1259 alius
484 1215 538 1278 pro
559 1197 624 1277 ipso
644 1197 794 1272 celebret,
819 1197 1009 1278 promittens,

45 1287 164 1345 erastino
178 1285 242 1362 die,
257 1287 409 1348 celebrare
423 1304 477 1367 pro
491 1285 554 1360 illo,
567 1284 753 1366 disputatur3
770 1286 822 1347 sed
840 1287 871 1349 S.
888 1287 1008 1367 Lignor.

45 1373 176 1434 dirithoe
186 1393 249 1435 non
260 1393 347 1456 posse
355 1374 620 1454 excusario'sperie
630 1375 727 1455 turpis
735 1374 917 1436 mercimonia
926 1393 939 1450 ;
950 1395 1011 1438 noo

46 1462 127 1522 audet
152 1470 258 1524 tamen
279 1462 424 1524 damnare
443 1463 481 1524 de
494 1470 614 1544 perroto
626 1463 712 1539 proni
722 1509 732 1538 ,
756 1463 808 1524 lib.
833 1469 869 1542 a,
885 1473 918 1525 n⁰
934 1467 1010 1542 322,

46 1549 104 1609 dat.
121 1555 162 1626 2,
178 1554 219 1622 3,
235 1555 264 1611 4.

79 1641 168 1699 3511.
192 1640 316 1711 (luerit.
345 1644 378 1702 50
405 1644 452 1701 An
474 1639 730 1703 administratores
751 1640 865 1722 aliquid
885 1642 1013 1704 retinere

46 1727 154 1803 possint
167 1744 206 1788 ex
220 1728 421 1808 eleemosynis
437 1729 514 1790 datis
528 1737 650 1809 propter
666 1729 787 1806 missas,
804 1747 867 1810 pro·
873 1731 1014 1811 expensis

46 1813 197 1898 altarium,
213 1816 366 1878 luminarii
375 1824 407 1878 et
420 1816 665 1878 inservientium?

81 1904 169 1985 Resp.
187 1905 269 1966 Siob
284 1907 315 1966 S.
331 1906 442 1986 Congr.
453 1907 545 1966 Cone.
562 1905 695 1966 solutum
709 1903 802 1968 luisse
816 1905 874 1967 hoe
887 1905 1014 1968 dubium

52 1987 76 2050 in
88 1993 212 2054 Decreto
226 1992 404 2056 confirmato
413 1994 451 2055 ab
465 1994 701 2055 lnnooentiollll
718 2012 726 2054 τ
745 1993 1014 2058 «Permittendum

51 2097 140 2140 anon
163 2099 242 2158 esse,
265 2089 299 2143 ut
320 2081 385 2144 lona
405 2081 454 2162 pia
476 2099 529 2144 seu
551 2081 670 2144 illorum
694 2081 950 2146 administratores
977 2102 1013 2147 ex

51 2190 63 2222 s
82 2168 451 2249 eleemosynismissarum
462 2167 1013 2234 celebrandarumullam...minimam

52 2279 62 2310 ι·
82 2259 251 2334 portionem
270 2258 418 2320 retineant
440 2257 556 2320 ratione
582 2276 781 2339 expensarum
801 2261 831 2322 in
853 2262 1013 2323 missarum

52 2365 63 2398 a
80 2345 300 2418 celebratione,
321 2346 377 2409 nisi
401 2344 475 2408 alios
497 2363 559 2407 non
578 2347 706 2408 habeant
720 2347 873 2424 redditus;
893 2357 924 2410 et
941 2358 1014 2412 tune

51 2453 62 2486 a
82 2433 252 2496 nullatenus
266 2434 376 2496 debere
393 2433 538 2496 excedere
555 2437 686 2497 valorem
700 2455 899 2518 expensarum
913 2485 921 2514 ,
946 2455 1014 2520 quae

50 2545 61 2572 n
84 2539 136 2600 pro
158 2523 291 2604 ipsomet
316 2526 434 2585 tantum
455 2525 554 2585 missae
579 2523 731 2587 Sacrificio
752 2527 920 2589 necessario
943 2533 1015 2589 sunt

52 2633 63 2662 ι
84 2610 257 2673 subeunda.
273 2633 289 2670 a
308 2610 382 2674 vide
396 2629 486 2692 supra
499 2615 610 2691 (toas).

85 2700 171 2760 3512.
194 2701 270 2762 Nota
281 2699 331 2762 blo
343 2699 440 2762 obiter
453 2699 533 2761 aliud
544 2702 743 2764 DecretumS.
756 2703 803 2775 C.,
813 2705 832 2762 6
838 2701 903 2779 julii
916 2707 1012 2764 ttae:

58 2809 69 2842 a
88 2787 386 2869 archipresbyterum
409 2806 470 2849 non
493 2789 587 2850 tenori
608 2789 646 2850 ad
666 2788 864 2849 ministranda
878 2790 1018 2850 utensilia

55 2897 66 2932 r
88 2876 120 2935 iis
132 2877 183 2956 qui
198 2876 352 2938 celebrant
372 2895 405 2936 m
419 2879 473 2938 sut
487 2877 613 2940 ecolesib
626 2896 664 2939 ex
678 2875 861 2958 obligatione
875 2875 1014 2939 benetieii

55 2983 66 3016 ι
88 2965 143 3025 sire
155 2965 340 3046 capellanie.
358 2965 462 3037 Quoad
477 2966 582 3028 missas
595 2967 667 3029 verb
680 2965 855 3028 adventitias
867 2965 963 3028 teneri
977 2967 1015 3028 ad

57 3051 191 3113 »dictam
214 3052 546 3130 subministrationem,
566 3061 715 3135 quatenus
737 3053 889 3136 permittat
910 3073 960 3116 eas
983 3057 1014 3117 in

58 3159 71 3191 r
92 3141 273 3203 suleeolesia
287 3141 451 3217 celebrari3
470 3159 526 3203 neo
540 3143 634 3204 teneri
653 3142 691 3204 ad
709 3141 762 3204 has
783 3143 890 3205 misses
903 3143 1013 3208 adven-

59 3228 162 3372 utptias
187 3228 407 3306 admittendas,
436 3229 494 3292 uisi
522 3227 627 3294 solutis
653 3231 832 3294 utensilibus
858 3250 912 3314 per
939 3235 1015 3297 eele-

62 3333 75 3366 a
112 3325 242 3378 rantes.»

95 3405 172 3466 3513.
192 3407 315 3478 Quaerit.
331 3410 364 3468 6⁰
381 3409 428 3468 An
442 3407 535 3488 possit
557 3408 678 3470 retineri
692 3408 892 3491 stipendium,
907 3411 932 3474 si
946 3413 1014 3493 quis

64 3489 198 3644 sppliepvit
210 3497 335 3558 missam
350 3513 408 3577 pro
420 3513 458 3557 eo
471 3495 523 3577 qui
539 3497 657 3578 primus
674 3498 856 3582 stipendium
872 3508 917 3562 ast
929 3501 1012 3562 obla·

65 3581 132 3642 lutus
