2416 3954
18 293 65 358 die
80 294 187 358 tostino
199 293 324 375 alicujus
338 293 439 357 Sancti
455 299 505 354 aut
519 293 647 370 alieuius
661 292 809 375 Mysterii,
825 289 906 356 diota
920 292 989 355 risi-

18 387 87 446 tatio
105 385 172 446 lieri
188 393 281 464 potest
300 386 319 445 lt
337 383 441 462 primis
457 381 596 461 vesperis
618 382 647 442 in
663 382 761 462 vigilio
781 382 870 463 hujus
888 382 987 461 Festi3

19 473 46 534 id
55 473 202 548 astabat
217 475 355 552 uotaqua
371 472 508 550 Vesperae
522 471 672 549 possunta
684 471 988 533 sacerdotibusetiam

21 563 156 642 privatim
167 561 282 624 recitari
297 578 304 620 :
321 559 470 634 videlieet,
482 567 564 619 extra
578 559 855 637 Quadragesimam,
868 561 906 622 ab
916 559 990 624 hort

21 650 186 711 oreridiand
198 667 294 730 usque
306 647 343 708 ad
359 663 503 709 oceasum
518 647 591 708 solis
604 647 663 708 diri
675 647 765 722 Festi,
782 667 834 710 seu
851 650 909 712 diei
921 669 985 731 seq.

19 741 53 811 ll.
63 739 211 812 Fennis,
223 735 531 817 v⁰lndalqentimart
546 737 577 811 3,
586 754 620 797 no
630 739 668 798 37
680 757 689 812 ;
702 734 807 799 Cdre't.
820 737 888 814 dcl,
897 759 926 818 p.
936 743 985 802 97.

57 831 146 888 4592.
171 825 202 888 Si
218 826 288 887 rerd
304 824 492 903 indulgentia
505 823 641 906 adigatur
653 824 731 900 diei,
744 826 795 905 qui
810 827 916 886 nonsit
929 826 989 890 ies-

22 923 81 976 tum
96 915 194 976 sancti
210 923 260 976 aut
276 913 406 994 llysterii
421 915 452 973 in
467 914 554 990 eujus
568 915 695 994 gratiam
712 913 902 993 indulgentia
916 933 990 977 oon-

22 1003 151 1076 orditur,
168 1003 283 1082 qualis,
299 1019 328 1062 r.
344 1021 396 1081 g„
411 1019 480 1080 quae
494 1002 633 1080 alligatur
647 1021 699 1064 sex
715 1002 920 1064 Dominiciss.
937 1004 991 1066 Lu·

21 1091 110 1154 dorici
128 1093 289 1174 Gonzagae,
300 1093 345 1156 vel
360 1101 475 1174 septem
486 1094 652 1156 Dominicis
662 1096 693 1156 S.
709 1093 843 1174 Josephi,
854 1095 993 1166 visitatio,

23 1180 72 1240 nisi
92 1181 182 1243 aliter
203 1182 234 1243 in
256 1181 471 1263 diplomatibus
488 1189 649 1254 statuatur,
671 1181 736 1243 deri
759 1184 864 1262 nequit
879 1179 995 1241 nisidio

22 1267 240 1344 determinato,
254 1273 271 1331 a
285 1270 386 1332 media
400 1271 533 1334 noetead
549 1272 679 1334 mediam
690 1277 810 1334 noctem
819 1276 995 1351 sequentem

23 1356 174 1430 (Clre'tien
187 1359 307 1436 delaird,
323 1378 354 1442 p.
370 1364 421 1435 97,
434 1365 466 1422 4·
480 1360 574 1440 edit).
587 1359 715 1422 -ldem
727 1367 771 1421 est
783 1359 943 1420 dicendum
958 1359 996 1420 de

23 1443 126 1508 diebus
140 1447 225 1508 iestis
240 1466 422 1527 perannum
442 1449 473 1510 in
488 1449 598 1526 quibus
617 1448 792 1510 conceditur
813 1445 996 1527 indulgentia

25 1531 56 1593 iis
81 1534 136 1616 qui
160 1536 297 1598 membro
315 1543 387 1600 sunt
409 1543 560 1600 certarum
574 1537 870 1613 confraternitatum,
885 1536 930 1597 ael
944 1537 997 1617 qui

24 1633 98 1685 certa
113 1624 234 1706 pietatis
248 1626 388 1688 exercitia
405 1625 570 1707 adimplent
585 1635 644 1686 toto
656 1645 749 1688 mense
769 1625 815 1686 vel
838 1633 898 1685 toto
910 1645 995 1685 anno.

59 1717 154 1776 4593.
179 1712 291 1776 Seduld
304 1733 424 1801 semper
433 1724 504 1778 sunt
514 1714 713 1777 examinanda
727 1713 891 1794 diplomata
903 1713 999 1775 indul-

25 1803 138 1879 gentias
153 1801 377 1884 impertientis,
392 1811 426 1865 ut
439 1805 577 1866 accurate
593 1810 748 1864 serventur
767 1819 874 1864 omnes
894 1801 998 1863 condi·

26 1889 119 1952 tiones
133 1892 335 1974 praeseriptae,
351 1893 422 1954 oiim
437 1891 603 1967 ordinarie,
618 1891 653 1952 iis
668 1909 728 1953 non
742 1890 920 1972 adimpletis,
937 1909 999 1953 non

27 1976 176 2042 lucrifiant
190 1977 362 2059 huiusmodi
376 1981 479 2062 gratim
493 2000 501 2041 ι
515 1980 573 2056 sio,
592 1999 622 2042 v.
638 1999 682 2058 g,
700 1979 723 2041 si
740 1977 925 2062 indulgentia
940 1979 1000 2061 ple-

29 2069 107 2130 naria
120 2085 266 2131 concessa
276 2069 367 2132 luerit
377 2070 404 2132 ei
414 2069 466 2151 qui
478 2068 611 2151 quotidie
621 2087 674 2151 per
684 2087 818 2131 mensem
829 2069 873 2132 vel
884 2087 998 2132 annum

30 2155 192 2218 recitaverit
203 2167 300 2220 certas
313 2177 418 2240 preces
432 2167 482 2220 aut
496 2158 553 2221 alia
567 2157 686 2240 pietatis
700 2175 792 2239 opera
804 2157 916 2229 lecerit,
930 2160 999 2221 verd

31 2247 162 2324 quotidie
183 2264 236 2328 per
254 2265 392 2314 mensem
407 2255 458 2310 aut
473 2266 590 2310 annum
612 2247 669 2310 illae
685 2265 789 2329 preces
808 2255 861 2310 aut
882 2248 1000 2329 pietatis

30 2349 116 2413 onera
140 2333 206 2396 lieri
230 2333 361 2414 debent,
385 2344 418 2398 ut
437 2335 515 2398 dicta
542 2336 728 2416 indulgentia
753 2337 869 2418 acquiri
895 2337 998 2397 valeat.

32 2421 197 2485 Proindein
211 2441 283 2487 oasu
295 2428 472 2487 communio
480 2425 543 2486 lieri
553 2425 774 2487 nondebetnisi
790 2434 856 2505 post
864 2441 1001 2484 mensem

32 2511 72 2570 rel
80 2530 208 2586 annum,
219 2511 268 2574 die
277 2532 331 2595 pro
338 2513 460 2574 arbitrio
468 2513 621 2594 eligendd3
631 2532 718 2575 secus
725 2520 826 2574 tamen
840 2511 1002 2592 aliquando

34 2596 199 2680 disponitur
217 2601 249 2662 in
271 2601 491 2683 Diplomatibus
514 2602 694 2664 Pontilioiis:
711 2601 735 2661 si
756 2599 888 2674 dicatur,
912 2617 940 2660 v.
957 2615 1001 2676 g,

35 2689 108 2766 qudd
121 2689 285 2751 communio
299 2691 382 2770 infra
395 2710 519 2752 mensem
530 2687 597 2774 lieri
617 2689 741 2758 debeat,
761 2685 806 2748 ael
821 2687 852 2746 in
872 2687 933 2746 una
954 2685 1003 2746 die

36 2773 219 2840 determinati
234 2781 359 2854 mensis,
374 2778 572 2841 nihilominus
586 2788 658 2840 tuno
673 2775 859 2855 indulgentia
870 2773 1005 2855 plenaria

38 2879 89 2927 non
100 2867 571 2949 aequiriturdiecommunionis,
588 2865 640 2928 sod
655 2865 759 2926 ultima
771 2861 941 2924 diemensis
953 2864 1005 2923 aut

37 2955 111 3031 anni,
120 2955 214 3018 modd
223 2959 318 3018 oratio
332 2963 384 3018 aut
396 2975 473 3039 opus
482 2955 651 3036 injunctum
659 2953 792 3035 quotidie
807 2949 895 3014 luerit
908 2949 1004 3012 adim-

36 3042 144 3120 pletum
153 3045 260 3107 saltem
270 3045 710 3124 moraliter3exci,aitu1'autem
725 3040 909 3122 indulgentia
924 3042 1006 3102 lllen·

37 3131 74 3191 sis
87 3133 198 3196 lllariae.
212 3133 287 3196 Vide
303 3134 444 3198 Cdrdtien
457 3133 575 3204 e'cloire',
592 3141 666 3209 eto,
682 3152 712 3214 p.
729 3135 804 3210 tra,
820 3131 851 3190 in
865 3129 944 3192 notai.

74 3225 162 3285 4594.
186 3223 237 3286 Sic
259 3223 371 3305 pariter
384 3243 457 3287 oasu
479 3241 540 3305 quo
554 3221 741 3304 indulgentia
764 3219 904 3303 precibus
918 3217 1008 3281 luerit

40 3325 166 3389 annexa,
190 3311 263 3394 ipsae
284 3321 357 3376 sunt
370 3313 532 3376 recitandae
547 3312 579 3374 in
600 3311 743 3373 idiomate
763 3309 896 3372 adhibito
916 3308 946 3370 in
960 3307 1006 3368 di-

41 3399 164 3476 plomate
188 3401 407 3476 concessionis,
431 3402 488 3464 nisi
512 3401 601 3464 tirerit
620 3399 721 3463 addita
734 3399 867 3462 clausula
880 3396 962 3478 quod
977 3396 1007 3456 in

42 3502 208 3570 quorumque
222 3488 362 3552 idiomate
375 3491 498 3553 recitari
515 3497 673 3572 poterunt:
689 3507 750 3569 quo
769 3505 858 3557 casu,
874 3488 898 3545 si
914 3484 1008 3544 versio

43 3571 124 3644 luerit
137 3575 250 3656 fidelis,
265 3579 425 3665 approbari
439 3581 548 3664 poterit
559 3577 597 3645 ab
613 3577 771 3644 Ordinario
790 3571 898 3636 eodem
918 3568 1008 3628 niodo

372 182 455 228 arara
476 183 632 230 saonnons.
927 168 987 231 ata
