2416 3954
202 157 260 218 too
416 167 554 217 arrosus
573 167 674 216 rarius
693 167 775 216 soors
795 167 948 216 aaronica.

239 269 329 328 taut.
352 262 478 336 Quando
487 261 523 323 lis
537 262 615 324 inter
622 261 750 342 privatas
759 261 854 323 oritur
865 279 957 342 super
972 266 1167 345 competentit

203 353 258 416 toci
272 351 392 426 sedilis,
408 350 544 433 quisunt
558 350 589 412 in
599 349 787 431 possessione
797 397 806 429 ‚
817 349 849 412 in
862 355 898 414 ct
912 350 1026 432 absque
1040 354 1162 415 novitate

202 439 417 503 manutenendi
430 446 511 503 sunt.
526 439 558 502 S.
571 439 666 520 Cong.
686 439 769 520 Epis.
785 442 804 502 6
819 443 907 502 mart.
924 443 1057 502 1692-
1070 463 1086 502 e
1098 443 1166 503 Con-

205 551 217 590 n
243 537 285 592 tra
312 536 486 591 amoventes
511 527 616 591 sedilia
642 527 690 609 agi
718 533 816 609 potest
842 529 961 591 actione
975 527 1164 610 iujuriarum,

205 639 218 677 a
242 619 358 681 etiamsi
372 635 515 680 amovens
529 624 606 681 esset
615 615 1001 683 Administratorccctesiae.
1017 639 1033 680 s

246 729 262 767 u
282 709 313 770 Si
336 707 460 790 antiqua
478 705 575 770 torma
594 705 728 770 eeclesiae
755 707 971 770 immutetur...
997 707 1099 772 sedilia
1121 729 1166 772 seu

203 819 217 854 a
242 815 365 859 scamna
380 797 527 860 laicorum
540 796 645 878 reponi
658 795 771 858 debent
791 796 899 859 eodem
919 796 1029 860 ordine
1052 818 1111 880 quo
1129 819 1168 860 re·

204 909 218 944 a
244 885 437 968 pariebantur
462 892 531 949 ante
559 885 802 949 immutationem
821 885 962 964 fabricae,
983 886 1031 950 ael
1060 888 1090 948 in
1110 887 1168 949 toea

204 998 219 1036 n
245 976 332 1057 reque
344 975 471 1057 digno...
492 975 578 1038 Rota.
589 972 814 1038 a-—Videcirca
827 973 886 1038 hoo
898 975 1028 1038 deamat
1039 973 1087 1038 des
1099 976 1164 1058 sat..

204 1070 280 1129 tam.
296 1068 326 1142 9,
342 1084 372 1146 p.
389 1068 440 1143 26,
452 1070 482 1126 et
494 1071 568 1128 torn.
582 1067 613 1144 8,
628 1083 661 1146 p.
677 1066 748 1129 367.

249 1175 265 1214 o
285 1154 393 1216 Sedilia
404 1172 465 1216 uon
475 1161 602 1235 possunt
613 1153 645 1216 iu
658 1152 783 1216 ecclesii
794 1152 835 1216 ita
845 1151 986 1216 collocari
996 1160 1031 1218 ut
1040 1154 1166 1218 sedentes

205 1266 220 1304 n
245 1249 448 1324 vertantterga
457 1242 495 1304 ad
506 1245 558 1306 SS.
571 1244 811 1320 Sacramentum,
821 1247 853 1304 ct
860 1241 919 1305 atis
930 1242 1073 1306 indecora
1081 1247 1167 1306 orian-

205 1353 221 1391 a
245 1337 306 1393 tur.
323 1332 353 1393 S.
371 1331 442 1393 Pius
465 1333 501 1410 V,
517 1333 618 1394 Const.
642 1331 716 1395 Ciam
735 1331 912 1414 privatam.»
939 1333 1102 1411 (Ferraris,
1120 1333 1164 1400 rt..

207 1419 248 1482 n*⁸
262 1421 313 1494 23,
328 1421 391 1498 at.)

246 1507 330 1570 Circa
340 1507 516 1571 haecomnia
529 1509 724 1573 consulenda
736 1515 806 1574 eunt
814 1509 895 1592 apud
907 1527 962 1572 nos
971 1509 1167 1592 dispositiones

206 1595 389 1680 legiseivilis.
401 1598 477 1661 vide
487 1599 603 1662 Deerat.
616 1603 656 1663 30
664 1599 818 1662 decembr.
834 1602 922 1678 1809,
937 1604 995 1662 art.
1006 1603 1057 1676 62,
1067 1603 1166 1676 6652.

207 1689 309 1750 -DD.
325 1686 421 1764 Mire,
436 1686 675 1750 administratione
691 1697 825 1770 temptam,
836 1693 908 1764 etc„
919 1687 1168 1760 benemerentem

207 1776 339 1856 Dieulin,
356 1774 448 1841 Guide
456 1775 504 1839 dea
517 1779 607 1854 carde,
624 1797 654 1860 p.
671 1779 720 1857 99,
735 1785 793 1840 etc.
808 1780 840 1840 3·
854 1776 925 1840 edit.

606 1969 687 2032 ΛΒΤ.
710 1968 781 2033 tro.

210 2113 247 2159 uu
260 2111 486 2160 mnuurmrmus
501 2110 715 2175 recursurus,
731 2109 975 2159 praestaremur
989 2112 1163 2158 numerous.

247 2257 337 2316 4828.
361 2251 562 2315 Ecclesiarum
575 2253 778 2316 Immunitotee
799 2253 831 2315 in
849 2251 968 2316 duobus
987 2253 1162 2316 consistunt:

209 2343 277 2405 t⁰in
293 2341 490 2424 prohibitione
505 2361 543 2404 ne
557 2343 630 2405 certi
644 2349 728 2406 actus
743 2343 774 2405 in
793 2341 1162 2423 missae-isperaganm

209 2435 240 2496 2⁰
255 2433 285 2494 in
298 2433 364 2511 jure
379 2431 471 2513 asyli:
487 2431 597 2512 quibus
611 2431 636 2494 si
659 2431 750 2494 addas
772 2429 898 2494 dicenda
920 2429 1001 2494 circa
1024 2429 1163 2512 privilegia

210 2522 402 2585 Basilicarum
416 2528 475 2584 tres
488 2520 612 2584 habebis
623 2519 836 2605 paragraphos.

645 2715 707 2801 ar.

249 2859 293 2928 De
310 2861 507 2946 prohibitione
526 2881 562 2927 ne
581 2861 656 2926 certi
674 2867 756 2924 actuo
775 2859 851 2942 fiant
872 2857 905 2922 io
931 2857 1003 2922 oca
1028 2857 1126 2922 meris.

247 3017 336 3077 4829.
358 3017 431 3078 Jure
458 3017 605 3080 canonico
628 3013 803 3099 prohibetur
836 3011 1039 3080 aeecclesiae
1070 3009 1160 3076 usibus

210 3101 340 3184 profanis
350 3103 528 3182 inserviant,
544 3105 580 3168 iis
590 3105 755 3187 praesertim
770 3101 821 3185 qui
837 3102 968 3184 ipsarum
984 3102 1158 3165 sanctitatem

208 3195 303 3272 magis
317 3193 481 3256 dedecent:
504 3194 655 3256 «Cessent
675 3195 705 3256 in
730 3193 804 3255 locis
825 3191 883 3253 illis
902 3191 1125 3253 universitatum
1138 3195 1160 3247 et

207 3302 221 3338 s
247 3281 422 3343 societatum
436 3281 638 3362 quarumlibet
652 3283 798 3357 concitis,
823 3281 985 3343 conciones
1004 3287 1035 3341 et
1054 3277 1160 3362 publica

207 3389 221 3428 a
246 3369 481 3448 parlamenta...;
497 3377 614 3430 cessent
628 3371 658 3430 in
673 3371 807 3432 ecclesiis
817 3385 982 3448 earumque
993 3365 1159 3429 caemeteriis

206 3475 221 3510 o
246 3455 462 3536 negotiationes
483 3463 514 3518 et
535 3457 686 3538 praecipue
708 3457 914 3522 nundinarum
932 3473 969 3519 ac
995 3455 1051 3517 fori
1074 3456 1158 3533 cujus

208 3563 221 3598 o
246 3560 377 3624 cumque
390 3543 538 3606 tumultus
543 3563 552 3619 ;
568 3545 666 3606 omnis
680 3545 711 3606 in
725 3545 769 3608 eis
782 3544 971 3612 saecutarium
987 3543 1155 3624 judiciorum
