2420 3968
393 231 478 277 6666
499 227 656 276 66666666.
951 213 1009 276 663

85 327 169 388 6960.
184 327 275 390 Τ6666
289 331 390 390 autem
405 327 508 388 Clarus
531 325 587 388 loci
610 331 729 389 tenetur
742 325 780 388 ad
794 323 928 390 odicium
952 327 1011 387 Pa-

53 413 120 473 troni
135 413 235 476 localis
247 415 393 478 canonice
407 416 505 478 electi.
788 432 792 439 ’

86 503 170 564 4966.
187 505 218 566 S.
234 507 271 568 R.
285 503 396 586 Congr.
411 504 570 567 consulta:
590 525 606 563 JJ
621 505 668 565 An
683 503 806 568 Festum
817 503 956 568 'titularis
966 523 1013 568 ca·

53 611 64 646 o
86 589 227 670 pallarum
240 591 429 675 publicarum
442 613 511 674 quae
528 595 660 656 existunt
675 594 706 654 in
720 593 830 656 cedibus
843 594 1012 676 episcopali·

52 700 65 735 6
88 677 143 756 bus
157 682 334 757 seminariis,
350 682 552 765 hospitalibus,
567 680 697 743 domitia
706 681 899 763 regularium
913 684 1009 748 domi

12 820 14 824 ,
53 790 64 824 J
86 766 197 850 busque
224 771 362 852 privatis,
387 771 531 834 celebrari
555 770 663 834 debeat
689 771 746 832 sub
769 771 828 834 ritu
857 772 1005 852 duplicit

54 855 183 921 Jclassis
202 877 273 922 cum
287 857 381 924 Credo
394 867 424 922 et
442 859 574 922 Octoad:
589 858 839 940 -Respondit:
855 859 1010 942 Negabat,

52 965 65 1001 o
88 949 201 1010 66666.
218 951 306 1012 1831.
318 942 401 1009 »Sed
417 940 484 1004 vide
498 943 621 1008 66666ο
628 945 717 1008 696).
845 945 858 964 ’

86 1037 170 1098 tuoe.
186 1039 309 1100 Festum
322 1037 499 1100 Titularium
514 1039 654 1100 altarium
673 1037 752 1100 intra
776 1036 932 1100 ecclesiam
951 1058 1012 1101 non

53 1125 313 1189 esteelabrandum
336 1145 390 1208 per
412 1127 616 1188 recitationem
631 1125 720 1188 officii
741 1127 798 1188 nisi
817 1126 848 1187 in
868 1125 1013 1189 breviario

53 1213 248 1297 praescriptum
258 1215 531 1292 statuendae
540 1235 610 1298 aug.
628 1220 705 1279 6668
720 1215 875 1296 (6666616,
887 1226 920 1277 n⁰
932 1219 1011 1293 636).

53 1301 130 1363 Missa
143 1311 258 1384 tamen,
270 1305 355 1384 juxta
368 1307 490 1368 Gavant.
469 1311 536 1366 tet
554 1306 646 1382 alios,
662 1305 700 1368 do
721 1324 757 1367 eo
777 1305 943 1388 dicipotest
965 1306 1014 1370 die

53 1389 170 1469 ipsomet
181 1395 287 1470 Festo
303 1395 326 1456 si
345 1393 402 1456 boc
428 1393 478 1456 die
499 1394 598 1456 missae
615 1353 719 1456 666666
737 1395 864 1472 liceant,
888 1401 917 1457 et
943 1415 1014 1477 aga-

53 1479 142 1544 tarde
155 1484 266 1545 Sancto
285 1483 479 1558 canonizato,
498 1483 544 1544 vel
562 1484 648 1564 cujus
671 1501 783 1546 nomen
802 1484 1014 1632 Martyrologio

54 1565 221 1652 inscriptum
235 1571 293 1634 sit:
262 1571 370 1634 timb
384 1571 476 1633 licet
468 1589 500 1632 Jn
519 1573 555 1634 66
575 1571 685 1634 addere
709 1570 836 1635 (istorio
825 1593 855 1633 m
872 1574 953 1635 excel
953 1595 1012 1651 ars,

53 1657 124 1721 unde
136 1666 169 1723 ut
181 1660 370 1724 merereris
381 1679 443 1722 nen
453 1667 496 1722 est
506 1659 654 1722 habenda
669 1661 913 1738 Viderolacto,
926 1661 1012 1738 iord„

53 1745 187 1830 666666,
204 1754 277 1826 etc.;
293 1749 459 1828 baberet,
475 1753 594 1830 pars5,
611 1758 644 1810 6ο
659 1753 716 1828 36,
734 1754 795 1814 ld.

84 1841 169 1903 6963.
192 1837 347 1920 Quidquid
360 1839 398 1900 sit
410 1837 448 1899 de
458 1839 581 1918 antiqua
593 1837 769 1919 disciplina,
784 1839 874 1902 hodic
887 1841 1014 1905 Ordines

52 1928 193 2009 regulares
214 1927 357 2010 speciales
382 1926 491 1988 habere
512 1934 637 2008 possunt
655 1929 826 1990 Patronus:
849 1929 893 1992 sio
910 1931 1012 1994 Ordini

52 2016 241 2081 blinimorum
255 2017 287 2080 S.
307 2015 434 2080 Michael
456 2033 618 2078 concessus
639 2014 694 2078 luit
714 2017 861 2083 Patronus
871 2039 881 2096 ;¹
899 2020 942 2082 sic
957 2021 1012 2083 Be·

54 2107 113 2170 666.
127 2109 195 2171 XIV
209 2105 364 2169 Fratribus
384 2103 549 2167 Minoribus
573 2106 824 2171 Conventualibus
850 2111 1013 2173 Patronem

53 2192 163 2260 deditS.
178 2195 366 2278 losephum3
382 2199 413 2257 et
423 2193 466 2256 sic
479 2194 518 2257 66
531 2194 597 2257 aliis
613 2195 749 2277 pluribus
763 2197 926 2263 Ordinibus
949 2199 1014 2262 reli-

54 2301 143 2362 giost.

85 2378 170 2440 6966.
195 2375 309 2437 Praeter
327 2373 439 2437 festum
456 2379 659 2439 Patronorum
674 2377 840 2454 Ordinem,
861 2378 1014 2458 regulares

53 2461 193 2529 celebrare
212 2463 325 2526 debent
339 2463 430 2526 etiam
452 2463 575 2526 Festum
595 2465 735 2528 Titularis
748 2465 944 2527 ecclesiarum
961 2485 1015 2528 scu

54 2553 297 2617 monasteriorum
311 2553 343 2614 in
365 2553 476 2634 quibus
494 2561 721 2616 commorantur
740 2559 794 2614 :et
814 2552 936 2634 quidem
959 2555 1015 2614 sub

54 2641 104 2704 ritu
119 2643 234 2726 duplici
256 2645 271 2705 l
298 2643 401 2705 classis
419 2642 491 2704 cum
513 2643 633 2704 Octava.
660 2641 746 2706 Unde
773 2642 817 2703 sic
840 2642 1015 2704 resumenda

54 2739 115 2793 sunt
126 2734 214 2796 Festa
226 2734 426 2794 Patronorum
441 2732 458 2792 6
472 2731 661 2811 regularibus
674 2728 873 2792 celebranda:
892 2734 921 2790 {⁰
944 2731 1015 2792 Fes-

54 2823 110 2882 tum
122 2819 296 2904 principalis
304 2820 427 2883 Patroni
436 2819 544 2899 Regni,
555 2826 607 2882 aut
617 2819 795 2890 Provinciae,
811 2824 863 2879 aut.
875 2819 1016 2882 Dioecesis

55 2909 103 2968 sub
117 2911 174 2974 ritu
188 2909 302 2994 duplici
317 2913 331 2971 l
348 2909 451 2972 classis
465 2908 531 2970 sine
552 2911 676 2986 Octava;
693 2910 723 2969 2⁰
737 2909 859 2969 Festum
877 2907 1015 2972 Titularis

53 2996 228 3064 cathedralis
242 2999 384 3062 Dioeoesis
395 2999 472 3060 intra
487 3016 579 3078 quam
601 2999 692 3061 situm
710 3003 757 3060 est
777 2999 1013 3080 monasterium,

55 3086 104 3147 sub
117 3089 224 3154 eodem
244 3089 304 3152 ritu
316 3087 459 3170 duplicit
482 3086 585 3149 classis
605 3088 670 3149 sins
697 3087 818 3163 Octarb3
843 3089 875 3149 3⁰
892 3088 1014 3151 Festum

55 3173 168 3242 Patroni
192 3179 310 3252 localis,
342 3195 403 3240 non
432 3179 502 3242 verb
526 3176 666 3239 Titularis
695 3175 828 3239 ecclcsiae
858 3175 934 3254 loci,
959 3179 1015 3241 sub

55 3265 155 3329 eodem
169 3269 245 3346 ritu3
260 3271 293 3330 4⁰
311 3267 435 3330 Festum
453 3271 652 3330 Patronorum
670 3265 790 3328 Ordinis
809 3265 865 3328 sub
886 3267 945 3329 ritu
962 3268 1016 3330 du-

55 3353 118 3433 plici
132 3361 147 3420 l
163 3357 264 3422 classis
282 3375 353 3422 cum
366 3358 494 3434 Octava,
509 3357 533 3419 si
548 3358 607 3418 sint
622 3354 743 3418 Patroni
757 3354 950 3437 principales,
969 3358 1014 3420 vel

53 3441 162 3526 duplici
169 3447 274 3528 majori
288 3448 313 3510 si
323 3445 360 3510 dc
369 3445 504 3508 Patronis
514 3445 699 3510 secundariis
712 3451 817 3526 agatur
822 3466 830 3520 ;
847 3447 878 3506 5⁰
891 3447 1015 3508 Festum

54 3531 185 3598 'titularis
198 3535 387 3619 propriarum
404 3535 599 3597 ecclesiarum
616 3535 661 3595 vel
682 3533 952 3606 monasteriorum;
972 3535 1013 3592 in-

55 3638 138 3702 super
158 3629 186 3688 6υ
208 3624 424 3690 celebrandum
438 3630 483 3686 est
495 3625 618 3686 Festum
631 3620 810 3684 Fundatoris
824 3619 848 3681 si
869 3620 907 3680 sit
922 3637 1012 3680 cano·
