2498 3966
226 235 285 296 tta
442 251 581 298 urrunnu
601 250 707 296 roaros
725 251 804 296 runis
825 252 975 300 ornemur.

228 368 399 432 mandavit.
423 367 533 452 Itaque
547 367 689 449 injuncto
709 367 769 430 sibi
782 369 916 442 muneri,
941 388 977 430 ea
996 387 1059 450 que
1075 387 1126 450 par
1147 383 1181 431 est

226 459 389 538 diligentia
403 464 433 518 et
454 455 576 519 consilii
590 457 781 530 maturitate,
796 455 891 518 iidem
904 457 960 518 Erat
981 457 1087 519 Patres
1113 463 1183 522 satis-

227 541 326 610 laccre
340 545 514 626 cupientes,
535 544 617 608 inira
632 547 748 628 scripta
758 545 855 609 dubia
870 546 1006 627 desuper
1015 550 1183 611 concinnari

225 637 404 700 voluerunt.

264 723 287 788 1.
299 725 345 786 ln
363 732 455 806 turpe
468 723 711 787 mercimonium
721 725 835 807 sapiat,
844 723 980 806 ideoque
991 724 1185 808 improbanda

217 820 256 877 et
269 815 370 894 poenis
383 813 476 891 etiam
500 812 730 886 ecclesiasticis,
751 815 775 876 si
791 831 878 895 ,opus
902 812 1009 890 luerit,
1029 817 1185 880 coercenda

225 905 265 967 sit
279 902 319 965 ab
334 902 496 984 Episcopis
521 919 631 966 eorum
654 900 901 982 bibliopolarum
923 903 972 964 vel
990 916 1185 968 mercatorum

224 991 337 1074 agendi
352 991 444 1068 ratio,
458 993 525 1073 qui,
542 990 693 1054 adhibitis
708 991 1069 1072 publicisinvitamentis
1082 1005 1112 1056 et
1122 1014 1185 1076 prae-

225 1079 1187 1162 miis‚velalioquccumouemodomissarumeleemosynascol·

226 1171 339 1253 ligunt‚
353 1179 384 1231 et
396 1169 623 1242 sacerdotibus,
640 1169 755 1250 qulbus
769 1189 822 1232 eas
829 1167 1034 1254 celebrandas
1053 1174 1186 1234 commit·

225 1271 307 1336 tunt,
317 1279 380 1322 non
391 1260 557 1341 pecuniam
573 1259 626 1323 sed
638 1257 1188 1340 libresaliasvemercesrependuntl

263 1350 301 1412 ll.
323 1355 365 1410 tn
392 1347 459 1411 baec
477 1346 589 1428 agendi
609 1347 689 1411 ratio
705 1347 776 1410 ideo
791 1347 992 1410 cohonestari
1018 1351 1134 1426 valcat,
1151 1353 1188 1413 rel

224 1440 297 1520 quia
315 1435 402 1499 nulla
426 1435 507 1499 lacta
537 1435 773 1512 imminutione,
789 1443 835 1499 tot
858 1435 994 1498 missaea
1020 1442 1189 1502 memoratis

225 1523 445 1590 collectoribus
463 1523 663 1588 celebranda
684 1525 938 1598 committuntur,
955 1533 1033 1606 quot
1064 1527 1190 1590 collectis

224 1610 935 1696 eleemosynisrespondeant‚relquiapeream
947 1613 1190 1692 pauperibussa·

224 1701 618 1782 cerdotibuseleemosynis
629 1701 797 1764 missarum
807 1700 988 1764 carentibus
997 1701 1191 1766 subvenitur?

264 1791 312 1854 lli.
348 1789 396 1853 lln
424 1789 608 1872 hujusmodi
638 1789 911 1872 eleemosynarum
942 1788 1143 1854 collectiones
1166 1805 1190 1854 et

224 1881 422 1961 erogationes
444 1887 520 1941 tunc
544 1879 638 1941 etiam
656 1878 874 1960 improbandae
900 1889 930 1942 et
957 1881 1147 1955 coercenda,
1163 1895 1191 1944 ut

223 1989 333 2051 supra,
349 1969 412 2032 sint
430 1966 470 2030 ab
482 1965 658 2050 Episcopis‚
672 1966 949 2048 quandolucrum‚
967 1968 1054 2050 quod
1067 1987 1103 2031 cx
1120 1991 1188 2032 mer·

223 2062 307 2122 cium
323 2076 396 2120 cum
411 2055 619 2138 eleemosynis
639 2055 872 2138 permutatione
897 2056 1056 2133 hauritur,
1080 2076 1140 2122 non
1158 2061 1187 2119 in

222 2147 386 2232 proprium
413 2145 629 2227 colligentium
647 2145 862 2221 commodum,
878 2145 980 2208 sedin
995 2147 1110 2226 piarem
1127 2149 1186 2208 ins-

223 2237 405 2300 titutionum
421 2234 622 2300 atbonorum
636 2253 767 2317 operum
785 2253 878 2299 usum
897 2235 948 2298 rel
970 2235 1182 2298 incrementum

222 2323 445 2406 impenditur?

263 2413 311 2476 tv.
329 2414 376 2476 An
388 2415 471 2495 turpi
489 2413 696 2477 mercimonio
711 2420 916 2490 concurrant,
930 2413 1062 2496 ideoque
1074 2413 1185 2493 impro-

224 2505 319 2570 bandi
345 2513 440 2585 atque
465 2505 561 2566 etiam
587 2502 762 2574 coercendi,
792 2512 825 2564 ut
853 2519 961 2583 supra,
991 2506 1054 2567 sint
1075 2503 1110 2578 il,
1136 2505 1191 2584 qui

222 2600 365 2673 acceptas
376 2610 393 2653 a
406 2591 555 2654 fidelibus
565 2592 612 2656 vel
630 2591 707 2654 locis
723 2591 783 2671 piis
802 2590 1019 2672 eleemosynas
1033 2593 1193 2655 missarum

222 2683 350 2748 tradunt
364 2677 804 2762 bibliopolis,mercatoribus,
820 2679 1074 2761 aliisqueearum
1087 2682 1197 2746 collec-

222 2769 600 2853 toribus‚siverecipiant‚
622 2769 685 2832 sive
706 2786 771 2831 non
793 2769 948 2849 recipiant
966 2771 1146 2853 quidquam
1160 2772 1199 2834 ab

222 2863 333 2926 iisdem
349 2858 468 2941 proemii
483 2859 637 2922 nomine?

258 2949 297 3014 t.
316 2953 363 3012 An
378 2948 463 3031 turpi
479 2948 686 3012 mercimonio
704 2955 908 3024 concurrant,
928 2946 1065 3029 ideoque
1078 2951 1202 3031 impro-

220 3037 318 3100 bandi
329 3045 358 3099 et
373 3035 550 3116 coercendi,
568 3045 724 3118 utsupra,
741 3037 804 3099 sint
819 3035 853 3112 il,
872 3036 956 3116 quia
971 3036 1064 3100 dictis
1084 3038 1203 3102 biblio·

221 3125 302 3210 polis
320 3133 352 3196 et
366 3125 597 3189 mercatoribus
618 3125 774 3207 recipiunt
798 3141 854 3207 pro
873 3125 980 3188 missia
999 3125 1202 3190 celebrandis

220 3213 330 3287 libros,
346 3212 463 3276 aliasve
476 3231 594 3277 merces
605 3213 718 3276 harum
731 3214 832 3295 pretio
850 3214 917 3277 sive
932 3214 1123 3292 imminuto,
1138 3219 1201 3276 sire

220 3299 373 3376 integro?

259 3383 314 3448 lll.
327 3388 374 3448 lln
391 3387 500 3452 illicite
514 3399 609 3472 agant
619 3390 653 3467 ii,
667 3391 723 3472 qui
739 3391 916 3472 promissis
933 3391 1107 3454 celebratis
1122 3393 1201 3455 recl·

220 3473 467 3556 pluntstipendii
477 3478 704 3542 locolibrosvel
713 3479 791 3540 allas
804 3497 934 3558 merces,
950 3480 1076 3544 seclusa
1089 3483 1201 3565 quar-is

219 3563 437 3640 negotiationis
453 3565 501 3626 vel
523 3569 624 3648 turpia
641 3567 721 3631 lucri
734 3568 864 3650 speclei
