2434 3940
416 217 502 266 atam
523 217 681 268 suesanus
966 205 1025 267 223

81 313 115 375 rel
126 334 170 395 an,
181 318 217 382 ad
230 320 444 404 obligationem
458 319 538 384 hane
558 318 724 384 finiendam
744 339 753 384 s
768 320 929 404 apponitur
944 323 1026 384 enim

82 408 208 472 terminus
221 409 258 472 ad
277 410 494 474 sollicitandam
507 410 734 492 obligationem,
753 411 875 493 quando
889 413 928 474 ita
950 412 1024 474 assi·

78 502 167 570 gratur
180 505 326 564 utneutra
337 517 407 584 pars
420 499 583 562 anicinum
598 501 691 582 possit
700 519 807 582 urgere
816 499 1033 586 executionem}

78 591 243 665 eontraotds3
259 591 421 672 apponitur
440 596 541 652 autem
560 587 598 651 ad
619 588 801 667 finiendam,
817 589 940 671 quando
959 591 1025 652 ideo

79 673 222 756 praeligitur
235 684 285 756 ut,
302 697 339 741 eo
352 677 465 760 elapso,
482 677 564 740 nulla
576 685 730 740 remaneat
742 677 883 758 obligatio
899 698 907 740 τ
924 678 955 740 in
966 679 1035 742 hoo*

77 767 210 838 posteriori
224 786 297 830 casu
310 769 428 832 tautirm
441 813 450 846 ,
465 767 615 848 sponsalia
630 767 786 830 solvuntur
798 784 852 848 per
865 766 1026 829 adrentum

77 853 198 932 temporis
210 855 411 918 determinati.
428 890 467 903 -
481 857 520 920 Ut
533 862 633 918 autem
648 855 848 932 discernatur,
863 854 894 916 in
908 855 1026 918 casibus

75 934 155 1004 dubiis
173 962 210 1005 an
227 945 376 1008 terminus
389 944 427 1006 sit
441 945 595 1026 appositus
608 943 646 1007 ad
661 943 826 1006 finiendam
837 943 882 1004 vel
893 942 929 1005 ad
944 943 1026 1005 solli·

75 1027 202 1094 citandam
221 1034 459 1115 obligationem,
474 1033 543 1096 duae
563 1035 754 1115 assignantur
771 1031 904 1114 regulae:
921 1032 1026 1094 Primo

75 1115 238 1185 siterminus
260 1123 300 1185 ab
320 1122 489 1186 unasolbm
501 1129 583 1204 parte
606 1121 789 1204 praeligitur,
818 1121 911 1183 altertl
938 1139 1026 1202 nega-

74 1205 117 1266 liat
129 1225 157 1270 sc
170 1209 300 1274 habente
311 1258 319 1290 ,
331 1218 405 1274 tuuc
418 1221 558 1274 censetur
568 1211 722 1292 appositus
736 1210 774 1272 ad
785 1209 1025 1272 sollicitandam:

74 1291 91 1351 si
103 1299 164 1360 aero
176 1300 214 1362 ab
237 1303 386 1382 utraque,
405 1300 443 1362 ad
462 1298 629 1362 liniendam
650 1300 841 1382 presumitur
859 1299 1023 1382 appositus.

74 1385 257 1464 --Seoundo,
281 1390 304 1450 si
328 1390 475 1451 terminus
499 1397 666 1470 apponatur
690 1397 852 1472 numquam
877 1389 1026 1471 sponsalia

73 1476 587 1562 contrahantur,censeturappositus
595 1477 633 1540 ad
644 1477 917 1557 finiendam3secus
927 1479 950 1542 si
960 1483 1028 1560 post

72 1571 202 1628 matrasta
211 1567 364 1648 sponsalia
380 1587 387 1627 ε
401 1567 524 1629 Pontius
538 1573 640 1628 tamen
654 1567 726 1630 dieit
743 1567 807 1629 illas
830 1568 949 1648 regulas
965 1585 1027 1628 non

71 1666 122 1712 esse
134 1673 254 1738 semper
267 1674 362 1718 veras.
377 1655 453 1718 Vide
468 1657 498 1718 S.
517 1655 650 1736 arguor,
666 1657 718 1718 lib.
735 1659 775 1734 6,
791 1665 824 1716 n⁰
840 1659 909 1718 867.

101 1745 181 1806 tuat.
206 1745 330 1817 Quaerit.
349 1747 394 1805 bn
405 1745 507 1826 elapso
521 1747 669 1818 termino,
685 1744 778 1805 libera
791 1749 945 1806 remaneat
959 1762 1029 1826 pars

70 1846 126 1907 qua
136 1833 318 1916 culpabilem
332 1835 469 1915 apposuit
483 1833 677 1895 dilationem?

102 1921 182 2004 ltesp.
209 1921 369 2003 Dupliccm
391 1941 457 1984 esse
472 1921 651 1983 sententiam
669 1938 677 1982 ι
694 1921 725 1983 S.
746 1921 867 2002 Liguor.
887 1919 977 1984 babet
995 1928 1029 1985 ut

70 2005 144 2090 longi>
153 2011 387 2094 probabiliorem
396 2017 427 2072 et
435 2010 678 2074 communiorem
686 2028 753 2073 eam
764 2029 832 2092 quae
841 2018 945 2092 negat:
957 2011 1028 2092 quis

71 2114 146 2161 remo
166 2100 259 2162 debet
272 2119 308 2162 ex
329 2119 384 2162 suo
397 2099 523 2162 crimine
543 2099 742 2162 commodum
762 2107 928 2182 reportare;
951 2101 1028 2163 affir-

70 2195 185 2250 mantem
209 2197 312 2250 lamen
338 2187 418 2250 idern
449 2189 480 2251 S.
504 2188 625 2269 Liguor.
649 2187 721 2250 dicit
753 2207 815 2251 non
838 2207 941 2252 carcre
972 2193 1026 2254 sut

69 2273 277 2356 pmbabilitatc,
294 2279 458 2359 prasertim
472 2277 513 2339 ob
531 2278 738 2340 auctoritatem
752 2279 783 2340 S.
808 2279 951 2359 Thomae,
974 2289 1025 2363 qui

70 2361 136 2426 illam
157 2367 315 2446 amplexus
334 2373 379 2428 est
402 2369 443 2444 (S.
465 2367 601 2447 Lignum,
619 2365 706 2445 idid,
728 2367 797 2430 dub.
813 2368 843 2448 3)
861 2388 868 2428 ε
884 2369 909 2430 si
924 2378 1026 2433 autem

69 2459 181 2536 utraque
202 2473 271 2536 pars
294 2456 413 2537 nuptias
437 2457 514 2518 inire
537 2455 702 2536 neglexerit
726 2462 862 2537 tempore
885 2457 1024 2538 praefixo,

67 2543 196 2625 utrinque
213 2543 337 2607 solvitur
356 2544 519 2625 obligatio:
535 2551 642 2606 mutuo
663 2545 745 2606 enim
766 2563 917 2606 consensu
936 2548 1026 2608 ambo

66 2629 168 2694 eisdem
181 2635 371 2696 renuntiasse
384 2640 557 2696 censentur.
581 2631 680 2714 (dard.
697 2631 818 2712 Soglia,
836 2630 936 2694 Inatr't.
955 2633 1024 2711 jur.

64 2721 144 2796 prio..
160 2721 178 2802 ἓ
194 2723 275 2802 tta.)

99 2813 182 2872 tosa.
198 2845 240 2858 —-
254 2811 315 2872 Vll.
333 2810 509 2892 Sponsalia,
525 2810 580 2873 etsi
593 2811 691 2888 jurata
706 2807 782 2881 sint,
798 2805 954 2869 solruotur
974 2825 1029 2888 per

66 2901 278 2980 susceptionem
292 2899 408 2961 ordinis
431 2900 524 2976 sacri,
539 2900 586 2962 rel
602 2900 771 2980 ingressum
786 2895 877 2959 unlus
890 2897 981 2978 partis
996 2896 1027 2960 in

67 2983 258 3068 Religionem,
274 2995 326 3050 aut
338 2996 441 3051 votum
455 3007 523 3050 eam
545 2985 748 3070 ingrediendi3
764 2993 811 3066 et,
827 2991 860 3049 ut
873 2986 1028 3068 probabile

67 3069 198 3156 habetur,
214 3095 268 3159 per
282 3078 409 3159 simplex
423 3085 525 3139 votum
540 3077 690 3138 castitatis.

100 3165 158 3228 lloe
170 3173 289 3229 certum
303 3167 420 3228 videtur
434 3165 533 3247 quoad
549 3171 666 3246 partem
684 3163 878 3244 derelictam,
894 3165 984 3229 etiam
994 3167 1027 3230 in

67 3267 127 3316 casu
145 3273 206 3337 quo
231 3256 324 3318 altera
346 3273 416 3338 pars
429 3254 557 3336 simplex
581 3261 683 3317 votum
702 3255 842 3318 castitatis
855 3256 1025 3321 emisissets

66 3342 126 3420 quia
140 3345 204 3406 talis
216 3337 327 3408 vovens
337 3345 397 3424 juri
412 3363 468 3407 suo
480 3353 621 3406 censetur
635 3346 834 3408 renuntiasse.

98 3435 182 3496 4033.
220 3436 268 3494 An
304 3443 429 3511 autem,
459 3433 491 3495 in
527 3451 600 3496 casu
627 3433 821 3516 professionis
857 3435 1025 3517 religiosa,

66 3521 204 3596 sponsalia
240 3521 432 3585 solummodo
473 3522 650 3601 solvantur,
681 3522 781 3606 quoad
813 3521 1025 3605 profitentem,

65 3609 218 3690 peripsam
241 3610 482 3690 professionem,
506 3612 552 3674 tel
571 3611 698 3674 sufficiat
719 3611 801 3692 solus
824 3611 976 3688 ingressus
995 3604 1025 3663 in
