2416 3954
371 192 457 237 arnan
477 191 632 239 succubus.
922 179 980 238 359

60 289 143 350 ttae.
158 321 196 335 -
209 290 246 352 u.
269 285 396 360 Quando
410 287 636 348 matrimonium
651 285 707 348 tuit
729 285 848 350 nulium
868 288 984 351 ratione

28 375 272 452 clandestinitatis,
287 383 403 438 certum
418 381 463 436 est
478 422 486 450 ‚
501 375 526 436 si
548 376 607 436 aS.
630 375 707 436 Sede
721 375 905 457 dispensatio
920 395 982 440 non

28 463 192 542 obtineatur,
204 465 286 547 qubd
302 465 340 527 sit
354 463 521 526 ineundum
531 481 633 526 coram
648 463 779 544 parocho
795 471 826 528 et
845 465 983 545 testibus,

28 553 77 614 nisi
101 571 237 616 recursus
260 551 299 616 ad
324 551 490 634 parocbum
514 559 591 614 essct
615 551 828 633 impossibilis,
855 553 902 616 rei
925 553 983 617 nisi

29 642 118 722 sponsi
138 643 274 705 venerint
296 641 334 704 ad
354 641 455 704 locum
475 639 527 702 ubi
547 639 661 704 Concit.
686 638 819 704 Trident.
845 661 907 706 non
930 642 986 708 tuit

30 731 236 812 promulgatum
253 733 353 812 (4369,
368 730 474 810 turo).

61 823 143 882 aaa.
166 820 197 882 Si
211 820 301 882 ambo
323 820 469 898 conjuges
484 836 546 880 non
563 823 694 881 renuant
713 837 747 882 se
765 820 869 884 sistere
882 839 984 884 coram

31 908 159 985 pamcho,
182 927 285 970 coram
299 927 337 970 eo
357 907 580 970 revatidandum
595 907 653 970 erit
674 907 918 990 matrimonium,
938 911 985 973 vel

32 997 134 1074 pantica
147 997 193 1059 vel
212 997 344 1074 occulte,
364 1003 453 1078 prout
466 995 587 1058 anilitas
600 997 783 1060 matrimonii
801 998 922 1080 pubtica
936 1006 986 1063 aut

30 1085 131 1148 occuito
145 1086 258 1149 fuerit:
278 1085 353 1148 iliud
370 1092 487 1148 constat
508 1103 545 1147 ea
568 1085 765 1149 Instructione
784 1086 904 1150 Cardia.
929 1088 988 1150 Ga-

31 1192 122 1251 prara,
137 1179 176 1238 22
200 1175 271 1238 maii
295 1177 393 1252 1803,
412 1193 481 1256 quae
497 1173 555 1256 tegi
570 1179 668 1255 potest
680 1173 712 1237 in
725 1175 888 1257 'theologia
901 1176 987 1238 Tolo-

29 1266 104 1340 sant,
119 1263 150 1326 in
165 1267 228 1346 qud
241 1263 369 1328 dicitur:
384 1285 400 1322 a
416 1267 486 1326 ...6⁰
496 1263 526 1326 Si
543 1263 661 1326 nutiitas
674 1265 858 1328 matrimonii
871 1265 987 1329 occulta

29 1371 40 1407 a
60 1353 111 1430 sit,
136 1371 193 1417 seu
215 1353 418 1416 communiter
440 1352 613 1434 ignoretur,
637 1353 863 1416 matrimonium
885 1373 988 1417 coram

29 1461 41 1496 r
60 1442 175 1524 proprio
189 1441 341 1524 parocho,
357 1439 497 1504 adhibitis
506 1441 611 1504 saltem
625 1439 745 1505 duobus
758 1443 885 1506 testibus
897 1443 989 1506 confi·

29 1551 42 1585 r
60 1529 218 1608 dentibus,
241 1531 374 1607 secreto,
390 1529 428 1592 ad
446 1529 565 1592 vitanda
578 1530 731 1604 scandata,
747 1531 987 1596 contrahendum

29 1639 40 1676 a
60 1625 116 1696 est,
141 1620 283 1682 adnotata
302 1617 413 1682 deiude
427 1619 572 1700 particula
589 1619 620 1680 in
635 1627 818 1682 secretorum
834 1623 988 1684 matrimo-

28 1729 40 1764 u
62 1709 176 1772 nicrum
194 1708 286 1785 libm;
302 1713 333 1770 ’1ο
355 1709 380 1770 si
402 1707 522 1770 nutlitas
540 1709 722 1770 matrimonii
741 1709 862 1790 publica
880 1710 936 1788 sit,
950 1709 990 1772 ad

28 1819 40 1852 a
61 1797 234 1861 scandatum
248 1797 480 1868 removendum,
490 1797 715 1858 matrimonium
730 1797 860 1880 pubiicb,
876 1801 990 1860 servata

29 1909 40 1942 a
61 1887 152 1950 torma
167 1885 295 1949 Consilii
308 1885 442 1948 Trident.
459 1883 674 1947 celebrandum
692 1893 747 1948 est.
763 1885 887 1958 Quodsi
905 1886 989 1949 Ordi-

31 1997 41 2030 n
62 1978 178 2055 narius,
202 1974 243 2038 ob
262 1973 427 2057 peculiares
440 1974 689 2052 circumstantias,
701 1973 877 2054 judicaverit
897 1994 987 2058 expc-

29 2085 40 2120 υ
60 2065 119 2128 dire
133 2073 167 2130 ut
181 2066 300 2127 seoretb
313 2079 413 2126 coram
424 2061 546 2147 proprio
556 2061 686 2144 parocho
696 2070 724 2125 et
733 2063 852 2127 duobus
865 2066 988 2129 testibus

30 2173 41 2208 r
61 2155 156 2234 potins
169 2153 356 2229 celebretur,
372 2154 486 2214 secreto
503 2150 646 2214 celebrari
670 2153 778 2232 poterit
788 2199 797 2231 ,
809 2153 987 2224 ¹dummodo

29 2264 40 2296 r
61 2250 157 2306 tamen
168 2241 325 2325 pubiicum
339 2239 514 2303 scandatum
524 2239 581 2302 atta
594 2239 709 2303 ratione
722 2244 868 2306 removeri
883 2243 986 2325 possit,

29 2349 41 2386 r
62 2339 88 2392 et
100 2331 330 2413 quaurprimirm
343 2337 540 2392 removeatur.
559 2351 574 2388 n

61 2424 146 2484 4435.
171 2421 204 2484 Si
219 2427 321 2483 autem
334 2437 473 2501 unapars
487 2418 531 2480 vot
546 2425 671 2502 utraque
685 2419 851 2482 consentiat
864 2418 987 2500 quidem

32 2510 208 2574 renovationi
224 2513 498 2572 consensbscoram
514 2508 642 2590 parocho
656 2515 685 2570 et
698 2508 832 2582 testibus,
848 2507 900 2568 sed
914 2507 989 2568 notit

29 2591 78 2661 boc
92 2617 236 2682 peragere
258 2599 290 2660 in
310 2597 456 2674 ecclesia,
478 2595 533 2677 ipsi
556 2595 681 2659 concedi
705 2601 855 2676 potestat
876 2593 907 2654 in
929 2593 989 2655 atio

28 2686 87 2748 ioca
99 2687 293 2752 contrahatur
308 2685 533 2748 matrimonium
546 2733 553 2756 ,
566 2683 656 2746 modb
668 2684 787 2746 tottatur
801 2680 987 2756 scandalum,

30 2772 50 2836 si
61 2775 282 2840 clandestinitas
295 2775 350 2838 fuit
365 2773 489 2836 notoria.
506 2775 550 2851 (P.
567 2773 667 2853 Gury,
683 2783 717 2832 nt
730 2772 816 2848 ert.)

62 2857 988 2940 4436&verbuuusrenuatcontraheracoramparocho‚tuno,

31 2947 118 3034 inquit
140 2953 230 3018 Card.
255 2953 382 3034 Caprara
396 2951 460 3032 (ih,
471 2957 504 3012 ut
517 2953 636 3031 supra):
656 2970 671 3007 a
686 2951 774 3011 ...10⁰
789 2947 819 3010 Si
834 2948 989 3012 renuentia

30 3060 42 3096 a
64 3041 175 3106 oriatur
189 3060 227 3104 ex
242 3039 408 3123 ignorantia
423 3039 469 3101 vel
483 3038 583 3118 aliquo
598 3055 714 3110 errore,
731 3043 834 3100 contra
848 3035 928 3119 leges
937 3044 989 3102 aut

30 3129 231 3193 »doctrinam
260 3129 399 3191 Ecclesia
424 3129 504 3189 circa
530 3125 742 3207 impedimenta
763 3126 989 3190 matrimonium

29 3237 42 3272 r
65 3218 227 3291 inritantia,
244 3235 375 3280 renuens
388 3215 486 3278 debita
503 3233 573 3277 cum
588 3215 742 3296 prudentia
756 3222 785 3278 et
799 3214 830 3276 in
847 3213 990 3277 charitate

29 3306 247 3382 rinstruatur3
276 3311 307 3368 et
332 3313 479 3386 quatenus
505 3303 604 3366 adhuc
630 3310 736 3367 renuat
763 3304 988 3366 matrimonium

28 3413 42 3451 r
63 3395 196 3458 suumin
209 3394 283 3459 faeie
297 3394 436 3457 ttcctestae
449 3392 647 3472 concordare,
660 3399 749 3454 tuno:

66 3504 81 3542 a
106 3487 158 3548 tit
172 3482 373 3568 Satageudum
389 3489 434 3545 est
454 3487 488 3543 ut
510 3480 669 3564 specialem
683 3484 905 3564 procuratorem
920 3494 990 3541 con·

29 3590 42 3628 i
65 3567 986 3654 stiterit,quieiusnomincmatrimoniumcontrsbatdemore;
