2416 3954
222 181 279 246 118
464 196 601 243 annuam
620 196 722 243 renus
741 197 823 244 runis
843 190 992 246 cauomcr.
1014 269 1017 276 Ι
1047 149 1102 250 “q

221 297 329 360 sufficit
345 303 378 358 ut
395 295 495 378 aliquo
516 293 646 375 eorporis
660 301 739 354 motu
757 311 790 356 se
803 301 958 356 convertat
979 294 1016 357 ad
1033 295 1171 358 stationem

220 387 347 462 (Decret.
370 387 409 446 30
423 391 498 464 sept.
517 385 613 458 1831,
628 386 665 444 86
687 381 763 444 febr.
782 385 891 460 1811);
908 384 1034 446 minime
1046 387 1114 447 rerd
1132 405 1172 444 m·
1193 409 1194 460 3

220 491 304 536 cesse
322 479 368 536 est
391 479 424 535 ut
444 471 547 534 fideles
567 471 673 534 sistant
695 473 790 554 prope
809 473 979 551 stationes,
1004 471 1071 536 lieet
1094 483 1171 536 essen
1193 479 1194 490 ¹

220 562 296 640 soli,
320 560 413 624 modo
442 561 547 634 versus
571 559 714 622 stationes
735 577 769 623 se
789 565 968 623 convertant
985 568 1016 624 et
1036 564 1055 625 1
1076 561 1136 626 loco
1151 581 1173 624 se

221 657 362 714 moueant
374 651 399 712 si
410 657 536 732 possunt
550 648 703 727 (Chretien
715 648 837 720 11111111,
856 647 945 727 itit,
961 669 992 732 p.
1009 643 1093 730 181).

259 743 349 802 tout.
373 739 511 802 Secunda
525 737 658 800 conditio
671 743 718 800 est
731 746 763 800 ut
774 739 934 801 meditetur
943 739 1048 802 Passio
1059 741 1173 805 Domini.

218 826 294 890 dum
315 829 446 911 prelatae
470 828 612 890 stationes
637 835 856 908 percurruntur
877 845 886 890 ι
906 825 1017 890 sufficit
1036 834 1132 892 tamen
1152 835 1176 890 ut

219 917 491 982 Passiomeditelur
500 919 531 979 in
543 934 666 998 genere,
680 923 710 978 et
723 915 846 998 quidem
858 917 943 997 Juxta
954 917 1176 998 uniuscujusque
1194 957 1195 990 2

220 1005 410 1084 facultatem
434 1025 490 1070 neo
514 1006 677 1088 requiritur
692 1012 726 1068 ut
743 1005 868 1068 seorsim
884 1005 1070 1070 meditentur
1089 1007 1177 1087 singu·
1194 1001 1195 1004 ’

220 1094 318 1158 larum
333 1095 495 1158 stationum
509 1095 663 1175 mysteria.
678 1094 851 1157 consulitur
869 1101 971 1158 autem
989 1103 1023 1158 ut
1045 1097 1134 1160 senrel
1145 1115 1180 1158 re

221 1185 350 1248 uitentur
363 1184 459 1247 Pater
478 1191 508 1247 et
531 1187 593 1247 Aue
615 1201 718 1246 coram
737 1187 921 1265 unaquoque
941 1201 1034 1248 cruce
1051 1183 1177 1262 (Itidem,

213 1291 242 1348 p.
257 1275 336 1348 181).
349 1268 559 1332 -Conlessio
572 1270 880 1336 verdetcommunio
892 1289 954 1332 non
967 1273 1175 1373 requiruntur.

211 1357 403 1438 interrogata
419 1375 496 1420 num
513 1360 655 1439 pluries'
648 1381 678 1424 ιιι
691 1365 753 1435 die„
770 1359 903 1441 repetito
918 1363 1081 1436 exercitio¹
1097 1361 1178 1424 lucri·

211 1447 278 1508 lieri
296 1449 414 1527 possint
445 1447 650 1530 indulgentias
675 1450 741 1516 vtae
770 1449 890 1524 Crucis,
912 1453 1078 1532 respondit
1108 1451 1191 1549 81.ἰ

209 1535 260 1598 dte
277 1535 313 1598 lo
328 1537 412 1616 Sept.
433 1535 532 1600 1881;
548 1561 563 1596 ι
580 1539 625 1604 Ex
640 1540 838 1607 documentis
853 1555 916 1600 non
934 1551 1083 1606 constare
1101 1565 1127 1602 ι.

248 1637 339 1698 tuoe.
363 1632 512 1697 Stationea
525 1632 589 1696 Vite
605 1631 708 1694 Crucis
718 1630 793 1712 erigi
784 1631 941 1731 possunt.
962 1645 1025 1690 non
1040 1627 1154 1691 solum
1149 1643 1174 1688 m

209 1725 342 1787 ecclesiis
356 1730 387 1786 et
399 1722 536 1786 oratoriis
550 1720 696 1804 publicis,
711 1723 764 1783 sed
784 1726 867 1782 extra
881 1719 971 1780 etiam
984 1718 1176 1780 oratoria
1128 1735 1176 1798 pr

210 1822 275 1876 vala
293 1814 325 1876 in
345 1812 490 1890 cameris,
505 1811 700 1888 caemeteriis,
724 1807 867 1886 collibus,
887 1812 971 1870 ele:
964 1805 1175 1888 ,multiplicari

210 1904 300 1966 etiarn
328 1909 454 1985 possunt
479 1897 772 1972 metuendum,
798 1897 850 1960 sed
877 1895 1005 1978 speciale
1030 1895 1176 1958 lndutlum

210 1994 242 2051 S.
268 1991 353 2053 Sedis
382 1990 545 2071 requiritur
572 2008 627 2071 pro
653 1987 741 2051 variis
768 1985 941 2066 huiusmodi
969 1984 1174 2048 erectionibus.

209 2077 492 2154 (ctretiene'cſtraire
509 2085 565 2139 etc.
572 2096 626 2158 ,p.
645 2081 714 2150 185,
728 2075 799 2138 edit.
812 2078 856 2156 1.)

248 2169 339 2227 tono.
363 2166 473 2228 Cruces
495 2171 567 2226 sunt
587 2165 755 2228 necessario
773 2163 1003 2242 benedicendae,
1027 2182 1095 2230 non
1115 2165 1175 2226 cert

209 2253 357 2334 imagines
370 2255 453 2334 (quar
467 2252 588 2316 aliunde
602 2273 664 2316 non
679 2263 750 2318 sunt
763 2252 1042 2335 indispensabilec):
1060 2257 1175 2317 Decreta

211 2345 248 2404 13
267 2342 364 2405 martii
382 2345 471 2420 1831,
500 2346 538 2405 88
562 2362 631 2422 aug.
655 2346 911 2407 wit—Cruces
930 2341 1043 2405 delient
1058 2344 1175 2406 omnino

209 2437 275 2496 esse
289 2431 396 2515 lignee
409 2433 475 2495 sine
488 2431 632 2494 crucifixo
646 2437 774 2512 (Decret.
791 2437 810 2495 8
822 2433 898 2512 junii
915 2435 991 2495 1838
1001 2479 1010 2508 ,
1022 2437 1055 2493 et
1068 2436 1105 2493 lt
1116 2433 1173 2512 jun.
1197 2427 1198 2444 ¹

211 2525 310 2600 1815).
328 2524 439 2586 Cruces
452 2539 540 2585 muro
553 2521 680 2604 depicta
694 2541 754 2586 non
765 2523 947 2586 sutlicerent.
963 2522 1115 2601 imagines
1125 2537 1174 2580 nm

157 2653 160 2658 -
208 2614 412 2694 exprimentes
430 2612 531 2676 solitas
552 2612 791 2675 circumstantias
814 2609 965 2675 Passionis
985 2609 1096 2672 Christi
1114 2610 1176 2689 reji-

208 2703 323 2767 ciendae
337 2709 408 2766 sunt
422 2703 549 2780 (Decret.
567 2705 605 2764 to
619 2701 694 2765 febr.
712 2703 812 2780 1839).

248 2797 338 2856 tout.
361 2792 487 2865 Quando
505 2791 561 2854 Via
583 2791 686 2854 Crucis
708 2790 829 2853 nulliter
846 2791 903 2854 luit
916 2795 1012 2854 erecta
1028 2807 1038 2851 t
1061 2789 1177 2851 «llum-

208 2901 224 2941 ιι
249 2883 340 2945 modo
355 2881 475 2945 nullitas
487 2899 549 2944 non
564 2879 650 2943 cadat
664 2899 754 2962 super
767 2899 874 2944 cruces
887 2889 974 2944 antea
987 2877 1172 2952 benedictas,
1197 2947 1198 2952 .

209 2991 224 3028 ιι
248 2971 375 3032 minime
395 2971 599 3033 necessarium
619 2976 664 3033 est
682 2970 773 3047 alias,
789 2969 924 3032 nullitate
937 2971 1058 3044 senatu,
1073 2968 1171 3030 iterun

209 3081 223 3117 ιι
248 3076 353 3121 cruces
379 3057 609 3122 benedicere.»
638 3059 737 3122 Decis.
765 3061 797 3122 S.
824 3057 1169 3142 congreg.1ndulg.u
1196 3099 1198 3112 .

207 3149 269 3229 jttn.
288 3149 376 3210 1838.

211 3319 334 3370 rsionem
353 3317 398 3369 SS.
419 3317 489 3372 or..
508 3317 566 3369 riu·
586 3319 651 3385 Papa
671 3318 1015 3382 interannuntiantem
1033 3317 1088 3387 jen.
1108 3313 1172 3374 ¹85³»

211 3409 222 3440 ι
240 3390 430 3441 conternent
444 3389 569 3454 (ntroin.
581 3389 712 3457 1111111.)
727 3391 794 3458 181.)

239 3459 266 3510 ln
279 3460 364 3510 eudem
375 3460 496 3542 Gpnpreg.
507 3461 556 3510 88
548 3473 601 3540 pan.
614 3461 684 3522 1858,
702 3460 812 3513 decisum
825 3461 872 3513 luit
888 3477 937 3514 non
950 3476 1023 3530 posse
1041 3454 1198 3514 notatim
1196 3499 1198 3556 p

208 3531 528 3596 interrumpirecitaticnam
536 3530 799 3594 terliepartisllosarii
802 3525 1198 3602 ‚utaequiranlrriudulgenfi

209 3600 352 3670 huiusmodi
362 3599 501 3655 nunnoni
511 3613 644 3652 mutasse.
659 3601 772 3658 0111111111
784 3603 917 3672 1111111..)
929 3603 983 3658 181.
