2452 3946
218 271 276 332 ivo
437 280 575 327 uimine
593 279 694 325 rorrus
714 279 795 326 sunta
815 277 964 325 canonum.

218 387 374 458 tutionem,
390 381 498 463 aliquis
515 380 677 443 confitetur
691 387 846 459 peceatum
861 378 988 440 oblitum
1004 397 1140 460 proquo
1154 387 1189 440 est

217 471 315 534 danda
328 471 476 534 absolutio
488 488 495 530 :
505 487 595 544 nam,
610 469 664 530 etsi
675 469 793 530 elicitus
807 467 894 529 tuerit
908 474 993 529 actus
1005 469 1190 530 contritionis

219 561 249 622 in
264 559 370 620 ordine
384 559 421 621 ad
437 551 568 638 priorem
582 557 815 630 absolutionem,
830 563 859 618 et
873 556 921 618 iiia
939 557 1080 618 contritio
1096 577 1190 618 mora·

219 647 286 710 liter
297 654 481 730 perseveret,
496 654 627 708 attamen
649 643 879 708 controvertitur
893 653 995 707 utrum
1010 643 1191 708 sufficienter

221 735 432 819 perseveratio
446 733 598 796 ordinead
614 733 777 796 secundam
789 733 1008 796 absolutionem
1017 751 1088 814 quae
1104 735 1192 796 nutia-

222 833 309 887 trous
322 824 419 887 suerat
432 824 544 885 intenta
556 841 654 902 pergo
668 823 698 882 in
714 821 796 903 praxi
816 821 898 902 quod
913 821 1006 884 tutius
1024 832 1068 884 est
1082 823 1192 884 iacien-

221 914 313 989 dum,
342 911 468 994 proinde
495 929 591 972 novus
616 917 701 980 actus
727 910 916 972 contritionis
943 919 989 972 est
1011 911 1105 974 etiam
1128 920 1193 974 tuno

223 999 398 1065 eliciendus.
412 999 487 1061 Vide
497 1001 528 1060 S.
539 1001 673 1079 Liguor.,
688 998 740 1060 lib.
757 1002 789 1078 6,
806 999 846 1060 n¹¹
860 1004 930 1075 atr,
946 1001 1015 1061 tta.

263 1093 352 1152 3792.
365 1089 601 1152 controvertitur
610 1089 721 1168 pariter
731 1105 770 1150 an
780 1088 817 1151 ad
828 1087 1007 1149 validitatem
1018 1091 1194 1150 sacramenti

223 1179 408 1261 poenitentiae
422 1178 592 1258 requiratur
602 1185 635 1238 ut
646 1179 831 1258 propositum
844 1195 903 1238 non
914 1177 1045 1256 amplius
1056 1177 1195 1256 peccandi

224 1269 264 1329 sit
279 1267 470 1346 explicitum,
486 1285 525 1327 an
545 1267 615 1326 vero
637 1265 763 1327 sufficiat
786 1267 971 1348 propositum
995 1265 1123 1326 virtuate
1143 1267 1196 1327 siva

225 1355 404 1434 implicitum
417 1400 425 1428 ‚
436 1357 524 1434 quate
535 1353 736 1416 includiturin
750 1373 820 1414 vvro
834 1354 952 1427 doiorc;
969 1355 1059 1434 porro
1072 1355 1102 1414 in
1119 1355 1196 1435 praxi

228 1443 379 1523 sequenda
394 1451 447 1509 est.
465 1452 498 1505 ut
511 1445 613 1516 tutior,
628 1443 775 1504 sententia
789 1461 857 1524 quae
871 1443 991 1522 requirit
1009 1450 1041 1504 ut
1056 1443 1117 1504 tale
1134 1463 1198 1524 pro·

229 1535 358 1614 positum
372 1533 409 1594 sit
422 1531 547 1595 formale
560 1540 590 1594 et
609 1531 795 1608 explicitum.
813 1529 886 1594 Vide
900 1533 932 1594 S.
948 1531 1086 1613 Lignum,
1101 1531 1158 1594 tin.
1172 1535 1197 1604 6,

254 1625 341 1682 ⁸diiii.

230 1641 250 1702 p
271 1715 359 1772 3793.
375 1709 555 1790 Huiusmodi
579 1711 766 1792 propositum
780 1715 841 1771 tres
862 1707 973 1772 habere
987 1707 1077 1771 debet
1097 1710 1199 1773 condi·

231 1799 340 1876 tiones‚
356 1819 465 1881 nerripe
479 1799 568 1860 debet
579 1817 644 1860 esse
658 1799 788 1874 firmum,
803 1799 966 1860 universate
980 1808 1008 1860 et
1020 1800 1136 1878 efficax.

273 1895 303 1948 i⁰
317 1889 410 1950 Debet
423 1907 488 1949 esse
501 1889 637 1967 straturum·
650 1907 710 1948 non
725 1895 824 1948 tumen
840 1886 1002 1966 requiritur
1016 1893 1049 1948 ut
1063 1889 1202 1950 credatur

233 1978 350 2039 nulium
365 1979 513 2057 relapsum
526 1977 587 2036 fore
602 1985 797 2047 secuturum;
813 1974 865 2035 sed
880 1976 951 2036 satis
960 1983 1004 2037 rst
1018 1985 1092 2038 tunc
1101 1978 1202 2038 adesa

234 2065 341 2128 seriam
367 2065 550 2126 voluntatem
572 2081 633 2124 non
654 2063 824 2126 reiuitendi:
850 2081 920 2124 nam
942 2064 1019 2127 nene
1040 2067 1203 2146 consistere

234 2161 332 2234 potest
344 2153 481 2214 voluntas
502 2152 695 2233 resipiscendi
716 2171 787 2216 cum
806 2153 914 2215 durare
932 2153 1033 2235 tapsus
1046 2173 1085 2218 ex
1106 2164 1203 2219 muta·

234 2242 316 2303 tione
330 2241 498 2304 voluntatis.

275 2335 364 2392 avua.
383 2335 428 2390 An
443 2333 513 2393 vero
528 2331 649 2393 tirmum
664 2331 849 2414 propositum
857 2329 1040 2411 iudicandus
1049 2333 1088 2394 sit
1096 2331 1207 2396 babere

237 2421 288 2502 qui
303 2421 422 2482 assserit
437 2419 515 2482 nolle
529 2420 658 2502 amplius
672 2421 783 2498 retabi,
797 2421 849 2483 sed
863 2424 944 2483 certd
958 2422 1053 2484 credit
1066 2442 1100 2484 se
1111 2427 1207 2506 reiap

238 2509 407 2572 surum‘i-
420 2511 481 2571 Etsi
493 2511 594 2590 plures
610 2510 774 2584 affirment,
790 2511 915 2571 omnino
934 2512 1123 2592 sequendam
1144 2533 1208 2574 esse

237 2599 596 2679 oppositamscntentiam
610 2599 757 2661 existimat
782 2600 814 2660 S.
839 2599 1021 2681 Liguorius:
1045 2603 1119 2682 quia
1142 2603 1209 2663 tatis

239 2687 385 2768 poenitens
406 2697 518 2750 cenam
540 2687 743 2768 suspicionem
767 2687 881 2768 prabet
906 2691 1095 2770 propositum
1119 2709 1209 2752 suum

239 2797 299 2838 uon
319 2779 389 2840 satis
406 2795 472 2840 esse
490 2777 636 2849 firmum,
652 2778 722 2838 cunr
746 2776 931 2856 impossibile
950 2777 1003 2846 sit,
1023 2787 1058 2841 ut
1079 2781 1147 2862 quis
1164 2781 1212 2841 tir·

239 2867 326 2928 miter
340 2873 488 2947 proponat
509 2883 541 2928 se
560 2864 739 2941 emendare,
753 2873 783 2926 et
796 2865 894 2927 sciens
912 2867 1007 2928 Deum
1027 2871 1111 2932 certd
1124 2869 1211 2948 adiu·

241 2973 308 3016 vare
325 2953 481 3016 facientem
496 2957 644 3034 quantum
665 2954 697 3016 in
716 2972 747 3016 se
762 2962 823 3031 est,
838 2963 939 3016 tamen
954 2960 1036 3020 certd
1056 2959 1159 3020 credat
1180 2977 1211 3020 se

239 3043 276 3105 ad
290 3061 345 3104 sua
355 3051 474 3122 peccata
487 3043 672 3118 rediturum;
688 3043 769 3104 unde
782 3045 849 3105 tatis
863 3045 1032 3126 poenitens,
1047 3063 1212 3128 antequam

239 3131 419 3205 atvsotvatnr,
429 3131 547 3210 disponi
558 3131 647 3194 debet
661 3139 693 3194 ut
703 3139 816 3212 speret,
834 3153 895 3194 non
905 3153 957 3214 per
970 3136 1049 3198 vires
1064 3139 1210 3220 pmprias.

240 3219 292 3280 sed
308 3237 360 3299 per
374 3219 425 3280 Dei
439 3221 582 3281 auritium
597 3224 614 3282 d
633 3223 762 3303 peccatis
776 3222 934 3286 liberatum
952 3223 1000 3285 iri.
1015 3227 1106 3304 (Vide
1121 3229 1152 3289 S.
1168 3229 1201 3286 Li

239 3326 342 3387 apuov..
359 3305 409 3368 tib.
425 3315 455 3385 6,
474 3321 505 3368 n⁰
519 3312 605 3386 tat.)

280 3401 368 3459 3795.
385 3403 415 3459 ἓ·
430 3399 519 3460 [toliet
534 3418 600 3461 esse
613 3399 775 3463 uniuersale
789 3423 801 3463 .·
813 3403 895 3466 unde
914 3401 969 3466 etsi
984 3406 1114 3470 sufficiat
1131 3425 1169 3488 qu

241 3483 325 3546 dolor
345 3487 522 3550 extendatur
544 3489 642 3550 sotium
662 3491 700 3551 ad
724 3502 844 3572 peccata
868 3497 1003 3556 mortalia
1029 3333 1214 3596 ccmuussaiti

242 3576 428 3654 propositum
443 3587 543 3638 tamen
563 3597 624 3640 non
638 3581 768 3661 amplius
782 3584 938 3664 peccandi,
957 3587 1091 3650 debctse
1110 3599 1200 3650 exten

242 3659 313 3721 derv
326 3663 363 3720 an
377 3668 480 3728 munia
493 3674 615 3740 promta
628 3667 734 3730 utum
747 3669 947 3736 morutium
956 3667 1132 3740 communio
1144 3597 1214 3732 mi
