2416 3954
193 183 253 249 350
414 191 550 240 umarus
568 186 770 236 corrasimus
790 184 936 232 namma.

193 303 279 361 cante
293 300 322 358 et
334 291 388 354 Dei
402 289 532 352 amicitia
549 287 672 369 spoliet,
693 283 776 366 quod
798 301 859 344 non
877 281 1024 363 contingit
1036 279 1143 363 quanda

194 393 350 470 peccatam
363 387 407 444 est
419 377 544 441 veniale.
562 375 668 454 (aad,
682 393 756 436 sess.
771 377 822 449 at,
833 391 861 436 o.
877 375 920 447 5.)

233 477 322 536 4523.
336 505 375 516 -
389 474 420 530 2⁰
434 470 469 530 In
481 465 694 546 iustificatione
705 460 869 545 peccatoris
879 460 996 522 deletur
1008 460 1078 522 sant
1090 478 1144 540 pec

194 569 295 626 catum
322 555 422 641 quoad
443 556 594 618 maculam
617 571 670 615 seu
693 551 830 633 culpam,
853 549 1014 612 remittitur
1038 548 1144 610 insimul

195 669 285 736 panna
303 655 415 712 aeterna
437 650 560 726 peccato
580 641 696 705 mortali
722 639 842 716 debita,
865 637 915 700 sed
941 655 1002 699 non
1027 655 1146 718 semper,

195 741 300 802 saltem
321 744 405 800 extra
428 731 572 815 Baptismi
602 729 824 810 suceptionem,
850 725 1040 789 condonatur
1065 726 1148 788 arania

196 829 322 892 arnnino
335 841 424 906 poena
439 869 448 900 ,
462 820 515 884 sed
535 838 623 901 poena
642 827 754 880 aeterna
774 821 977 878 commutatur
998 815 1030 876 in
1043 831 1147 898 panau

197 914 410 998 temporalem,
433 911 479 973 vel
501 910 531 971 in
553 907 610 970 hac
632 908 690 970 ritd
712 905 758 968 vel
781 905 812 966 in
835 903 928 966 altera
949 903 1147 966 subeundam:

202 1029 216 1064 a
237 1002 387 1086 Impunita
400 999 644 1078 (enimlpeccata,
660 995 700 1056 ait
713 995 744 1056 S.
762 995 889 1073 August.
903 994 1014 1072 (enarr.
1031 993 1061 1054 ia
1078 989 1149 1054 Psel-

198 1117 213 1154 n
238 1114 316 1154 main
330 1096 385 1165 50,
403 1097 436 1150 n⁰
451 1091 517 1163 tt),
533 1085 622 1148 etiam
635 1101 739 1146 aarum
754 1081 865 1164 quibus
879 1081 1011 1162 ignoscis
1025 1100 1085 1144 non
1098 1080 1151 1142 reli·

199 1205 213 1242 r
239 1180 367 1263 quisti.»
381 1176 455 1239 Vide
464 1175 554 1238 etiam
563 1173 694 1236 Trident.
706 1173 789 1247 (sess.
801 1174 830 1241 6,
842 1188 911 1233 can.
923 1173 964 1233 30
970 1190 979 1247 ;
992 1177 1023 1232 et
1031 1189 1101 1234 sess.
1112 1173 1150 1248 lt,

199 1289 233 1333 ca
259 1273 323 1346 .8l.

236 1291 430 1418 1isti-3·
449 1355 546 1426 Huius
567 1357 668 1414 autam
692 1368 789 1433 pounae
814 1347 989 1431 temporalis
1010 1349 1151 1426 remissio,

199 1443 296 1506 deleto
305 1441 600 1524 peccato,obtinetur
610 1441 640 1502 in
650 1440 788 1518 htcritd,
800 1439 888 1502 variis
901 1439 1000 1501 enodis
1011 1459 1018 1500 :
1031 1441 1061 1502 4ο
1070 1439 1153 1501 medio

199 1531 442 1613 paenitentiarum
454 1547 531 1608 quas
545 1529 752 1610 unusquisque
767 1534 874 1610 sponte
887 1527 943 1590 sibi
958 1529 1105 1610 imponit,
1118 1527 1151 1588 rei

199 1639 267 1701 quae
294 1618 350 1700 ipsi
376 1619 394 1680 a
420 1618 602 1680 contessorio
629 1617 661 1679 in
683 1635 768 1680 sacro
787 1617 929 1679 tribunali
953 1617 1150 1698 imponuntur;

202 1711 232 1768 t·
253 1707 407 1770 tolerantia
430 1707 661 1783 intirmrtatum,
687 1704 876 1768 miseriarum
903 1723 938 1768 ac
964 1707 1152 1768 calamitatum

200 1796 265 1858 vitae
279 1796 452 1880 presentis.
469 1795 613 1875 patimtar
626 1805 653 1857 et
675 1811 745 1857 curu
760 1793 865 1856 humili
879 1793 1082 1875 resignatione
1099 1813 1150 1856 sua-

202 1889 368 1961 tentarum3
394 1887 426 1948 3·
450 1885 537 1945 troius
562 1883 703 1964 operibus
726 1881 757 1942 in
780 1888 857 1944 statu
880 1883 982 1962 gratiae
1006 1884 1149 1965 peractis:

200 1974 303 2035 omnia
322 1974 404 2034 enim
418 1991 509 2055 opera
524 1972 592 2054 pia,
613 1974 642 2032 in
661 1977 737 2032 statu
754 1971 855 2053 gratiae
870 1969 964 2048 facta,
988 1990 1051 2034 non
1070 1973 1152 2035 soliar

200 2069 271 2124 sunt
284 2061 435 2123 meritoria
449 2061 514 2123 rita
528 2069 658 2138 aeternae,
674 2058 725 2121 scd
742 2059 875 2142 insuper,
890 2067 925 2123 ut
937 2063 1152 2142 supradiximus

202 2150 314 2230 (4504),
331 2157 401 2210 sunt
414 2147 627 2213 satisfactoria.
647 2158 796 2228 quatenus
810 2165 919 2230 nempe
933 2159 1005 2212 suut
1019 2152 1149 2234 poenalia

201 2243 233 2299 4ο
246 2237 316 2319 quia
329 2255 408 2318 saepe
421 2236 537 2298 diversa
552 2236 599 2298 illa
615 2235 711 2298 inedia
727 2255 788 2298 uon
801 2237 951 2300 sussiciunt
965 2239 1004 2300 ad
1017 2241 1151 2302 omnima-

200 2325 270 2388 dam
284 2325 464 2388 deletionem
478 2343 574 2407 puna·
588 2325 758 2406 tenrporalis
773 2325 899 2407 peccatis
908 2326 1033 2406 debitae,
1050 2339 1151 2410 propter

202 2413 322 2477 illorum
335 2421 525 2494 peccatorum
542 2413 763 2475 nuumuarnnn
776 2421 827 2476 aut
840 2417 1067 2493 enonuilatem,
1083 2435 1152 2498 supe

201 2510 260 2565 rest
273 2509 307 2566 ut
319 2503 495 2566 adhibeatur
507 2511 631 2580 quartas
647 2502 753 2564 raudus
765 2501 875 2564 dictam
894 2521 1016 2572 noerram
1031 2507 1151 2582 delendi,

202 2610 311 2673 nempe
323 2610 395 2655 usus
408 2591 677 2655 indularrrtiarum.

240 2683 331 2744 4525.
354 2681 481 2744 Nomine
502 2680 593 2761 igitur
617 2679 872 2760 lirdulpeatiaram
894 2681 1090 2764 intelligitur:
1113 2684 1155 2747 a

201 2770 300 2830 mr'ssio
310 2789 404 2852 poenoe
413 2768 591 2849 terupaudis.
601 2768 863 2850 quapostculpam
871 2778 899 2831 et
906 2791 1021 2851 partam
1031 2783 1155 2836 manau

201 2857 387 2919 condonatam
410 2857 514 2919 lucullo
538 2867 679 2940 superest,
703 2857 722 2918 ἀ
743 2857 1062 2942 legitimoSuperiore,
1084 2872 1155 2924 eam

201 2955 409 3006 sacramentum
435 2965 581 3020 concessa,
609 2965 663 3029 per
689 2946 912 3029 applicationem
937 2951 1155 3032 satisfactiones

203 3029 228 3094 C
228 3032 319 3092 tristi
331 3040 360 3093 et
373 3033 549 3095 Sanctorum
561 3055 571 3094 :
584 3035 625 3097 ita
637 3033 848 3111 conmuniter,
861 3035 963 3100 saltem
978 3041 1078 3121 quoad
1093 3059 1153 3102 rem.

241 3120 329 3184 Dicit.
349 3125 380 3182 4ο
402 3121 542 3183 [lamissio
555 3141 650 3204 poena
664 3123 831 3206 temporalis
843 3142 856 3187 .·
878 3145 947 3188 nam
961 3127 1154 3212 indulgentia,

202 3226 259 3271 nec
281 3215 437 3288 peccatum
459 3229 516 3272 nec
534 3229 656 3292 poenam
678 3221 822 3275 aeternam
843 3215 982 3294 remittit,
1006 3235 1063 3281 nec
1082 3221 1155 3281 etiarn

203 3296 327 3376 gratiam
342 3295 489 3358 infundit:
506 3297 586 3360 unde
601 3301 730 3363 multum
743 3301 841 3365 differt
854 3305 870 3365 a
884 3309 1089 3370 sacramentis.

242 3387 331 3443 4556.
348 3384 461 3446 Dicitur
469 3387 500 3446 2⁰
517 3387 586 3461 (lua
594 3387 697 3450 luenda
704 3399 851 3472 superest:
859 3395 979 3475 proprie
987 3393 1154 3458 enimindnl·

203 3471 302 3552 gentio
316 3471 437 3533 remittit
446 3491 654 3555 poenamquae,
666 3487 789 3558 peceato
798 3485 935 3562 remisso,
951 3483 1062 3549 luenda
1070 3501 1154 3549 comm

204 3561 266 3618 lieo
280 3565 432 3638 superest,
448 3578 505 3622 nec
520 3568 636 3624 tantum
650 3585 772 3646 poeuam
786 3571 824 3632 ab
834 3571 966 3635 Ecclesia
980 3574 1152 3656 impositam,
