2482 3944
387 173 490 226 'erasa
511 181 669 230 secuunus.
987 169 1026 232 33

61 279 125 342 tiam
147 278 320 342 incidissent
333 281 460 345 omnino
481 281 716 362 impoenitentes.
739 285 813 344 Item
840 283 1027 348 Eucharistia

61 387 115 430 non
129 377 173 430 est
186 368 379 430 concedenda
394 369 568 431 amentibus
581 380 665 432 extra
679 371 784 433 mortis
798 371 977 452 periculum.

95 459 229 519 34313-
240 461 271 517 2⁰
284 456 390 528 Quoad
404 457 605 532 semi-iatum,
621 460 798 522 communio
811 459 855 522 eis
869 469 912 522 eat
926 461 1025 524 danda

61 546 87 606 in
99 545 223 608 articulo
238 547 343 608 mortis
365 553 395 608 et
415 554 553 627 tempore
569 549 709 630 praecepti
726 547 890 629 paschalis,
906 567 1025 630 semper

60 653 90 695 ac
102 637 199 696 sciunt
212 633 295 696 hunc
307 634 460 696 coelestem
472 635 575 696 cibum
589 636 628 696 ab
641 637 707 698 aiiis
719 637 902 700 discernere.

94 727 260 785 :tibh—3·
274 723 379 795 Quoad
394 723 501 786 surdos
515 731 544 784 et
554 731 665 796 mutos,
680 724 811 789 diximus
824 727 1028 807 supraffltdti-

61 815 151 890 izi-itt).
172 815 327 886 avariam,
345 813 444 894 inquit
459 813 490 874 S.
506 813 628 894 Lignor.
645 813 710 890 (it,
726 817 809 892 303),
824 815 1028 878 mutis-surdis

61 923 73 957 ι
94 899 223 963 etsimul
243 901 362 963 coecisb
385 901 556 980 nativitate,
575 903 700 966 omnind
721 903 859 986 neganda
879 910 926 966 est
942 921 1027 966 com·

61 1011 75 1046 a
94 1007 206 1052 munio.
229 1011 245 1047 a

94 1079 179 1140 3432.
195 1109 237 1124 --
249 1082 283 1138 t·
299 1078 405 1151 Quoad
419 1078 557 1142 obsessos
570 1085 601 1142 et
621 1081 811 1162 epilepticos,
826 1081 964 1162 neganda
983 1088 1027 1146 eat

62 1167 126 1244 ipsis
144 1167 322 1228 communio
340 1167 371 1228 in
387 1168 578 1248 paroxismo,
599 1176 631 1230 et
654 1169 776 1250 quando
799 1188 861 1230 non
887 1177 957 1232 sunt
980 1175 1026 1234 sui

63 1262 225 1334 compotes3
240 1255 314 1316 abas
327 1256 372 1318 eis
381 1255 443 1317 dari
456 1263 553 1336 potest
565 1256 655 1318 etiam
666 1257 778 1338 pluries
794 1258 824 1318 in
835 1277 927 1333 anno,
940 1259 1027 1338 juxta

64 1342 242 1421 prudentiam
255 1342 445 1418 confessarii,
457 1346 527 1406 ciam
541 1344 726 1408 Eucharistiae
737 1346 775 1408 sit
789 1347 917 1427 speciale
933 1365 1027 1410 reme

66 1427 140 1491 diurn
152 1429 189 1492 ad
202 1431 358 1494 daemones
372 1432 568 1494 arcendosv.
586 1435 617 1496 S.
633 1435 755 1515 Lignor.
772 1433 834 1514 (tib.
849 1439 881 1514 6,
895 1445 928 1498 n·
942 1439 1023 1515 303).

446 1613 600 1673 PUNGTUtt
620 1617 654 1676 11.

90 1752 124 1796 na
142 1753 243 1800 amaa
264 1751 509 1798 msrosrrrouraus
528 1752 568 1796 au
589 1751 810 1800 aucuaarsruu
831 1753 1004 1805 auoursrrrs.

102 1881 182 1942 3333.
201 1879 361 1960 Praecipua
381 1878 537 1960 dispositio
557 1878 701 1957 requisita
719 1877 751 1938 in
766 1877 948 1957 suscipiente
966 1880 1028 1942 iiu-

68 1968 222 2030 charistiam
236 1976 284 2030 est
296 1974 390 2029 status
410 1967 513 2048 gratiae
529 1985 536 2026 :
553 1965 577 2026 si
598 1973 698 2026 autem
714 1965 782 2047 quis
801 1972 880 2026 esset
900 1966 931 2028 in
950 1973 1027 2032 statu

70 2057 165 2134 uocati
188 2047 343 2127 mortalis.
364 2073 425 2117 nnn
447 2057 473 2116 ei
495 2053 647 2117 sufficeret
668 2053 777 2116 eiicere
799 2057 899 2116 actum
914 2057 1026 2118 contri-

70 2143 142 2206 tionis
152 2145 290 2227 perfecte
300 2192 309 2215 ‚
321 2145 373 2207 sed
387 2151 540 2206 teneretur
554 2143 611 2206 sub
625 2143 740 2206 mortali
754 2150 874 2226 peccata
889 2163 942 2206 sua
957 2164 1027 2207 con-

68 2231 131 2294 uteri
143 2241 211 2296 aute
225 2234 430 2318 sumptionem
445 2231 833 2312 huiuscoeiestisaiimonii,
848 2232 908 2293 nisi
920 2233 1027 2296 deesset

66 2323 259 2400 antifonarius,
277 2329 305 2383 et
320 2329 398 2384 esset
413 2321 574 2383 necessitas
593 2321 764 2382 celebrandi
786 2325 841 2383 aut
859 2323 1025 2386 continuni·

66 2411 159 2482 candi;
182 2413 222 2474 ita
244 2411 326 2474 enim
350 2409 473 2471 sancivit
496 2409 669 2471 'rnidentina
693 2409 833 2492 Syntdus
862 2413 949 2487 (sess.
976 2415 1019 2485 t3.

66 2516 122 2578 cap.
137 2505 177 2577 tt:
192 2523 207 2558 n
222 2499 453 2562 communicare
467 2499 577 2560 volenti
592 2499 794 2560 revocandum
809 2499 899 2560 estin
915 2517 1025 2562 memo·

66 2607 79 2642 ι
99 2587 434 2670 n'amejuspraeceptum
444 2606 451 2646 :
461 2586 699 2668 Prodctset'psum
714 2589 807 2648 domo.
820 2587 1027 2650 Ecclesiastico

66 2685 194 2739 nauum
215 2673 404 2740 consuetudo
426 2675 556 2737 declarat
578 2694 645 2737 eam
667 2675 877 2756 probationem
896 2695 1028 2738 necessa-

66 2783 78 2816 n
100 2765 169 2826 riam
191 2783 276 2840 esse,
305 2771 338 2825 ut
365 2763 468 2826 nutius
492 2763 548 2826 sibi
575 2765 716 2824 conscius
740 2761 874 2821 mortalis
901 2765 1026 2841 peccati,

67 2855 286 2932 »quantumvis
308 2853 364 2916 sibi
378 2853 532 2914 ‚contritus
555 2851 713 2926 videatur,
735 2847 850 2929 absque
873 2852 1029 2930 praemissa

66 2959 78 2994 a
97 2942 300 3004 sacramentali
315 2940 519 3017 munitissime,
536 2939 573 3002 ad
584 2956 700 3001 sacram
710 2936 928 3000 Eucharistiam
943 2955 1028 2998 acce·

66 3049 77 3084 a
98 3029 163 3092 dete
185 3029 311 3092 debeat:
327 3028 440 3109 quoda
460 3027 631 3090 christianis
644 3027 806 3100 omnibus,
823 3025 913 3088 etiam
936 3026 973 3088 ab
987 3027 1029 3089 eis

66 3139 76 3171 r
98 3117 298 3181 sacerdotibus
313 3117 421 3198 quibus
435 3135 471 3178 ex
487 3114 585 3178 edicio
600 3117 771 3178 incubuerit
784 3115 949 3190 celebrare,
965 3114 1029 3180 haec

66 3209 202 3269 »Sancta
228 3206 370 3287 synodus
400 3205 546 3287 perpetud
575 3205 755 3268 servandum
783 3223 849 3266 esse
873 3203 1026 3280 decrevit,

66 3315 79 3351 t
100 3297 185 3356 modi)
200 3314 260 3357 non
275 3295 352 3356 desit
366 3295 423 3356 iltis
436 3294 522 3375 copia
536 3293 736 3356 confessoris:
752 3293 885 3374 quodsi,
903 3297 1030 3358 necessi·

67 3405 79 3438 r
99 3391 153 3447 tate
169 3392 314 3466 urgente,
330 3383 469 3445 sacerdos
487 3381 600 3463 absque
620 3383 730 3464 praevia
743 3383 932 3446 confessione
947 3385 1028 3448 cele-

68 3491 79 3526 ι
101 3471 241 3547 irrauerit,
256 3473 483 3553 quarnprimirm
493 3473 682 3533 cantitentur.
698 3493 714 3530 a

99 3561 184 3622 uta.
201 3555 374 3633 subputatur
392 3569 432 3619 en
453 3557 510 3620 bot
528 3561 714 3638 araunium
736 3554 936 3630 eremitteret
956 3567 1029 3624 cunr·
