2474 3946
229 221 287 282 334
450 234 587 282 ussurus
607 229 708 281 nonius
729 233 810 278 suuis
831 226 971 278 carourcr

268 336 359 396 4336.
384 333 506 406 Ouoenit.
530 335 563 396 3·
586 335 632 394 dn
655 331 693 393 ad
711 326 930 393 incurrendum
953 324 1179 410 impedimentum

232 423 403 503 requiratur
418 429 524 484 mutua
537 418 723 503 promissio?

270 512 360 592 Hesp.
386 509 575 572 Probabiliirs
599 507 735 570 sufficere
757 504 994 588 promissionem
1021 507 1185 585 scorpiorum

232 599 297 662 sind
315 597 565 680 repromissione,
586 596 716 678 quiade
736 595 787 657 ille
809 592 1044 675 repromissione
1066 592 1140 655 nulla
1160 592 1185 652 iu

234 687 298 769 iure
313 685 347 749 ut
360 685 492 761 mentio,
507 685 561 750 sed
573 685 692 748 tantum
704 683 744 748 de
760 682 820 747 lide
832 682 913 745 dau.
928 714 968 728 -
982 681 1015 743 S.
1030 681 1186 763 lignarius,

235 775 362 851 ibidem,
380 781 413 836 n·
428 777 516 838 lull.

273 867 363 926 4337.
388 862 522 926 Praelatis
541 860 637 924 tribus
659 859 746 923 dictis
764 856 945 922 criminibus
965 853 1135 920 addendum
1154 861 1190 917 est

236 960 401 1034 quartum:
417 951 597 1013 adulterium
621 967 730 1030 nempe
744 965 815 1012 cum
836 945 1031 1008 matrimonio
1044 952 1189 1019 attentato,

236 1043 297 1102 sive
311 1040 419 1122 copula
432 1040 620 1120 praecesserit
633 1037 689 1099 boc
704 1033 943 1110 matrimonium,
958 1035 1020 1095 sive
1034 1032 1121 1096 luerit
1132 1032 1191 1094 sun

237 1137 348 1192 secula.
366 1132 407 1190 lla
420 1147 458 1189 ex
471 1146 537 1208 cap.
554 1126 745 1208 Sipnifieuuit
755 1129 774 1187 2
785 1144 794 1201 3
805 1141 873 1204 cap.
888 1121 1075 1184 Litterarum
1089 1127 1121 1198 4;
1135 1138 1191 1202 cap.

238 1217 312 1281 Cum
328 1216 433 1277 babeat
446 1218 484 1292 53
500 1221 530 1278 et
542 1233 609 1297 cap.
624 1214 663 1277 Si
675 1209 783 1296 quisti,
797 1209 832 1275 de
845 1229 878 1274 eo
890 1209 944 1293 qui
955 1208 1047 1273 ducit
1060 1209 1093 1272 la
1105 1209 1195 1290 nturi·

237 1323 378 1367 motuum.

269 1393 358 1454 4333.
379 1389 641 1472 impedimentum
666 1390 809 1452 criminis
830 1396 877 1450 est
899 1387 979 1468 juris
1006 1383 1194 1449 ecclesiastici

230 1481 349 1542 tantum
368 1497 375 1542 :
395 1481 517 1541 undein
532 1497 569 1542 eo
588 1479 724 1541 Ecclesia
740 1489 840 1560 potest
854 1477 1049 1558 dispensare.
1067 1477 1195 1537 Atlanteo

229 1585 266 1629 ox
279 1569 394 1630 Berred.
404 1566 622 1648 XlV(Coustit.
632 1568 828 1644 AEtcteuui),
837 1567 861 1626 si
870 1565 1119 1646 conjugicidium
1132 1571 1199 1625 esset

237 1651 412 1730 pubiicum,
428 1649 513 1711 nullo
527 1651 666 1730 exemplo
679 1655 796 1712 constat
809 1649 969 1711 Summum
985 1649 1162 1714 Pontificem
1170 1653 1196 1712 in

148 1768 155 1780 ·
238 1737 410 1816 hujusmodi
424 1737 627 1819 dispensasse;
644 1756 730 1800 secus
742 1737 780 1799 de
794 1754 865 1800 casu
880 1736 972 1798 solius
985 1735 1134 1801 adulterii.

13 1827 197 1871 ‘'¹⁸⁸‘-
276 1830 365 1889 4339.
388 1827 578 1890 contrahitur
598 1826 656 1889 hoc
678 1826 929 1908 impedimentum
951 1827 970 1886 d
992 1825 1095 1906 fideli,
1118 1829 1198 1890 etiam

238 1923 375 1996 respectu
397 1915 550 1978 infidelis:
568 1917 639 1996 quia
657 1915 726 1976 licet
744 1915 875 1976 Ecclesia
899 1931 960 1976 non
983 1916 1079 1996 possit
1102 1921 1199 1998 punire

239 2001 407 2080 infidelem,
429 2010 527 2084 potest
545 2011 647 2065 umen
667 2002 798 2066 fidelem.
822 2035 863 2049 -
881 2003 914 2066 S.
937 2001 1074 2084 Lignea,
1095 2004 1147 2067 lib.
1164 2010 1199 2080 6,

240 2093 274 2150 n⁰
290 2095 378 2152 lost.

277 2180 366 2240 4340.
390 2175 419 2239 Si
435 2177 615 2241 adulterium
629 2186 659 2241 et
671 2179 871 2244 homicidium
880 2199 950 2244 sues
962 2179 1118 2262 quodlibet
1126 2199 1202 2265 sepa·

237 2265 325 2328 ratim
348 2264 534 2329 conditiones
555 2268 684 2330 habeant
707 2277 740 2332 ut
760 2269 1001 2352 unumquodque
1022 2271 1062 2333 sit
1082 2272 1199 2353 impedi-

238 2362 375 2416 mentum
395 2353 557 2435 dirimens,
573 2356 631 2420 lsoc
644 2365 688 2420 est
706 2359 918 2440 explicandum
939 2360 970 2421 in
990 2359 1202 2442 supplicatione

238 2461 294 2524 pro
314 2441 536 2525 dispensatione
550 2445 730 2525 obtinenda,
750 2449 822 2528 quia
836 2447 948 2529 duplex
961 2454 1006 2509 est
1023 2457 1098 2512 tunc
1111 2449 1201 2533 impe

239 2529 418 2596 diruentem.
434 2567 474 2580 -
488 2533 524 2597 P.
540 2536 641 2617 Gury,
654 2543 729 2599 tom
745 2540 787 2614 E,
802 2543 835 2596 n⁰
849 2538 919 2599 628.

711 2717 754 2776 XV

451 2851 488 2898 fl!
511 2849 694 2896 tursomodo
716 2851 983 2899 curuossrtrtlrstls.

278 2993 367 3054 4341.
391 2993 455 3052 Hoc
483 2989 732 3071 impedimentum
757 2991 775 3052 t
797 2990 931 3054 Concilio
956 2989 1132 3055 Tridentino
1155 2991 1202 3055 iuil

128 3091 131 3097 ’
241 3079 409 3142 institutum
423 3077 470 3140 his
490 3078 586 3140 verbis
604 3082 688 3157 (sess.
703 3082 742 3141 et
755 3126 764 3157 ,
779 3097 846 3162 cap.
863 3083 892 3157 l)
915 3097 923 3140 τ
947 3081 1105 3143 «Tametsi
1119 3081 1202 3144 dubi·

240 3187 254 3224 l
278 3165 404 3229 undum
423 3185 484 3228 non
499 3173 544 3228 est
555 3166 740 3230 clandestina
757 3168 966 3247 matrimonia,
981 3168 1076 3231 libero
1089 3179 1202 3232 contra·

239 3276 254 3312 n
280 3253 418 3318 hentium
430 3271 579 3318 consensu
598 3254 688 3330 lacta,
704 3264 766 3318 ratu
786 3261 818 3318 et
830 3273 899 3318 vera
911 3273 977 3319 essa
996 3257 1201 3332 matrimonia,

238 3343 412 3422 »quandiu
440 3342 573 3404 Ecclesia
595 3361 632 3405 ea
658 3343 740 3405 irrita
773 3361 834 3406 non
862 3343 982 3423 lecit...,
1011 3345 1202 3408 nihilominus

239 3452 254 3490 s
281 3433 390 3492 Sancta
409 3429 627 3510 permolesta,
646 3451 683 3494 ex
695 3433 867 3511 iustissimis
886 3435 1003 3512 causis,
1025 3433 1075 3496 illa
1088 3449 1201 3517 semper

239 3540 254 3578 a
279 3517 422 3580 detestata
434 3523 479 3581 est
492 3523 583 3600 utque
597 3518 785 3600 prohibuit..;
799 3521 848 3586 cui
859 3522 937 3585 malo
947 3523 1057 3585 cum...
1072 3519 1200 3586 succurri

238 3629 254 3663 ι
281 3623 340 3668 non
357 3607 448 3688 possit
463 3605 518 3668 nisi
534 3605 683 3674 efficacilrs
696 3608 816 3690 aliquod
832 3609 997 3674 reuredium
1012 3609 1199 3684 adhibentem
