2498 3966
302 209 387 254 niusa
408 207 569 254 socuunua
591 224 631 238 -
652 199 847 254 srrnunrcns.
990 195 1045 256 807

213 309 217 320 ’
291 361 293 368 ·
416 343 613 406 arssuolx
636 344 726 409 xxv,

98 517 182 564 CIRCA
196 513 309 561 Ptunns
324 510 619 559 CONFRA'IERIII'I'A'I'IIS
634 511 765 558 UUSDE!
783 512 903 558 nomme
917 511 947 557 III
966 513 1047 559 nocis

336 593 441 639 victure
465 592 520 638 SEU
543 591 572 636 tu
601 592 701 636 uonntt
723 592 808 640 LOCO.

491 653 658 720 (nepus.)

36 795 38 798 ·
136 775 386 840 Prohibitionam
420 773 592 836 Clementis
627 773 695 834 VIII
710 779 742 836 at
754 772 859 854 legem
887 774 928 836 de
950 773 1044 835 unius

95 870 194 931 leucae
209 865 361 928 distantia
373 865 458 928 inter
470 863 748 926 confraternitates
756 863 896 942 ejusdem
909 865 1042 926 nominis

96 965 127 1020 et
150 955 298 1030 Instituit,
313 954 516 1033 atiquatenus
532 957 767 1032 temperaverat
782 953 812 1014 S.
828 953 862 1016 C.
877 953 1042 1035 Indulgen-

94 1044 257 1108 tiarumin
278 1041 486 1118 Lauden.‚d.
507 1041 542 1102 31
566 1041 708 1118 Januerii
736 1042 827 1116 1893,
851 1044 1042 1118 concedens,

95 1133 296 1215 approbante
325 1131 545 1205 Sanctissimo,
583 1135 620 1191 ut
658 1130 943 1193 Confraternitates
971 1133 1046 1210 erigi

93 1224 220 1301 possint
237 1221 298 1282 ein
308 1221 387 1283 looIs
398 1218 609 1295 distinctis,id
625 1219 715 1282 estin
735 1219 891 1283 distinctis
904 1221 1048 1284 dioeoasi-

94 1311 151 1373 bus
178 1311 230 1374 vel
253 1308 571 1372 communitatibus·
593 1326 600 1381 ;
623 1307 709 1384 dein,
743 1311 989 1388 per-decretum
1014 1312 1046 1372 in

95 1399 170 1463 Ord.
186 1398 332 1471 Prasia,
349 1398 381 1460 d.
394 1396 528 1459 timartii
543 1395 631 1471 1896,
647 1399 859 1476 approbatum
875 1417 893 1460 a
908 1397 1048 1464 Sanctis-

93 1491 173 1552 simo
189 1489 241 1551 die
255 1490 295 1550 20
309 1488 385 1549 maii
397 1486 570 1567 sequentis,
581 1485 654 1547 huic
664 1487 725 1566 legi
739 1506 797 1567 pro
808 1489 1048 1567 magniscivita·

70 1610 75 1618 ·
92 1579 183 1641 tibus
193 1576 508 1654 omninoderogavit.
525 1574 693 1654 Proposito
707 1576 793 1638 enim
807 1575 924 1641 dubio:

133 1691 148 1725 a
166 1669 219 1730 IV.
235 1669 283 1727 An
297 1665 330 1726 in
344 1664 469 1744 magnis
494 1663 680 1725 civitatibus
704 1682 776 1741 quaa
800 1683 899 1728 unam
922 1673 1047 1729 tantum

92 1756 294 1818 constituunt
317 1752 595 1828 Communitatem,
611 1750 718 1829 plures
743 1753 953 1818 nihilominus
968 1758 1048 1836 erigi

91 1845 221 1924 possint
245 1841 387 1921 ejusdem
417 1839 554 1902 nominis
584 1845 615 1900 et
636 1838 774 1902 instituti
803 1841 1047 1906 confraternita-

91 1939 140 1997 tes
153 1935 169 1995 i
180 1958 196 1990 a
212 1965 251 1979 -
265 1932 295 1994 S.
312 1931 349 1993 G.
366 1930 532 2010 respoudit
554 1944 563 1988 :

134 2047 149 2080 ι
172 2022 221 2084 Ad
236 2021 289 2082 IV.
316 2017 551 2099 Negativo,sed
573 2017 819 2096 supplicandum
842 2021 1047 2085 Sancussimo

90 2119 139 2189 ut,
169 2111 354 2188 derogando
383 2109 416 2170 iu
458 2109 518 2170 hae
545 2111 638 2186 parte
670 2107 897 2174 Constitutioni
939 2131 966 2174 s.
1003 2131 1045 2174 m.

90 2199 263 2265 Clementis
293 2199 360 2260 VIII
383 2216 453 2278 qua·
487 2195 599 2276 Incipit
632 2194 847 2282 Quacumque,
873 2200 1048 2263 Ordinariis

89 2291 231 2368 benigne
255 2288 395 2350 tribuere
409 2288 560 2368 dignetur
574 2285 762 2350 tenultatem
784 2289 972 2368 providendi
990 2310 1047 2371 pro

90 2396 205 2441 eorum
223 2376 355 2439 arbitrio
379 2381 411 2439 et
426 2377 595 2457 prudentia
614 2381 648 2440 in
665 2375 799 2455 singuiis
827 2379 966 2454 casibus,
983 2399 1047 2454 ser,

90 2474 168 2530 vata
185 2474 289 2528 tamen
318 2467 350 2526 in
379 2466 566 2544 hujusmodi
589 2465 805 2531 erectionibus
833 2469 1046 2545 convenienti,

91 2573 207 2620 eorum
219 2555 353 2636 judicio,
369 2553 534 2619 distantia.
553 2579 568 2612 a

407 2850 604 2912 APPENDIX
638 2851 741 2913 XXVI.

133 3019 219 3065 eluci
235 3020 429 3067 ratumne!
450 3019 599 3065 EPISCOI’IS
625 3021 796 3067 CONCESSAII
819 3025 1010 3073 Anrtctutttnt

215 3109 269 3156 SEU
292 3109 383 3156 E'IIAU
397 3109 589 3156 DISPENSANDI
604 3109 700 3155 SUPER
722 3111 797 3156 LEGE
815 3113 928 3160 tnturtu

435 3199 473 3243 sn
493 3197 705 3245 ABSTINENTIAE.

484 3309 531 3374 (tu
545 3323 571 3374 p.
588 3309 656 3377 ὅθί.)

131 3424 230 3487 Sacra
244 3424 456 3504 congregatio
470 3425 502 3488 S.
520 3425 559 3487 tt.
580 3433 612 3488 et
627 3429 664 3491 U.
685 3430 916 3511 inquisitionis,
940 3439 1044 3498 atten-

89 3513 403 3594 denscompluribua
419 3513 624 3593 petiti0nibus
641 3541 654 3575 a
670 3537 807 3598 quarum
825 3525 965 3586 omnium
980 3543 1044 3588 nan

88 3619 183 3664 meus
204 3609 284 3682 erat,
300 3601 502 3664 abstinentiae
521 3603 624 3682 Iegem
649 3611 772 3687 magnis
801 3612 834 3674 in
848 3613 1040 3692 populorum
