2434 3940
186 199 245 262 toti
408 213 542 261 arenulae
562 213 662 262 nonus
682 214 763 262 sonis
784 213 931 261 caream.

186 313 230 372 vet
251 318 284 374 ut
297 321 519 373 sacramentum
541 332 547 371 :
574 319 605 374 ut
628 317 819 387 contractus,
842 312 925 388 juxta
940 311 1144 374 catechismum

187 403 358 462 Rornanum
374 404 453 481 (pars
464 406 482 462 2
493 447 500 471 ,
511 419 578 482 cap.
596 403 630 475 8,
647 411 680 460 n⁰
694 401 739 478 5),
758 417 823 460 nex
838 399 993 461 comanuni
1009 399 1145 481 theologo

187 511 201 547 n
228 508 295 550 rum
311 490 458 550 sententio
472 487 615 550 definitur
631 509 638 548 :
655 489 718 550 viri
732 496 762 550 et
775 487 913 549 mulieris
926 489 1079 550 maritalis
1090 507 1146 549 een·

187 599 202 636 n
221 577 346 659 junctio,
360 578 439 637 inter
452 576 599 658 lepitimus
610 595 755 660 personas.
770 575 953 638 individuam
968 577 1148 641 vitoeeonsue·

187 689 202 724 a
228 665 357 728 tudinem
371 667 509 729 retinens.
526 688 541 726 o

149 847 151 850 ¹
228 772 266 834 Ut
287 771 359 832 vero
382 779 625 850 sacramentum,
646 777 693 834 est
711 770 787 834 idem
811 779 987 842 morrono,
1012 773 1065 836 sed
1084 773 1151 832 inter

188 857 362 921 christianos
384 863 497 922 tontum
519 861 610 922 initus
616 907 625 936 ‚
643 869 784 942 quotenus
803 859 865 940 suit
886 859 1042 923 dCdrt'ste
1055 869 1154 923 euectus
1199 829 1202 900 l

188 947 228 1008 ad
238 947 412 1028 dipnitatem
426 949 624 1020 Sacramenta}
640 949 680 1010 ad
696 948 919 1030 siqnifieondom
934 950 1068 1012 unionem
1083 969 1153 1011 suom
1202 955 1203 1014 l

189 1055 252 1096 eum
268 1037 411 1114 Io'eelesid
428 1047 457 1100 et
480 1039 682 1119 conterendam
704 1037 874 1119 eonjupibue
891 1037 1023 1119 pretinm
1036 1038 1095 1121 quai
1111 1037 1156 1120 pii
1203 1081 1204 1136 p

190 1125 331 1185 satiantur
358 1135 387 1188 et
408 1127 522 1207 prolem
545 1127 578 1188 in
602 1127 661 1210 fide
681 1127 845 1188 cdm'stiond
870 1127 968 1190 saneti
992 1128 1155 1189 instituent.
1203 1141 1204 1150 ¹

194 1213 522 1276 «Sacramentumhoo
533 1232 678 1294 magnum
689 1214 969 1296 est‚uitdpostolus
979 1215 1158 1299 (adllplresn
1204 1205 1205 1268 l

190 1323 205 1357 a
229 1319 257 1363 c.
274 1303 304 1378 5)
320 1321 327 1360 :
342 1320 399 1382 ego
413 1301 482 1364 dieo
496 1304 527 1364 in
539 1303 656 1365 Christo
671 1311 701 1366 et-
716 1303 858 1366 ecclesio.
874 1327 890 1364 a
1205 1329 1206 1380 r

229 1395 372 1459 Dicemus
383 1402 413 1459 l·
427 1397 465 1459 de
479 1399 694 1470 sponsalitium
709 1402 742 1460 2⁰
755 1399 793 1462 de
807 1401 981 1462 Bannorum
993 1401 1159 1478 proclama-

201 1493 283 1548 tione
296 1507 305 1560 ;
316 1489 395 1547 3⁰oe
408 1487 551 1547 naturast
565 1484 797 1563 proprietatibus
811 1487 995 1550 Matrimonii
1013 1494 1163 1562 quatenos
1206 1509 1207 1532 1

202 1581 245 1636 est
258 1581 445 1642 contractus:
458 1578 492 1635 t⁰
502 1571 541 1633 de
555 1572 745 1637 Matrimonia
761 1584 850 1654 prout
863 1585 907 1638 est
922 1577 1160 1641 Sacramentum.
1207 1578 1208 1632 t

201 1663 238 1724 do
256 1663 349 1742 ipsias
363 1662 489 1740 proinde
504 1663 644 1734 Materia,
665 1662 784 1738 ronna,
802 1665 956 1739 Ministro,
972 1673 1028 1725 ete.
1047 1681 1057 1739 3
1073 1665 1108 1724 5⁰
1129 1659 1163 1718 de
1208 1701 1209 1750 r

202 1751 424 1833 impedimentis
437 1751 617 1812 Matrimonii
634 1772 642 1825 ;
658 1754 690 1812 6ο
705 1752 743 1815 de
761 1753 943 1816 Matrimonii
963 1751 1038 1814 irriti
1057 1747 1162 1813 rerall·
1208 1751 1209 1756 ’

200 1843 328 1904 datione.
344 1839 523 1907 tondant
536 1859 621 1910 pron.
638 1841 687 1904 65.
704 1852 761 1904 eto.
782 1843 814 1900 et
828 1843 910 1924 App.
926 1845 979 1908 xl.
1209 1825 1210 1904 l

618 2003 701 2068 arr.
724 2001 747 2068 ι.
1210 1951 1211 2028 l

545 2167 583 2218 D}
602 2167 808 2216 sronsnotttom

687 2358 712 2422 1.

512 2517 591 2594 (laid
609 2517 671 2577 sint
692 2509 862 2596 Sponsalin.

236 2695 326 2758 398l.
350 2683 504 2769 sponsalia
519 2687 590 2744 sunt
600 2677 755 2762 promissio
770 2694 847 2746 vera,
863 2669 1036 2741 deliberato,
1055 2677 1175 2737 maora,

197 2787 279 2866 ripun
297 2775 430 2843 sensibili
445 2790 580 2854 expressa
591 2766 692 2852 loturi
709 2760 912 2836 Matrimonii,
938 2761 1017 2822 inter
1031 2773 1178 2841 personas

199 2871 308 2932 labiles
318 2877 346 2929 et
360 2863 579 2928 detemninatus.

239 2976 316 3034 Sunt
330 2974 361 3031 l⁰
381 2961 539 3028 Promisso
555 2983 564 3022 :
580 2957 708 3042 simplex
728 2955 808 3018 enim
828 2951 1015 3036 propositum
1037 2947 1183 3012 nubendi

201 3080 261 3124 oon
275 3057 444 3128 sufficeret,
455 3053 525 3114 eiam
541 3067 602 3111 nen
616 3047 772 3110 induceret
784 3042 1010 3124 obligationem.

240 3153 402 3220 onon-2⁰
424 3147 515 3222 Vera,
527 3145 556 3208 ld
567 3151 623 3222 est,
633 3164 671 3207 ex
680 3144 781 3206 animo
792 3159 824 3204 se
834 3137 987 3219 obligandi
998 3156 1004 3196 :
1017 3153 1079 3197 non
1089 3134 1186 3195 enirn

200 3222 1188 3320 verba,sedinternuseonsensusvoluntatisobligationemintlu-

202 3334 252 3394 cit.
266 3331 324 3393 Sed
337 3330 384 3390 hta
398 3325 507 3408 inquiri
520 3331 661 3406 potestan
672 3321 895 3384 Matrimonium
907 3323 1043 3378 teneatur
1052 3321 1187 3413 eontra·

202 3411 563 3498 herequitretesponsalia
573 3411 797 3492 promisitalteri
807 3407 924 3470 sineere
934 3399 1192 3486 repromittenti?

204 3503 475 3587 -Respondetum
491 3500 539 3562 vel
556 3499 582 3560 is
595 3498 663 3561 freti
678 3498 854 3580 promittens
869 3499 899 3558 1ο
915 3512 975 3556 oon
996 3489 1095 3590 habuit
1111 3489 1193 3588 nni·

204 3611 290 3659 mum
307 3588 519 3672 contrahendi,
534 3593 569 3655 et
577 3586 658 3649 certo
678 3603 741 3671 noo
761 3591 879 3648 tenetur
900 3587 977 3644 stare
999 3593 1187 3658 promissis.
