2482 3944
180 276 219 332 tl
400 292 536 337 urrunnu
556 293 657 339 ronna
677 294 759 340 runis
780 293 927 340 muomcl.

180 390 318 471 quamvis
337 399 458 473 propter
477 391 592 453 linitam
614 393 809 473 capacitatem
828 391 949 454 illorum
970 409 1026 473 pro
1045 391 1157 473 quibus

180 478 322 556 offertur,
344 481 553 562 unusquisque
576 480 695 543 linitum
716 481 862 543 duntaxat
883 479 1014 542 fructum
1033 482 1158 563 recipiat

178 570 263 648 juxta
276 587 345 631 suas
359 569 585 650 dispositiones:
598 570 767 632 secundum
781 569 860 632 banc
875 571 1071 649 posteriorem
1086 589 1156 632 sen-

182 659 305 720 tentiam
328 658 419 720 missa
439 658 538 720 oblata
561 678 616 740 pro
641 660 754 737 multia,
774 665 835 720 tam
854 658 980 740 singulis
1003 657 1159 740 prodesset

181 750 273 828 quam
288 747 312 808 si
324 765 378 828 pro
392 766 455 809 uno
469 748 533 810 solo
547 748 715 811 offerretur.

221 839 310 899 3480.
328 835 479 917 Quidquid
494 837 532 898 sit
545 845 646 922 lamen
667 835 705 898 de
720 837 770 898 illa
783 836 997 908 controversia,
1012 855 1075 898 non
1090 836 1158 898 licet

183 925 268 1006 plura
288 925 435 1006 stipendia
460 925 596 1006 accipere
615 943 670 1007 pro
693 945 756 988 uno
779 926 879 988 missae
898 923 1064 992 sacrificio.
1086 927 1159 1005 quia

182 1013 363 1093 stipendium
378 1013 476 1088 datur,
489 1033 549 1075 non
562 1021 596 1075 ut
606 1015 736 1095 pretium
751 1016 862 1091 missae,
878 1013 928 1074 sed
940 1031 995 1094 pro
1009 1019 1158 1074 sustenta-

184 1099 263 1163 tione
285 1103 430 1178 ministri;
451 1109 481 1165 et
502 1105 573 1165 curn
596 1121 656 1164 non
680 1105 718 1164 sit
736 1110 816 1164 certa
837 1101 970 1164 secunda
988 1101 1156 1178 sententia,

183 1192 319 1270 quamvis
337 1192 539 1273 probabilior,
564 1193 606 1253 sic
625 1193 748 1252 missam
771 1191 925 1271 applicans
943 1197 1105 1271 exponeret
1126 1208 1158 1252 se

116 1325 123 1342 .
183 1280 316 1359 periculo
347 1279 507 1342 irustrandi
536 1281 760 1361 eleemosynam
783 1279 904 1342 dantem
932 1287 1016 1360 parte
1043 1278 1159 1340 fructus

183 1369 282 1431 missae
305 1369 360 1450 ipsi
381 1369 490 1447 debiti;
515 1370 596 1431 unde
616 1369 759 1430 damnata
780 1377 823 1430 est
851 1368 889 1430 ab
917 1366 1088 1429 Alexandro
1108 1369 1159 1428 lll

180 1459 346 1542 propositio
358 1477 489 1539 sequens
501 1479 508 1519 ε
520 1462 610 1520 «Non
624 1465 669 1520 est
682 1464 786 1520 contra
797 1458 941 1536 justitiam
953 1476 1007 1537 pro
1021 1457 1159 1538 pluribus

183 1567 197 1602 a
223 1547 376 1608 sacrificiis
404 1547 586 1628 stipendium
618 1547 770 1627 accipere,
799 1554 829 1607 et
856 1545 1036 1607 sacrificium
1059 1563 1159 1606 unum

183 1657 197 1692 a
223 1637 330 1697 offerre
341 1684 349 1712 ‚
361 1653 460 1715 neque
476 1637 566 1696 etiam
580 1642 684 1696 contra
699 1634 889 1696 fidelitatem:
902 1634 1016 1695 etiamsi
1032 1633 1158 1713 promit-

183 1746 198 1781 »
222 1733 298 1796 tam,
314 1725 515 1804 promissione
533 1725 704 1803 juramento
726 1723 857 1796 firmata,
878 1721 959 1783 danti
975 1722 1159 1804 stipendium

106 1841 116 1854 ·
182 1833 197 1872 a
222 1813 303 1894 qubd
318 1831 372 1894 pro
396 1813 479 1875 nullo
502 1813 560 1874 alio
579 1813 714 1874 oderam.
730 1835 745 1870 a
764 1811 838 1874 Vide
857 1813 887 1874 S.
904 1811 1041 1892 Lignea,
1056 1809 1108 1872 lib.
1126 1815 1157 1895 a,

184 1911 216 1962 n·
230 1905 300 1978 312;
313 1909 344 1964 et
358 1899 435 1964 inira
449 1905 564 1982 (3502).

630 2075 649 2155 a
669 2079 705 2137 n.

292 2200 337 2262 De
357 2199 535 2282 odlipotionc
555 2199 720 2264 celebrandi
739 2204 836 2266 misse
854 2203 1044 2286 sucrificium.

224 2351 311 2411 alst.
329 2351 452 2422 Guarrit.
479 2355 510 2411 lt
534 2351 655 2424 Quoties
677 2352 844 2434 presbyteri
864 2359 1023 2416 teneantur
1050 2356 1161 2421 offerre

184 2437 514 2502 missaeSacrilicium?
1225 2499 1226 2528 p

223 2531 312 2609 llesp.
327 2527 380 2590 Vel
395 2529 492 2610 agitur
505 2529 543 2594 de
558 2531 649 2592 meris
664 2531 879 2606 sacerdotibus,
892 2531 936 2592 vel
950 2529 989 2592 de
1004 2533 1160 2613 parochis;
1225 2535 1226 2623 l

223 2619 246 2678 l.
263 2618 292 2679 Si
307 2617 344 2680 de
354 2619 442 2680 meris
454 2619 648 2680 sacerdotibus
665 2627 790 2700 agatur:
807 2621 1043 2683 controvertitur
1057 2634 1162 2688 utrum

185 2707 241 2768 sub
268 2707 348 2788 gravi
373 2708 461 2790 culpa
480 2716 639 2770 teneantur
659 2709 835 2786 celebrare;
864 2711 895 2772 S.
930 2711 1161 2792 bonaventura,

184 2795 340 2874 Cajetanus
354 2815 425 2861 cum
444 2796 508 2858 aliis
524 2796 677 2858 nonnullis
696 2804 807 2878 negant
819 2799 923 2860 adesse
944 2797 1024 2860 illam
1045 2801 1162 2884 obliga·
1224 2833 1225 2836 ¹

185 2886 315 2960 tionem,
336 2886 462 2966 quiade
484 2885 532 2946 illtl
555 2903 615 2946 non
634 2893 765 2961 constat;
789 2887 871 2948 illam
889 2889 1012 2949 econtra
1033 2891 1164 2955 existere

185 2976 335 3038 affirmant
353 2976 384 3034 S.
406 2973 551 3046 Therma,
568 2975 677 3036 Suarez
696 2993 767 3036 cum
786 2976 851 3037 aliis
869 2975 972 3038 multis
985 3025 992 3052 ‚
1007 2985 1038 3038 et
1054 2977 1164 3043 dicunt

185 3061 357 3140 hujusmodi
375 3069 557 3140 preceptum
573 3079 638 3124 esse
652 3073 717 3124 lnm
735 3064 869 3125 divinum
891 3073 955 3126 tum
976 3067 1164 3132 ecclesiasti-

186 3169 271 3212 cum:
285 3151 314 3210 in
328 3149 534 3229 probationem
544 3149 634 3213 divini
650 3153 789 3235 praecepti
800 3152 1050 3216 adducuntrerba
1068 3161 1165 3238 Apos-
1223 3187 1224 3190 ¹

187 3240 236 3300 toli
248 3239 284 3298 ad
301 3237 442 3299 Hebraeos
457 3239 498 3317 (c.
515 3243 545 3314 5,
561 3260 588 3302 v.
606 3243 646 3319 l.)
663 3261 670 3302 ε
687 3243 821 3303 «Omnia
836 3261 967 3324 namque
982 3245 1162 3312 Pontifex...
1223 3207 1224 3291 i

187 3351 201 3386 n
226 3345 281 3408 pro
305 3326 477 3390 hominibus
494 3329 721 3392 constituitur...
742 3341 775 3392 ut
793 3331 897 3394 otlerat
919 3331 998 3394 dona
1018 3340 1048 3394 et
1071 3339 1165 3401 sacri·

187 3441 201 3474 n
227 3415 294 3478 ficia
304 3435 358 3498 pro
368 3418 497 3496 peccatis
511 3438 541 3493 »3
556 3419 684 3480 etverba
697 3419 867 3501 Christi‚ap
890 3423 920 3482 S.
934 3421 1046 3483 Lucam
1056 3425 1095 3499 (c.
1108 3429 1161 3498 22,

188 3525 214 3568 r.
228 3511 294 3582 llll:
321 3529 336 3564 c
351 3507 414 3566 lloc
428 3505 514 3568 facite
532 3507 563 3566 in
583 3523 682 3567 nteam
704 3509 1049 3570 commemorationem»
1066 3529 1074 3571 :
1090 3532 1163 3592 quae
1222 3541 1223 3623 p

188 3595 276 3658 rerba
292 3595 447 3657 continere
468 3612 572 3655 rerum
596 3605 780 3677 praeceptum
798 3596 930 3658 declarat
947 3597 1059 3680 Concil.
1075 3601 1160 3665 Trid.

188 3685 269 3766 [sess.
287 3688 336 3762 22,
352 3701 418 3762 cap.
437 3685 482 3758 l);
499 3685 530 3742 in
539 3685 748 3764 probationem
762 3687 832 3748 verb
846 3687 989 3769 praecepti
1002 3687 1164 3754 ecclesias-
