2452 3946
410 205 496 251 casse
516 207 673 255 sacuuaus.
989 201 1027 264 lb

71 291 173 372 prirato
192 305 346 380 neqrrcunt
367 307 518 386 precepto
540 304 664 366 missam
687 306 827 372 audiendi
847 310 1026 379 satisfacere.

70 382 212 464 (terreris,
230 387 284 466 ih,
301 403 336 452 n·
349 390 417 470 60.)

103 475 134 532 t·
147 475 205 538 Nec
223 475 388 542 inserviens
410 481 509 546 missa
531 490 629 565 potest
651 483 835 564 satisfacere,
857 488 881 554 si
905 508 967 554 non
990 491 1029 558 sit

70 555 103 620 de
115 561 317 645 privilegiatis,
332 575 361 631 et
374 569 451 633 adsit
468 572 673 656 privilegiatus
692 574 744 658 qui
762 577 856 658 possit
872 577 1025 646 inservire.

69 647 210 730 (Ferraria,
226 653 315 732 ilict,
331 667 367 718 ιι·
379 661 429 734 63,
444 663 515 741 etc.)

108 744 195 808 3578.
215 779 245 792 -
265 750 300 809 5⁰
314 749 350 810 lo
366 747 478 820 Gallia,
495 747 603 828 quoad
627 748 817 813 testivitates
838 767 909 826 quae
943 769 1009 812 non

75 843 139 896 sont
153 833 365 916 depraeceptc
379 838 450 917 ipse
464 837 527 912 die,
556 845 586 897 et
609 857 745 916 quarum
770 838 954 900 solemnitas
976 839 1009 900 in

75 923 253 987 dominicam
270 927 421 1001 refertar,
441 926 585 1003 jamnon
606 934 754 988 velantur
766 927 871 988 missae
893 927 922 988 in
939 945 1007 988 ora·
1079 928 1082 936 '

75 1013 150 1074 toriis
164 1015 309 1094 privatis,
325 1033 365 1078 cr
381 1017 415 1076 S.
437 1016 473 1078 R.
488 1017 524 1078 C⁴
541 1015 574 1075 in
589 1015 739 1080 Romana.
757 1018 795 1078 10
807 1017 901 1095 april.
920 1015 1007 1091 1896,

75 1101 103 1162 in
124 1102 299 1178 oscharam,
315 1109 335 1168 6
362 1105 437 1166 maii
453 1106 543 1179 1896,
559 1109 591 1166 ct
622 1107 654 1166 in
670 1105 886 1188 Andepavcn„
912 1108 932 1166 2
951 1124 1009 1166 au·

75 1193 146 1270 gusti
163 1191 250 1256 teuc.
265 1197 330 1256 Nec
341 1193 509 1274 prohiberi
523 1195 672 1256 ridentur
689 1198 718 1255 in
733 1196 786 1256 dic
801 1195 962 1258 dominica
975 1197 1008 1257 in

75 1297 128 1357 qna
140 1281 173 1344 iit
192 1284 378 1345 solemnitas
395 1285 546 1358 exterior,
560 1303 598 1345 cx
614 1283 735 1346 eisdem
751 1285 900 1347 decretis.

95 1366 253 1431 {itit-6·
265 1369 495 1434 Sacramentum
504 1371 692 1435 Poeniteotiae
705 1369 905 1434 administrari
916 1375 1022 1456 nequit

64 1451 212 1538 inpetratis
230 1456 390 1535 oratoriis,
405 1457 462 1520 nisi
482 1459 515 1522 iu
536 1461 655 1524 casibus
669 1459 780 1542 quibus
799 1458 888 1524 idest
905 1461 1021 1524 licitum

65 1539 90 1602 iu
106 1545 218 1625 priuatis
241 1546 386 1609 domibus
399 1546 441 1625 (in
461 1547 568 1612 eadem
588 1549 794 1631 uncyclica,§
811 1553 880 1630 20>3
901 1550 1022 1614 Ititaolc

66 1631 203 1698 umnam
230 1633 314 1698 idem
335 1634 434 1700 habet.
460 1638 549 1700 Juxta
573 1644 674 1700 autem
688 1637 834 1701 Analecta
854 1639 919 1717 (25⁸
942 1639 1020 1719 lira,

65 1720 113 1781 col.
126 1726 201 1804 649),
216 1723 395 1787 ordinarius
414 1731 512 1807 potest
525 1725 603 1789 hanc
617 1725 769 1788 licentiam
783 1725 960 1788 concedere.

96 1811 451 1876 utc.-r·1tecessaria
465 1823 510 1877 est
524 1813 644 1876 licentia
657 1814 799 1895 Episcopi
813 1821 846 1875 ut
859 1815 891 1874 in
910 1814 1022 1877 eisdem

66 1901 698 1977 oratoriiscommunioadministrarivalcat,
710 1900 766 1964 nisi
780 1903 812 1962 in
827 1901 892 1982 ipso
905 1901 1024 1966 lndulto

68 1981 182 2052 idiuerit
198 1991 383 2074 permissum
397 1991 487 2070 (End.
502 1991 642 2074 Eocycl.,
656 1991 675 2072 ξ
691 1993 750 2066 23,
765 1993 832 2069 tlh
847 1993 1024 2054 communio

67 2084 149 2141 rubro
165 2077 318 2162 paschalis
334 2079 481 2142 sumenda
501 2088 545 2144 est
566 2079 598 2142 in
619 2079 780 2162 parochiali
799 2079 937 2143 ecclesia.
950 2079 1023 2145 Vide

68 2163 203 2245 Analecta,
220 2171 272 2230 25·
286 2167 367 2248 livr.,
381 2169 440 2232 col.
456 2173 534 2246 6493
547 2175 688 2232 attatum
702 2173 862 2232 tractatum
875 2169 935 2232 aa
949 2169 1024 2232 Cita-

66 2254 149 2334 pelles,
163 2256 286 2320 ibidem.

97 2345 179 2410 3581.
190 2381 228 2394 -
246 2349 278 2410 8⁰
292 2347 454 2411 Generales
472 2353 503 2412 et
519 2346 721 2411 Provincialcs
743 2347 927 2429 regularium
950 2350 1024 2427 (uon

66 2435 122 2495 iero
136 2435 313 2518 Superiores
331 2435 450 2516 locales)
472 2443 600 2519 possunt
620 2437 650 2499 in
673 2436 736 2500 suis
752 2437 947 2500 conventibus
965 2439 1024 2500 cri·

65 2539 125 2600 gere
137 2526 266 2587 oratorie
285 2525 408 2607 privata,
423 2525 461 2587 ad
478 2526 577 2589 solum
596 2527 711 2590 cultum
723 2524 858 2587 diuinum
872 2525 1022 2608 deputata,

65 2607 91 2670 in
108 2613 227 2694 quibos,
240 2614 352 2696 pluries
361 2614 393 2676 io
406 2614 472 2692 die,
488 2615 681 2678 sacularibus
694 2621 726 2676 ct
738 2613 926 2696 regularibus
940 2616 1026 2682 liceat

64 2700 204 2766 celebrare
237 2711 268 2766 ct
290 2703 395 2766 audire
416 2703 539 2766 missam
561 2711 651 2787 prout
681 2703 714 2764 in
740 2702 877 2763 oratoriis
898 2702 1026 2781 publicis

64 2785 139 2868 (Vide
154 2792 303 2870 Ferraris,
317 2801 348 2854 r·
364 2793 545 2870 oratoriam,
557 2798 591 2855 u⁰
604 2797 660 2869 72,
675 2793 757 2869 eto).
775 2788 976 2850 Nihilominus
990 2808 1027 2852 er

65 2877 178 2944 Decreta
188 2882 352 2944 Clementis
364 2885 415 2961 Xl,
428 2882 625 2946 lbdccembr.
638 2883 727 2958 1703,
740 2878 878 2961 Episcopi
893 2876 1027 2941 «debent

65 2987 78 3021 a
98 2987 217 3051 operam
231 2969 339 3042 dare...
358 2989 396 3033 ne
410 2971 440 3034 in
453 2971 573 3053 privatis
587 2969 770 3053 regularium
784 2967 867 3030 cellis
877 2985 932 3030 seu
945 2966 1027 3029 cubi-

65 3075 78 3112 ι
98 3059 187 3138 culis,
204 3059 339 3142 erigatur
352 3061 444 3124 altare
458 3079 514 3143 pro
537 3079 571 3124 rc
591 3064 675 3124 sacra
699 3057 887 3137 facientia„
911 3061 1027 3120 remota

65 3153 288 3295 plqulcomqae
302 3149 336 3211 in
349 3151 534 3213 contrarium
547 3148 776 3213 consuetudine.
791 3169 808 3209 a
827 3147 875 3230 (S.
889 3146 1024 3229 Liguor.,

75 3233 111 3296 ἰι.
126 3241 153 3309 6,
169 3253 204 3300 ιι·
217 3239 301 3317 360.)

100 3337 185 3401 ³582.
197 3339 276 3401 -9·
286 3337 438 3417 Quamvis,
453 3355 490 3400 ex
503 3336 593 3400 variis
602 3337 746 3415 Decretis,
762 3335 1024 3420 supraoratoriuu)

67 3437 115 3485 reu
128 3426 273 3508 capellam
296 3433 348 3489 ant
369 3427 527 3492 ecclesiam
547 3436 698 3508 nequeant
716 3445 783 3490 esse
809 3443 955 3506 camera,
979 3428 1026 3489 uel

68 3508 126 3575 loca
144 3515 183 3577 ad
203 3513 421 3594 habitandum,
444 3514 673 3588 dormiendum,
698 3514 954 3578 deambulandum
975 3521 1026 3580 aut

69 3598 104 3660 ul
114 3603 202 3668 aliurn
216 3622 306 3668 usum
321 3603 536 3688 profanum...,
549 3605 652 3682 plures
665 3611 780 3669 tamen·
791 3621 843 3684 ep·
858 3605 891 3671 S.
901 3603 1025 3683 Lignor.
