2474 3946
84 19 204 90 Ι

426 203 514 251 traca
533 203 691 251 11111111.
982 191 1037 253 tat
1081 167 1086 176 ⁴

77 297 186 362 11111111
209 299 398 378 scandalum
413 307 443 362 et
456 301 545 362 etiam
561 300 598 362 ad
613 300 671 363 hoc
694 305 836 364 tenentur
850 301 954 382 sponsi
968 303 992 364 si
1015 303 1048 368 in

78 387 205 466 periculo
230 388 455 452 incontinentiae
480 394 582 451 essent
607 409 614 449 :
640 407 708 470 pars
726 389 797 450 vero
821 407 882 451 non
907 389 1047 454 laborans

79 475 306 558 impedimento,
332 485 430 560 potest
450 477 488 540 ad
508 477 580 540 alias
602 477 723 557 nuptias
743 479 880 540 transire.
904 478 935 541 Si
958 482 1045 558 verd,

79 572 161 644 prout
183 566 472 645 ordinarteacctdtt,
495 566 664 648 periculum
679 565 758 628 adsit
774 567 922 644 scandali,
942 571 1044 650 sponsi

78 652 180 716 debent
193 673 349 719 recurrere
372 656 410 718 ad
430 655 565 735 judicem
579 653 816 718 ecclesiasticum
839 657 938 738 tque
959 676 1044 739 sepa-

79 743 156 804 randi
169 751 242 808 sunt
254 745 355 826 quoad
372 744 512 822 thorum,
525 750 577 807 aut
590 743 680 806 etiam
696 743 798 825 quoad
812 742 1046 826 laniationem,

14 915 15 918 Ἴ
80 847 135 892 non
155 833 312 914 expectatd
334 834 472 896 triennali
492 831 698 915 experientit,
725 831 769 895 uti
790 837 907 896 constm
926 851 964 897 ex
976 851 1044 918 cap.

78 919 283 1000 laudabilem,
300 921 334 984 de
346 921 530 1004 fripa'ditote.
831 981 836 988 .

112 1013 200 1074 teau.
224 1013 257 1076 Si
271 1012 364 1074 velint
377 1011 548 1074 cohabitare
560 1017 706 1092 tanquam
717 1010 845 1076 irateret
858 1029 959 1092 soror,
975 1030 1046 1080 casu
1084 1025 1088 1034 ’
1211 1007 1212 1022 ’

79 1115 134 1180 quo
156 1119 219 1163 non
240 1100 325 1164 adest
345 1101 514 1182 periculum
533 1099 760 1162 incontinentiae
775 1118 831 1162 nec
851 1100 1045 1181 scandalum,
1072 1093 1075 1102 ’

78 1189 133 1266 eis,
155 1207 193 1252 ex
216 1189 327 1252 eodem
349 1195 447 1268 textu,
472 1188 603 1270 permitti
627 1195 744 1270 potest,
772 1188 825 1250 sed
848 1189 906 1252 hoc
929 1194 1047 1258 tantum

79 1278 193 1358 quando
207 1295 298 1342 senes
312 1283 393 1341 sunt.
409 1279 451 1357 (S.
468 1278 603 1358 Liguor„
618 1276 671 1339 lib.
687 1281 725 1356 6,
741 1286 774 1338 1ο
789 1280 891 1356 rtur.)

112 1371 199 1431 mat.
224 1368 256 1430 Si
271 1369 341 1429 verd
364 1367 539 1448 impotentia
552 1366 589 1428 sit
602 1365 692 1427 dubia
709 1385 717 1427 :
737 1366 783 1428 rel
804 1373 873 1432 ante
892 1369 1046 1432 matrimo-

82 1457 157 1520 nium
170 1457 209 1522 de
233 1459 272 1520 11
285 1455 455 1528 dubitatur,
470 1461 500 1517 et
513 1461 587 1517 tunc
601 1454 738 1516 illicitum
758 1461 803 1516 est
818 1456 936 1538 nuptias
951 1457 1045 1538 inire,

79 1555 249 1629 antequam,
267 1563 300 1608 11
319 1545 479 1626 diligenter
499 1543 690 1624 investigata,
705 1543 874 1624 depositum
890 1543 978 1608 luerit
990 1547 1047 1609 du·

81 1634 173 1713 bium,
189 1638 264 1719 quia
284 1635 369 1697 aliter
387 1633 484 1714 gravis
499 1633 647 1713 irrogatur
670 1631 780 1712 injuria
800 1632 885 1694 alteri
909 1636 1022 1713 potenti
1037 1653 1047 1696 a

81 1731 222 1802 attamen,
238 1724 265 1788 si
282 1741 320 1786 cx
334 1722 521 1786 medicorum
532 1721 646 1802 judicio
660 1726 691 1782 et
704 1721 895 1802 experientiis
910 1723 1048 1801 probabi·

82 1812 141 1877 liter
153 1815 190 1878 sit
204 1820 315 1897 potens
327 1859 335 1889 ,
350 1811 431 1874 licite
444 1811 621 1874 contrahere
644 1809 737 1886 valet,
757 1808 828 1888 quia
845 1809 1050 1890 probabilissi-

83 1921 157 1965 mum
171 1911 215 1967 est
239 1919 331 1986 posse
351 1907 574 1964 sacramentum
596 1896 759 1960 ministrari
780 1896 837 1960 sub
856 1895 1047 1974 conditione,

82 1994 194 2073 quando
213 1993 303 2056 adest
316 1991 394 2070 justa
415 2007 524 2064 causa,
546 1993 636 2069 prout
658 1985 707 2048 htc
729 1985 832 2048 adesse
854 1986 988 2064 videtur,
1011 2007 1049 2052 ne

83 2082 185 2146 seilicet
198 2083 230 2144 in
244 2079 299 2144 tali
309 2079 402 2142 dubio
416 2084 541 2160 cogatur
556 2093 685 2158 sponsus
698 2076 844 2158 perpetuo
858 2095 980 2140 manere
994 2097 1050 2142 cm·

85 2169 141 2234 teus
156 2193 163 2233 :
179 2169 352 2234 monendus
373 2175 475 2230 tamen
499 2173 577 2230 esset
598 2166 672 2228 alter
685 2166 795 2245 conjux
817 2163 856 2228 de
878 2165 928 2228 tali
944 2167 1047 2232 dubio.

85 2261 234 2340 Caeterltm,
251 2259 387 2344 praecisis
400 2256 632 2320 circumstantiis
651 2253 847 2336 specialibus,
864 2255 993 2339 quisque
1011 2255 1049 2320 ad

86 2351 306 2413 matrimonium
318 2347 425 2410 habilis
439 2343 580 2426 praesumi
593 2344 692 2408 debet.

119 2444 203 2503 1132.
227 2437 284 2502 Vel
298 2443 450 2502 contracto
470 2435 587 2496 tantum
604 2433 795 2498 matrimonio
809 2434 981 2515 supervenit
992 2435 1050 2498 du·

88 2525 182 2608 bium,
197 2536 251 2593 aut
272 2545 333 2589 non
353 2524 489 2588 obstante
502 2523 595 2586 dubio
608 2523 836 2586 matrimonium
851 2521 908 2583 luit
923 2522 1047 2600 initum,

89 2621 114 2677 et
122 2623 190 2688 tunc
199 2617 281 2682 licite
291 2615 428 2677 debitum
439 2613 499 2695 peti
514 2617 546 2675 et
556 2611 638 2674 reddi
649 2611 772 2694 poterit,
788 2617 817 2670 et
828 2627 882 2688 pro
894 2608 951 2670 hoe
966 2627 1049 2685 casu,

89 2701 164 2770 datur
177 2705 332 2772 triennalis
343 2701 526 2786 experientia
539 2701 675 2782 incapite
686 2695 894 2766 laudabilem,
911 2694 946 2756 de
958 2695 1050 2774 friol-

91 2794 171 2860 ditate
178 2816 190 2874 ‚·
202 2797 331 2861 durante
345 2801 446 2856 autem
460 2791 518 2854 hoc
527 2789 668 2866 triennio,
680 2787 759 2848 licite
769 2791 895 2868 possunt
907 2783 1051 2864 coniuges

92 2887 219 2966 copulam
243 2887 408 2954 intentare,
433 2881 505 2944 licet
526 2879 606 2959 saepe
626 2882 678 2939 aut
698 2892 817 2956 semper
840 2891 943 2936 semen
968 2879 1051 2936 extra

26 2999 28 3044 1
92 2991 135 3036 ras
147 2974 301 3040 effundant
320 2992 328 3034 ι
349 2971 389 3034 ita
402 2967 623 3044 communiter,
642 2963 724 3046 apud
738 2965 769 3028 S.
785 2963 905 3046 Lignor.
927 2961 991 3044 (lib.
1012 2967 1050 3044 6,

27 3087 30 3122 ι
95 3071 121 3122 u⁰
138 3069 232 3130 ll03.

125 3069 221 3219 1133.>
231 3156 305 3218 Haeo
318 3171 374 3236 pro
397 3150 463 3214 loro
477 3149 611 3220 interno;
636 3143 736 3226 quoad
749 3143 820 3206 verd
841 3142 940 3205 torum
954 3149 1051 3206 exter·

95 3258 160 3305 num
174 3263 182 3306 ι
202 3247 232 3306 10
246 3243 422 3324 contingere
436 3243 532 3322 potest
546 3233 629 3316 quod
644 3251 734 3310 unus,
757 3233 796 3295 ob
810 3232 938 3295 dubium
953 3232 1049 3315 impo-

94 3332 198 3410 entia,
213 3333 252 3396 ab
273 3331 333 3394 alio
354 3327 529 3394 auctoritate
551 3323 673 3408 propria
687 3321 867 3385 recesserit:
888 3321 939 3384 sed
958 3322 1050 3402 judex

95 3416 174 3484 debet
194 3423 293 3484 statim
315 3438 387 3484 eum
408 3433 517 3499 cogere
537 3413 576 3476 ad
597 3411 798 3491 redeundum,
820 3409 877 3474 nisi
900 3411 1051 3475 evidentes

95 3509 229 3587 producat
242 3509 427 3594 impotentia
440 3503 649 3590 probationem
665 3502 690 3565 si
704 3508 806 3565 autem
821 3519 881 3563 non
897 3501 1051 3563 recesserit

98 3595 145 3658 nisi
159 3607 223 3681 post
234 3599 400 3664 triennium
413 3592 618 3680 experientiae,
631 3591 725 3673 judex
738 3589 825 3654 debet
841 3605 913 3652 eum
933 3585 1046 3649 audire.
