2434 3940
390 241 477 290 aman
496 239 655 291 secamus.
812 289 815 294 ,
949 227 1008 289 aaa

55 359 96 404 nes
108 345 303 420 omittantur,
317 342 370 408 sed
384 341 455 405 huic
469 341 655 423 probabilius
667 340 847 406 contradicit
859 341 1010 424 concina,

54 429 133 511 inquit
145 434 178 494 S.
195 432 318 511 Lignor.
335 431 402 508 (it,
419 441 451 492 n⁰
465 433 546 505 990).

84 521 109 580 Si
121 538 182 582 uria
195 519 385 582 denuntiatio
398 519 509 580 omissa
527 517 633 580 luisset
646 517 712 581 sind
725 517 966 600 dispensatione,
982 527 1011 584 ct

55 609 175 671 omnibus
188 609 310 691 paratis,
320 608 546 670 matrimonium
556 606 668 670 differri
681 626 740 670 non
749 615 848 690 posset
856 610 921 670 sind
930 611 1009 691 gravi

54 693 249 771 incommodo,
274 696 378 760 liceret
400 695 474 758 illud
501 695 676 771 celebrare,
705 713 765 758 non
792 696 928 758 obstante
956 697 1011 760 bec

53 786 263 848 onrissionetita
272 785 581 864 communiter,juxta
590 785 1010 874 DD.Bourier·(Deltlatrim.,

53 889 102 954 np.
117 878 147 949 3,
159 880 217 938 art.
234 879 265 947 2,
280 877 334 952 3⁰).

81 967 165 1026 lllltt.
188 963 268 1024 llicit
281 969 381 1026 autem
399 962 514 1025 concil.
533 961 616 1026 Trid.
632 965 714 1031 lsess.
731 967 787 1037 24,
803 981 831 1026 c.
845 965 892 1044 lt,
905 963 1011 1044 oqudd

53 1054 100 1112 isi
123 1051 288 1133 aliquando
315 1051 477 1133 probabilis
501 1050 586 1113 lieret
609 1051 758 1134 suspicio,
784 1052 1011 1114 matrimonium

52 1141 224 1202 »malitiose
240 1141 377 1222 impediri
398 1157 502 1220 posse,
517 1139 542 1202 si
565 1146 608 1202 tot
629 1141 836 1221 praecesserint
848 1139 1010 1202 denuntia·

52 1247 63 1282 i
81 1229 190 1298 tiones,
206 1235 281 1290 tunc
294 1229 339 1290 vel
353 1245 415 1292 une
428 1227 741 1292 tantumdenuntiatio
756 1228 817 1304 liat,
833 1229 878 1291 vel
892 1229 1008 1307 saltem,
1062 1297 1068 1308 ,

52 1337 63 1370 r
80 1317 210 1398 parocho
222 1317 377 1380 etduobus
390 1317 435 1378 rel
449 1316 545 1380 tribus
553 1317 677 1379 testibus
687 1317 897 1398 praesentibus,
909 1319 1009 1381 matri-

53 1427 64 1458 ι
81 1406 215 1468 monium
230 1406 412 1482 celebratum
423 1403 610 1469 deindeante
620 1405 1008 1488 illiusconsummationem,

51 1493 320 1556 aderuntiationes
345 1496 377 1556 in
401 1493 527 1557 ecclesie
551 1492 624 1556 liant
626 1539 686 1556 .....
693 1542 701 1574 ‚
725 1495 780 1558 nisi
810 1495 1007 1575 ordinarius,

51 1601 62 1636 a
81 1591 189 1645 etc...»
206 1602 215 1644 :
231 1582 309 1646 circa
326 1581 407 1665 quod
421 1582 494 1645 dicit
512 1583 543 1645 S.
564 1583 685 1664 Lignor.
706 1601 776 1646 eum
795 1585 861 1646 aliis
875 1585 1011 1666 pluribus

51 1671 120 1750 qudd
141 1673 303 1753 conjuges,
326 1681 395 1734 ante
410 1671 500 1734 lactas
519 1670 761 1734 denuntiationes
785 1674 1010 1736 matrimonium

51 1769 295 1832 consummantes,
309 1762 398 1823 toties
411 1768 536 1842 peccent
545 1760 673 1842 graviter
687 1762 805 1841 quoties
818 1761 1008 1841 copulantur,

51 1850 111 1928 quia
124 1851 213 1912 toties
227 1848 299 1912 illud
319 1847 433 1912 iaciunt
445 1867 516 1912 cum
535 1846 670 1931 periculo
684 1846 888 1910 fornicationis
902 1868 910 1910 :
924 1867 1011 1912 secus

51 1941 155 2014 umen,
170 1939 285 2020 inquit,
299 1937 323 2002 si
342 1938 397 2020 ipsi
413 1945 514 2001 essent
527 1936 601 2001 carli
615 1935 733 1999 nullum
747 1935 870 2000 subesse
883 1937 1009 2020 impedi-

50 2037 194 2103 mentum,
210 2030 299 2109 quia,
314 2027 423 2088 violato
433 2029 496 2108 jam
511 2033 662 2108 praecepto
678 2025 854 2090 Tridentino
867 2045 921 2109 per
934 2047 1011 2092 con·

50 2118 292 2195 summationem,
316 2115 391 2178 illud
413 2116 543 2198 amplius
561 2133 624 2176 non
644 2123 751 2197 urget:
766 2113 819 2178 sed
839 2117 959 2194 merito,
976 2125 1011 2182 ut

51 2203 169 2281 ridetur,
186 2205 278 2266 etiarn
299 2203 329 2266 in
345 2204 402 2267 hoc
414 2222 507 2283 casu,
522 2204 732 2268 contrahentes
752 2223 875 2287 peccare
893 2209 1009 2289 quoties

51 2293 231 2356 matrimonio
251 2299 394 2368 utuntur,
420 2293 492 2355 dicit
515 2293 548 2356 D.
576 2293 727 2371 Garriere,
749 2295 793 2356 Ile
818 2294 1010 2359 Matrimonia

51 2381 88 2454 ln·
99 2385 177 2462 382),
193 2382 265 2464 quia
279 2383 404 2444 violatur
418 2381 464 2444 lex
484 2381 660 2444 Tridentino
672 2389 734 2444 tam
750 2385 779 2444 io
795 2385 1009 2465 posterioribus

49 2470 152 2533 actibus
166 2473 260 2552 quain
279 2471 309 2532 in
325 2469 423 2552 primo
437 2477 521 2546 actu,
537 2472 574 2532 ed
594 2471 675 2552 qudd
692 2473 748 2534 lata
763 2473 799 2533 sit
814 2471 861 2533 lex
875 2473 915 2534 ob
931 2493 1008 2555 prae-

49 2559 241 2640 sumptionem
252 2559 376 2640 periculi
386 2605 394 2633 ‚
405 2561 446 2622 uti
458 2558 616 2621 admittere
629 2559 746 2621 ridetur
761 2560 926 2640 ipsemetS.
943 2563 1006 2642 big.

49 2661 96 2724 pm
114 2651 300 2730 primocasu
317 2665 325 2709 ε
341 2645 401 2714 sed,
413 2647 485 2710 illud
504 2647 672 2728 periculum
687 2665 748 2707 non
764 2645 865 2708 minus
882 2647 966 2708 adest
978 2649 1009 2710 in

48 2735 256 2812 posterioribus
268 2736 384 2798 actibus
397 2739 491 2818 quern
506 2737 536 2798 iu
552 2737 666 2818 primo;
682 2752 765 2815 ergo,
780 2741 838 2796 ete.

80 2827 166 2888 tuse.
190 2825 294 2887 Praxis
313 2826 456 2905 estquod
475 2823 665 2886 matrimonia
686 2823 904 2904 Supremorum
923 2821 1009 2887 Prin-

49 2929 111 2990 pum
129 2933 192 2978 non
214 2913 404 2996 publicentur
420 2932 428 2974 ε
444 2913 562 2976 illorum
586 2913 668 2975 enirn
691 2929 788 2994 genus
801 2913 873 2975 satis
892 2912 1011 2995 dignos

48 3000 128 3082 citur,
153 3005 350 3086 ipsorumque
370 3001 523 3065 connubia
543 3001 612 3064 satis
631 3001 751 3083 publice
773 3002 915 3066 existunt.
937 3003 1009 3068 Vide

48 3088 181 3168 Caruere,
197 3091 392 3154 lte-mom.
406 3137 415 3170 ,
431 3099 463 3153 n·
480 3093 538 3152 379
547 3111 556 3166 ;
577 3089 697 3154 Cardin.
714 3091 832 3173 Soglia,
847 3091 922 3158 Inst.
938 3094 1007 3176 jur.

48 3179 126 3255 pira,
177 3185 246 3244 159.

77 3181 166 3333 40515
190 3271 284 3332 Poena
305 3277 405 3334 autern
420 3268 518 3348 ajune
530 3266 728 3332 determinata
745 3277 848 3334 contra
863 3273 1010 3354 parochos

47 3359 236 3422 matrimoniis
260 3359 490 3434 interessentes,
514 3357 633 3422 omissis
653 3359 950 3441 denuntiationibus,
965 3372 1011 3428 ost

44 3450 140 3510 sulem
153 3449 314 3530 suspensio
324 3447 468 3511 abodicio
478 3448 714 3530 pertriennium.
724 3450 837 3531 llacap.
853 3451 1007 3523 latititio,

42 3530 148 3608 §aare
165 3537 202 3600 de
219 3535 361 3599 cloadest.
379 3536 521 3618 drepana,
537 3535 589 3598 ubi
607 3535 716 3598 dicitur
732 3554 740 3596 :
759 3537 819 3598 rSi
835 3535 1011 3616 parochialis

42 3639 54 3675 a
75 3629 216 3688 sacerdos
235 3625 311 3688 tales
322 3623 555 3704 coniunctiones
573 3621 788 3702 contempserit
808 3619 1009 3702 (probibere);
