2462 3972
418 257 504 304 uram
524 235 681 304 secuunbs.
980 240 1035 299 oet

70 379 83 413 ι
106 354 256 437 bnperiab
285 360 336 418 aut
354 355 458 437 Regali
480 355 673 437 prefulgeat,
693 354 724 416 in
746 353 862 416 tuntum
889 352 1036 414 malonem

70 466 84 503 ι
107 443 338 508 omniumradix
348 444 493 526 cupiditas
501 444 701 526 occupaverit,
712 449 745 506 ut
753 443 880 524 alicujus
892 441 1036 518 ecclesie,

71 555 95 600 n,
110 550 163 596 seu
176 535 308 614 cujusvis
325 533 477 596 saeoularis
491 533 537 596 vel
558 532 704 614 regularis
720 531 876 609 beneficii,
891 531 1037 594 Montium

70 643 86 680 ι
110 621 250 702 Pietatis,
279 622 468 705 aliorumque
494 623 614 705 piomm
639 621 775 684 loco'rum
795 620 1036 702 jurisdictiones,

70 731 85 769 a
110 710 209 788 bona,
224 729 335 774 census
346 729 382 774 ac
392 711 478 790 jura,
492 713 582 774 etiam
601 709 731 774 feudalia
749 717 779 772 et
797 709 1037 792 emphyteutica,

31 833 32 838 κ
70 821 86 859 a
110 800 244 878 boetus,
268 799 491 874 emolumenta,
514 819 568 864 seu
596 817 802 882 quascumque
824 799 1035 866 obventiones,

70 912 86 948 o
110 907 178 970 qum
192 889 224 951 in
242 889 450 952 ministrorum
467 897 496 952 et
513 908 681 973 paupemm
702 889 892 952 necessitates
909 897 1038 952 convert<

70 1001 86 1038 ι
110 978 238 1057 debent,
253 997 307 1062 per
326 979 417 1046 sevel
432 997 485 1062 per
498 980 592 1059 alios,
606 980 634 1044 vl
651 979 699 1043 vel
713 981 819 1041 timore
833 979 973 1058 incusso,
988 998 1039 1041 sen

70 1090 88 1128 ι
111 1067 200 1132 edam
214 1087 269 1150 per
282 1069 451 1151 suppositus
468 1089 612 1152 personas
632 1069 808 1133 clericorum
827 1074 879 1130 eut
898 1067 1040 1130 laicorum

71 1179 88 1218 o
111 1175 165 1220 seu
179 1161 372 1240 qudcumque
385 1166 448 1221 crte
460 1207 468 1237 ,
482 1167 532 1222 aut
546 1177 741 1242 quocumque
758 1156 883 1241 quaesito
896 1157 996 1220 colore
1011 1161 1041 1218 in

72 1271 88 1306 o
112 1246 1041 1330 propriosususconvertcre,illosqueusurparepraesumpserit,

72 1360 88 1396 o
113 1353 167 1398 seu
181 1337 327 1420 impedire
338 1357 377 1400 ne
391 1337 429 1399 ab
442 1337 478 1400 iis
491 1337 529 1400 ad
543 1357 620 1420 quos
628 1339 697 1418 jure
711 1337 861 1420 pertinent
874 1338 1041 1420 percipian-

73 1447 89 1484 ι)
111 1430 178 1500 tur,
195 1425 219 1487 is
237 1425 419 1490 anathemati
433 1426 537 1489 tandiu
559 1425 884 1509 subjaceal,qunndll1
903 1426 1043 1506 jurisdic-

74 1537 90 1574 υ
114 1514 227 1594 tiones,
244 1515 337 1593 bona,
352 1529 420 1595 res,
434 1516 521 1595 jura,
537 1515 650 1580 fructus
664 1521 694 1578 et
710 1515 844 1578 redditus
860 1534 938 1598 quos
953 1534 1043 1579 oceu-

74 1625 91 1664 n
115 1604 248 1684 paverit,
272 1604 319 1666 vel
342 1606 393 1686 qui
414 1605 452 1667 ad
477 1623 547 1668 eum
569 1605 873 1687 quomodocumque,
898 1605 1045 1667 etiamen

75 1691 278 1755 adunatione
302 1693 464 1775 suppositae
490 1711 645 1774 personae,
675 1694 885 1775 pervenerint,
913 1694 1045 1756 ecclesiae

74 1804 93 1842 n
116 1781 1044 1862 ejusqueadministratori,sivebeneiiciatointegrareslituerit

75 1893 92 1932 o
116 1888 154 1934 ec
165 1870 453 1934 deindebliomano
462 1870 608 1933 Pontifice
616 1869 835 1932 absolutionem
843 1871 1015 1934 obtinuerit.
1029 1897 1042 1928 n

115 1963 299 2024 teet-111.
315 1961 361 2022 Ex
375 1959 467 2022 modd
483 1959 618 2022 stabilitis
631 1958 778 2040 sequitur,
793 1977 856 2022 non
870 1959 907 2022 ad
922 1968 1045 2042 potesta·

75 2059 140 2112 tem
150 2048 450 2128 secularem,sedad
461 2049 624 2111 Ecclesiam
634 2047 784 2130 pertinere
790 2047 924 2128 judicare
934 2069 1046 2133 quous-

77 2155 139 2220 quo
166 2136 286 2200 extendi
312 2137 419 2200 debeat
441 2139 492 2216 jus
518 2136 693 2220 acquirendi
716 2142 745 2198 el
769 2137 941 2220 possidendi
970 2139 1047 2202 bona

80 2226 278 2308 temporalia,
306 2227 433 2308 proinde
458 2227 539 2307 leges
569 2227 658 2308 vulgd
684 2225 771 2288 dieta
794 2228 1045 2304 amortizalionis,

77 2315 196 2378 secluso
218 2313 339 2398 speciali
361 2315 516 2397 privilegio
538 2315 576 2378 ab
596 2316 731 2378 Ecclesid
752 2335 916 2387 concesso.
937 2319 1047 2401 iniquo

75 2411 151 2468 sunt
162 2403 233 2468 etin
251 2404 415 2468 Ecclesiam
428 2405 589 2484 iniuriose.

118 2493 178 2556 Per
192 2493 273 2576 leges
295 2499 398 2556 autem
419 2493 653 2556 emortimtimie
675 2493 884 2575 intelliguntur
905 2513 949 2560 em
969 2499 1049 2578 leges

76 2581 182 2648 civiles
190 2600 259 2664 quae
286 2583 446 2664 prohibent
478 2601 517 2645 ne
543 2583 622 2643 bona
654 2583 848 2664 temporalia,
884 2589 1049 2666 praesertim

77 2671 265 2749 immobilia,
278 2671 309 2734 in
328 2672 470 2734 Ecclesia
492 2670 661 2732 dominium
681 2669 795 2752 absque
815 2672 962 2755 Principis
982 2693 1050 2735 con-

78 2779 173 2824 sensu
187 2760 423 2837 transferantur,
439 2759 566 2823 neultra
585 2759 726 2838 modum,
743 2765 777 2822 ut
798 2761 902 2838 aiunt,
921 2763 1050 2824 Ecclesia

77 2850 235 2914 ditescat.
227 2866 235 2886 ·
256 2849 348 2950 porrd
369 2849 427 2912 illae
448 2849 529 2930 leges
554 2855 624 2911 sunt
646 2848 758 2929 iniquae
780 2855 811 2910 et
832 2849 864 2911 in
887 2851 1050 2914 Ecclesiam

79 2939 252 3020 injuriose:
263 2936 614 3000 sienimEcclesiahebet
627 2937 767 3000 dsshristo
776 2943 953 3019 potestatem
967 2941 1051 3004 inde-

79 3028 267 3117 pendentem
291 3027 371 3090 bona
387 3025 561 3128 temporalia
580 3025 773 3108 possidendi,
789 3027 927 3110 impediri
950 3035 1053 3112 nequit

80 3117 159 3202 quin
173 3105 230 3180 illa
249 3115 421 3200 possideat.
434 3115 539 3197 iniqua
550 3114 678 3197 proinde
691 3115 748 3177 erit
760 3115 809 3178 lex
825 3135 895 3198 quae
908 3119 1053 3200 impedire

81 3209 281 3272 attentaverit.
291 3207 413 3271 Frustra
422 3203 602 3284 objiceretur
609 3203 774 3267 Ecclesiam
782 3225 845 3270 uon
858 3207 967 3272 debere
977 3213 1054 3273 ultra

82 3297 212 3368 modum
231 3295 353 3359 ditari:
376 3313 449 3357 nam
472 3292 657 3358 instituendo
679 3293 843 3358 Ecclesiam
867 3297 998 3363 Christus
1028 3322 1052 3362 er

82 3387 223 3469 promisit
235 3403 322 3448 suam
335 3383 549 3462 assistentiam,
564 3401 603 3446 ne
616 3383 647 3446 id
660 3381 770 3447 laceret
782 3385 864 3468 quod
878 3395 978 3468 posset
991 3409 1055 3450 esse

81 3475 279 3539 damnosum.
292 3475 329 3536 Et
335 3475 438 3536 revera
450 3474 530 3536 bona
541 3472 702 3536 Ecclesiae'
695 3493 728 3536 m
739 3474 896 3577 ipsiusmet
909 3478 1056 3539 societatis

82 3565 180 3631 civilis
191 3565 308 3628 bonum
319 3567 550 3640 convertuntur,
561 3579 624 3624 non
634 3551 732 3626 solbm
744 3565 816 3646 quia
827 3563 906 3625 bona
920 3582 1009 3644 opera
1025 3567 1054 3625 in

83 3674 158 3739 quae
179 3653 354 3734 hujusmodi
378 3653 460 3716 bom
485 3651 524 3714 ab
545 3652 679 3717 Ecclesit
707 3649 942 3733 impenduntur,
966 3656 1054 3712 etium

903 3757 950 3814 l‘d'
