2498 3966
231 145 288 205 756
444 163 583 212 nnnonns
603 163 705 211 nonius
725 163 806 210 sunis
828 163 978 212 senonici.

230 278 320 340 lectis
342 278 457 359 imponi
485 299 558 342 cum
584 280 656 342 aliis
680 279 874 360 praescniptis
891 275 1017 343 servato
1033 297 1172 345 numero,

231 373 263 430 ct
292 367 433 429 Orationi
458 387 515 448 pro
539 369 686 431 omuibus
725 369 885 432 defunctis
922 376 1088 450 postremo
1109 369 1174 430 loco

178 523 185 532 ,
232 457 418 535 assignato.⁸

270 593 285 630 a
301 573 337 633 V.
367 571 458 646 Quod
473 573 610 654 denique
621 573 660 636 ad
677 573 883 654 Sequentiam
899 575 1029 649 attinet,
1055 589 1174 652 semper

232 661 317 724 illam
333 677 403 722 esse
418 661 586 722 dicendam
602 663 632 722 in
653 661 819 748 quibusvis
839 663 975 724 cantatis
1004 663 1117 737 Missis,
1137 661 1174 720 uti

230 751 263 810 in
286 749 581 830 lectisquaedicbus
598 757 633 812 ut
657 769 754 829 supra
768 751 980 831 privilegiatis
1008 751 1092 812 liunt
1114 769 1122 810 ε
1147 748 1173 808 in

231 837 372 918 reliquis,
389 839 439 901 vel
454 839 581 900 recitari
595 857 689 919 posse
703 840 753 901 vel
777 840 880 901 omitti
892 840 934 901 ad
950 839 1077 901 libitum
1092 837 1172 901 Cale

230 927 356 989 biantis
367 929 460 1006 juxta
481 927 647 989 Rubricas.
672 951 687 985 a
731 921 735 930 '

271 1045 439 1120 Praetccea,
455 1059 545 1104 novae
560 1045 651 1105 lactae
666 1049 739 1104 sunt
748 1044 970 1106 concessiones
984 1042 1093 1122 quoad
1106 1043 1174 1104 mis

232 1150 284 1194 sas
299 1132 410 1208 lectus,
422 1133 519 1193 etium
535 1133 644 1210 plures
656 1132 864 1201 celebrandas
879 1133 913 1192 in
927 1131 1094 1212 quibusvis
1109 1148 1175 1191 ora-

231 1220 321 1282 toriis
348 1227 379 1282 et
401 1221 553 1292 ecclesiis,
571 1220 680 1298 paucis
695 1221 808 1281 dicbus
821 1220 973 1299 exceptis,
987 1220 1040 1281 die
1052 1239 1108 1281 seu
1124 1238 1175 1298 pro

232 1311 282 1370 die
305 1311 413 1371 obitus
440 1309 485 1370 vel
511 1308 720 1388 depositionis
745 1310 899 1382 defuncti,
929 1326 989 1386 per
1016 1309 1177 1370 decretum

231 1399 380 1477 generale
396 1397 428 1459 d.
447 1397 483 1459 ts
495 1398 580 1474 maii,
596 1399 807 1477 approbatum
818 1399 849 1460 d.
864 1399 884 1458 8
893 1397 979 1478 junii
992 1395 1082 1458 1896.

271 1513 369 1574 Porro
380 1519 534 1574 statutum
550 1521 619 1575 est:
638 1537 652 1570 ι
673 1513 689 1574 l
717 1513 754 1574 ln
777 1513 922 1592 quolibet
945 1513 1066 1575 sacello
1079 1513 1179 1588 sepul-

231 1602 308 1666 creti
323 1601 382 1663 rite
409 1609 515 1664 erecto
536 1603 587 1664 val
600 1602 767 1682 erigendo,
783 1603 904 1676 Missas,
920 1620 991 1680 quae
1005 1599 1084 1662 inibi
1100 1601 1178 1663 cele-

231 1689 320 1754 brari
341 1691 574 1770 permittentur,
591 1709 685 1770 posse
712 1689 833 1751 essede
849 1690 971 1768 Requio
986 1689 1101 1751 diebus
1119 1709 1180 1752 nou

230 1781 389 1858 impoditis
415 1799 434 1840 a
460 1781 551 1840 Festo
578 1778 697 1858 duplici
726 1779 755 1841 1.
781 1779 830 1863 vol
852 1779 883 1839 2.
898 1777 1051 1852 classis,a
1072 1781 1179 1843 Domi·

231 1871 312 1930 uicis
326 1869 461 1948 aliisque
477 1867 579 1930 Fastis
593 1868 632 1930 de
654 1873 814 1946 praecepto
830 1867 1009 1943 servandis,
1021 1886 1150 1934 necnon
1163 1889 1181 1930 a

231 1959 340 2034 Feriis,
369 1956 504 2036 Vigiliis,
530 1954 721 2034 Octavisqus
743 1955 975 2035 privilegiatis;
1002 1955 1079 2019 item
1094 1960 1133 2020 ll.
1150 1957 1179 2017 in

231 2047 424 2125 quibuslibet
438 2043 579 2107 ecclesiis
593 2052 622 2106 ct
635 2043 785 2106 oratoriis
795 2062 869 2106 cum
885 2041 1021 2122 publicis
1032 2053 1099 2108 tum
1112 2045 1175 2126 pri·

231 2135 322 2205 vatis,
341 2143 372 2198 et
397 2135 426 2194 in
443 2133 567 2196 sacellis
581 2133 621 2195 ad
637 2132 827 2212 Seminaria,
842 2132 985 2212 collegia
999 2140 1032 2194 et
1046 2133 1178 2214 Religio-

230 2241 281 2284 sas
296 2223 347 2284 vel
358 2221 427 2301 pias
452 2223 618 2301 utriusque
632 2239 728 2283 sexus
742 2220 995 2283 Communitates
1009 2223 1172 2302 spectanti·
1233 2259 1234 2302 3

230 2311 302 2384 bus,
319 2311 428 2373 Missas
454 2310 595 2390 privatas
610 2311 649 2372 de
671 2309 803 2390 Requie,
819 2316 992 2388 praesente,
1004 2310 1165 2390 insepulto,
1233 2303 1234 2394 l

231 2401 282 2462 vel
305 2401 400 2463 etiarn
420 2401 546 2480 sepulto
572 2416 637 2460 nou
660 2401 741 2460 ultra
763 2397 909 2473 biduum,
928 2399 1087 2474 cadavere,
1102 2395 1169 2458 lieri
1233 2395 1234 2404 ’

232 2509 325 2570 posse
351 2489 402 2551 die
428 2488 477 2550 nel
492 2506 549 2566 pro
564 2487 615 2550 die
631 2488 736 2549 obitus
750 2491 806 2549 eut
823 2487 1034 2564 depositionis
1048 2507 1056 2550 ι
1069 2503 1177 2550 tetum

232 2579 291 2642 sub
320 2577 466 2640 clausulis
482 2583 514 2638 et
528 2577 764 2639 conditionibus
779 2574 907 2655 quibus,
921 2575 1015 2654 juxta
1027 2575 1181 2638 Rubricss

233 2677 265 2731 et
277 2669 420 2742 Decreta,
434 2667 526 2726 Missa
540 2666 691 2728 solemnia
704 2666 743 2726 de
754 2665 875 2744 Requie
886 2663 999 2726 iisdem
1012 2665 1047 2726 in
1060 2665 1187 2726 casibus

233 2760 429 2831 decantatur,
454 2755 595 2834 exceptis
610 2753 790 2834 duplicibus
806 2753 917 2832 primas
931 2753 1045 2821 classis
1062 2758 1098 2816 et
1113 2755 1189 2816 Fes-

233 2848 275 2909 tis
289 2848 329 2910 de
341 2851 510 2928 praecepto.
532 2866 548 2902 a

272 2953 430 3028 Jamveco,
459 2969 497 3012 ox
525 2951 654 3012 decreto
676 2950 706 3012 S.
731 2949 766 3010 tt.
795 2949 842 3022 d,
866 2947 900 3008 in
924 2946 1078 3026 Romano,
1101 2949 1137 3010 d.
1158 2949 1195 3010 l!

230 3033 371 3113 januarii
391 3043 479 3116 1897,
504 3037 693 3117 hujusmodi
719 3039 820 3098 Missae
848 3035 937 3097 lectae
954 3037 1196 3115 permittuntur

235 3130 365 3206 quidem
390 3129 423 3188 in
454 3125 619 3208 quibusvis
633 3125 780 3188 oratoriis
796 3143 865 3186 seu
891 3123 1047 3202 ecclesiis,
1070 3127 1136 3188 sed
1161 3143 1196 3187 aa

236 3215 413 3277 conditione
429 3223 465 3276 ut
477 3233 535 3292 pro
546 3215 697 3277 deiuncto
707 3213 918 3293 applicentur,
931 3219 963 3274 ot
978 3235 995 3268 a
1007 3212 1195 3278 dummodo

236 3305 373 3364 cadaver
386 3303 429 3363 sit
442 3305 573 3381 physice
588 3304 640 3364 vol
655 3303 818 3364 moraliter
831 3315 973 3381 pcaesens
985 3321 993 3376 ;
1005 3303 1062 3363 scd
1073 3303 1104 3363 si
1121 3321 1197 3381 uga-

236 3395 289 3440 tur
304 3389 343 3450 de
358 3389 499 3450 ecclesiis
515 3397 546 3452 ot
561 3393 710 3452 oratoriis
725 3389 870 3469 publicis,
887 3389 958 3452 ficri
980 3389 1078 3452 debet
1092 3391 1194 3454 etiarn

352 3493 425 3535 cum
448 3477 546 3539 missa
563 3479 721 3558 exequiali
743 3503 772 3539 ».

799 3622 917 3650 4-1·κῆ
923 3628 971 3649 :dt-⁸.
980 3631 984 3638 ¹

1040 3649 1135 3677 ¹1⁶5⁴=n
