2434 3940
248 231 307 296 131
467 207 725 296 uanuaaffiomus
743 245 824 293 sums
844 243 990 292 memor.

250 348 442 413 suetudines:
458 349 490 411 in
507 350 596 412 certis
614 347 792 412 dioeeesibus
805 346 864 410 hoo
883 345 917 408 lit
937 345 1058 428 quando
1089 336 1200 412 anatol

250 437 331 500 dsex
347 437 503 501 mensibus
521 439 551 500 in
571 443 647 502 nova
665 435 804 519 parochia
823 436 924 519 sponsi
944 435 1134 505 habitant';in
1146 413 1200 502 alil

251 525 373 609 quando
382 528 420 589 ab
433 544 495 590 uno
508 545 589 590 anno
600 549 608 605 ;
618 528 650 590 in
661 525 727 588 aliis
741 523 774 586 iit
784 524 936 588 distinctio
950 525 1026 588 inter
1039 545 1139 590 casum
1151 539 1200 676 affl

253 616 354 697 sponsi
368 615 456 677 aliam
475 616 647 697 parochiam
666 614 697 676 in
715 613 820 676 eadem
834 612 975 690 diocesi,
990 621 1020 676 et
1038 631 1168 695 mama
1199 673 1200 686 ,

254 711 335 766 extra
357 703 510 767 dioecesim
528 703 723 766 habitabant:
743 721 795 764 sex
810 719 931 765 menses
951 701 1138 768 habitationis
1153 701 1201 800 erip

255 797 331 872 gunt
358 792 388 854 in
420 793 511 875 priori
539 811 634 870 oasu,
675 797 705 852 et
726 808 824 854 unum
850 809 965 853 annum
987 793 1019 854 in
1049 791 1174 856 seeundo
1196 801 1201 876 1

256 881 292 941 D.
304 881 437 944 Carridre
452 881 507 953 (De
521 879 627 957 Matr„
639 895 671 942 o·
689 881 758 954 3911)
776 878 849 940 dicit
867 878 1006 942 standum
1025 881 1137 943 esseio
1162 879 1201 952 1111

257 970 510 1032 materilStatutis
522 968 673 1031 dioeoesis:
690 973 832 1043 attamen,
850 972 884 1028 ut
898 984 967 1030 mox
981 967 1093 1030 dicturi
1106 959 1201 1044 sumna*

259 1058 290 1120 S.
306 1059 399 1140 Cong.
416 1061 507 1120 Caino.
530 1056 622 1138 exigit
635 1061 669 1119 ut
688 1054 930 1118 denuntiationes
952 1055 1026 1119 fiant
1047 1055 1201 1138 insuperit

259 1145 325 1209 loco
337 1147 472 1229 originis.
1194 1150 1202 1296 p

236 1311 240 1318 ι
298 1240 388 1298 11158.
404 1235 481 1307 Quid
494 1235 565 1297 verb
578 1235 602 1298 si
616 1236 839 1304 oontrabentes.
852 1251 910 1297 neo
919 1235 949 1297 in
963 1234 1109 1317 parochia
1120 1239 1195 1298 actua

262 1341 318 1386 neo
335 1323 366 1385 in
386 1324 447 1386 ulla
464 1343 501 1386 ex
519 1323 773 1406 praeoedentitus,
787 1342 841 1406 per
859 1322 1094 1386 determinatum
1110 1333 1202 1404 tempu

262 1413 438 1474 commorati
453 1411 632 1474 luerint'l-
642 1412 720 1474 Olim
734 1414 765 1474 in
780 1412 890 1485 Gallia,
906 1412 948 1474 ait
961 1413 996 1475 D.
1011 1413 1149 1477 Carriere
1161 1409 1202 1488 til.

264 1507 297 1560 11ο
308 1501 386 1580 388),
397 1499 496 1562 banna
509 1500 539 1561 in
551 1500 847 1582 singulisparoehiis,
859 1499 889 1562 in
904 1501 1014 1583 quibus
1024 1519 1080 1582 per
1089 1520 1141 1564 ser
1148 1519 1190 1562 me

264 1605 311 1649 ses
336 1589 436 1669 sponsi
457 1589 633 1650 commorati
651 1587 784 1666 fuerant,
800 1589 1088 1670 promulgabantur,
1103 1590 1148 1652 ael
1161 1517 1203 1670 po]

265 1675 412 1738 tulabatur
425 1674 607 1758 dispensatio
620 1677 658 1738 ab
672 1677 843 1758 Episoopis;
859 1676 912 1740 sed
926 1695 962 1739 ex
971 1679 1040 1756 iure
1052 1677 1203 1742 communi

267 1766 297 1827 in
310 1764 367 1827 hoo
380 1780 451 1827 casu
465 1773 495 1826 et
507 1764 629 1846 quando
642 1764 739 1845 agitur
757 1765 796 1826 de
809 1765 995 1848 alienigenis,
1012 1765 1127 1847 pluries
1139 1767 1203 1828 deria

266 1855 483 1934 1·avitS.Cong.
496 1853 736 1916 denuntiationes
747 1861 819 1916 tuno
828 1853 996 1918 necessarid
1005 1873 1073 1918 esse
1086 1855 1203 1920 iacienda

267 1944 297 2005 in
312 1945 378 2006 loco
391 1943 516 2024 originis
532 1960 539 2002 :
560 1963 575 2001 a
592 1941 863 2005 Bartholomaeus...
878 1943 1109 2006 matrimonium
1123 1953 1204 2028 conto

265 2053 281 2091 a
306 2031 376 2094 hero
390 2031 562 2094 desiderans
572 2037 655 2092 extra
669 2030 768 2092 locum
782 2031 918 2112 originis,
927 2030 1079 2113 supplicat
1092 2033 1204 2110 declara

267 2141 282 2178 a
306 2139 345 2182 an
365 2121 441 2182 ultra
463 2119 556 2182 fidem
575 2122 668 2180 status
690 2118 793 2193 liberi,
818 2120 986 2182 necessario
1008 2119 1158 2184 laciendae
1177 2123 1204 2182 si

268 2231 283 2268 o
306 2207 545 2270 denuntiationes
568 2207 819 2281 matrimoniales,
847 2208 937 2270 etiam
958 2210 989 2270 in
1012 2209 1083 2273 loeo
1102 2212 1204 2294 origini

268 2320 284 2358 o
307 2298 338 2360 S.
353 2297 550 2378 Congregatio
572 2295 731 2378 respondet
747 2315 755 2357 :
770 2295 1001 2360 denuntiationes
1016 2298 1109 2362 etiam
1131 2301 1163 2361 in
1181 2301 1204 2358 lo

269 2409 284 2447 o
307 2386 432 2467 oripint's
445 2405 502 2447 esse
515 2384 726 2447 necessarius.»
744 2387 785 2447 lta
799 2385 879 2467 apud
893 2386 1035 2448 Analecta
1040 2387 1117 2468 jur.
1130 2389 1204 2471 ponti

270 2476 358 2556 fiam.
387 2478 483 2551 1856,
507 2473 565 2535 col.
591 2473 768 2552 1888),11111
790 2475 912 2556 insuper
932 2475 1075 2539 asseritur
1102 2477 1203 2540 decisa

270 2565 360 2627 luisse
375 2566 392 2626 a
406 2565 437 2626 8.
453 2565 562 2643 Congr.
587 2579 649 2624 non
669 2563 798 2644 amplius
819 2564 1017 2626 neeessariam
1035 2583 1105 2630 esse
1125 2568 1158 2632 in
1178 2571 1204 2628 ln

270 2653 393 2735 originis
417 2651 586 2714 bannorum
611 2649 869 2732 publicationem,
890 2653 914 2713 si
938 2654 1125 2719 contrahens
1148 2657 1204 2718 abs

270 2743 361 2807 luerit
373 2743 480 2804 absens
495 2757 547 2822 per
561 2747 676 2820 septem
689 2739 734 2800 vel
749 2747 816 2802 octo
836 2759 943 2804 annos.
958 2741 996 2804 Et
1012 2741 1073 2806 hoe
1086 2744 1197 2828 legitur

270 2831 346 2893 libro
362 2836 380 2892 8
395 2831 511 2890 Decret.
528 2827 569 2910 (p.
587 2829 666 2906 t8t).

310 2921 343 2979 ln
367 2918 447 2978 dicto
460 2935 550 2992 casa,
571 2915 703 2978 diximus
720 2935 811 2998 supra
833 2919 941 2997 (lasa,
965 2921 1053 3002 1383)
1074 2925 1204 3006 parocho

273 3025 333 3067 non
344 3005 453 3065 debere
468 3005 722 3085 promulgationes
736 3005 848 3085 lacere,
864 3007 919 3070 nisi
939 3027 993 3091 per
1006 3010 1101 3074 fldem
1116 3015 1204 3078 autbe

271 3097 361 3156 ticam
379 3109 508 3172 sponsus
524 3110 626 3153 eoram
647 3093 803 3156 Oralinario
824 3095 994 3177 probaverit
1017 3117 1111 3163 suurn
1135 3111 1204 3165 stata

273 3199 338 3243 asse
352 3180 480 3242 liberum
490 3179 573 3258 iuxta
590 3181 730 3244 lustraret.
752 3183 783 3246 S.
806 3184 916 3266 Congr.
940 3185 1055 3266 officii,
1070 3188 1185 3253 ididem

274 3273 374 3345 lalana
384 3267 462 3329 idem
472 3277 516 3330 est
529 3268 690 3330 dicendum
706 3271 914 3354 quoadusgos,
929 3283 962 3336 ut
976 3275 1082 3339 ididem
1096 3278 1204 3340 diuina

312 3361 391 3420 1058
425 3355 527 3428 Quoad
537 3358 607 3416 aero
619 3358 761 3436 minores,
773 3361 1032 3426 mosestinGallil
1042 3365 1204 3446 quddeorr

275 3443 375 3506 banna
388 3447 616 3526 promulgentur
632 3451 694 3506 tarn
717 3446 749 3508 in
761 3448 915 3512 domicilio
928 3451 997 3514 lacti
1017 3456 1113 3535 quam
1135 3457 1171 3517 iu
1191 3463 1204 3516 d

310 3625 317 3652 ¹
330 3611 364 3665 lta
373 3615 455 3666 lerunt
463 3620 546 3668 nostra
554 3614 649 3668 statuta
659 3615 772 3672 aaran·
780 3620 958 3677 valentinensis
966 3627 999 3694 (r.
1010 3627 1131 3694 didono,
1141 3647 1166 3698 p.
1179 3633 1204 3680 11
