2498 3966
269 247 355 296 marn
377 249 537 296 seccnous.
561 268 600 278 —
621 243 811 296 arrauorcrs.
886 297 895 312 ,
974 237 1028 296 lit

53 364 167 443 risque,
209 361 302 426 licere
338 362 470 424 divortia
499 362 689 432 humaniore
722 361 789 440 lege
829 359 1028 422 decernatur.

90 451 277 514 Nostrorum
319 461 426 514 autem
465 461 643 531 temporum
681 448 913 530 legumlatores,
958 468 1029 511 curn

52 541 238 605 eorumdem
258 541 341 620 J'uris
360 541 589 622 principiorum
617 549 741 602 tenaces
765 558 798 602 se
813 557 849 600 ac
875 539 1032 602 studiosos

52 631 273 711 profiteantur,
287 628 327 691 ab
343 629 396 691 illa
410 629 579 692 homiuum
601 629 815 711 improbitate,
830 647 926 710 quarn
953 628 1032 691 dini-

51 739 136 793 mua,
152 737 185 781 se
198 721 278 782 tueri
289 737 352 782 non
367 718 639 798 possunt,etiamsi
654 718 915 782 maximevelint:
932 736 1032 800 quare
1105 789 1107 792 ¹

39 807 231 871 ‘cedendum
243 807 446 889 temporibus
473 826 509 869 ac
534 807 745 870 divortiorum
766 807 969 883 concedenda
989 805 1032 869 fa·

49 899 164 960 cultas.
181 933 218 944 -
235 897 321 971 Quod
352 899 485 960 historia
501 897 583 960 idem
611 897 678 979 ipsa
704 897 856 960 declarat.
880 897 918 960 Ul
945 900 1030 960 euim

49 988 113 1049 alia
127 994 360 1068 praetereamus,
376 995 510 1049 exeunte
524 987 642 1050 sacculo
658 987 831 1068 superiore,
846 987 878 1048 in
896 986 950 1048 illa
967 1005 1030 1049 nou

49 1087 115 1139 tam
131 1076 365 1157 perturbatione
381 1095 477 1157 quam
500 1075 727 1155 deflagratione
744 1075 929 1162 Galliarum,
958 1095 1030 1138 cum

49 1167 184 1229 societas
205 1166 309 1227 omnis
325 1176 430 1226 amoto
447 1165 519 1241 Deo,
550 1168 781 1246 profanaretur,
808 1173 876 1228 tum
901 1167 1029 1228 demum

50 1256 172 1338 placuit
184 1265 267 1324 ratas
283 1254 404 1334 legibus
425 1273 492 1317 esse
518 1255 691 1336 coniugum
707 1255 924 1318 discessiones.
954 1255 1029 1316 Ess-

48 1346 242 1407 dementem
259 1345 342 1426 leges
358 1345 498 1405 renovari
523 1343 582 1406 boc
603 1353 745 1420 tempore
773 1345 864 1406 multi
897 1347 1032 1426 cupiunt

48 1444 216 1517 propterea
232 1433 317 1513 quod
333 1433 430 1494 ileum
442 1441 471 1494 et
483 1431 653 1496 Ecclesiam
671 1433 743 1514 peili
759 1452 777 1496 e
792 1434 895 1496 medio
907 1452 944 1496 ac
958 1435 1031 1497 sub-

49 1525 169 1587 moveri
186 1522 298 1584 volunt
318 1541 335 1582 a
351 1524 497 1584 societate
510 1522 742 1602 conjunctionis
758 1523 922 1596 bumanae3
938 1525 1032 1587 stulte

47 1621 198 1696 putantes
222 1617 396 1672 extremum
412 1614 565 1690 grassanti
583 1629 706 1673 morum
721 1613 907 1695 corruptelae
928 1632 1029 1676 reme-

47 1701 189 1778 diemde
203 1698 360 1777 ejusmodi
376 1700 498 1778 iegibus
509 1717 576 1760 esse
591 1701 808 1780 quaerendum.

87 1787 326 1869 Atverbquanti
339 1789 501 1849 materiam
515 1789 587 1850 mali
600 1790 632 1849 in
645 1808 677 1851 se
688 1789 820 1852 divortia
832 1792 1027 1871 contineant,

46 1881 99 1944 vis
125 1880 236 1942 attinet
258 1879 373 1940 dicere.
401 1877 518 1940 Eorum
542 1879 627 1939 enim
652 1897 745 1940 causa
769 1879 850 1942 fiunt
875 1883 1029 1944 maritalia

46 1970 168 2034 foedere
195 1966 358 2030 mutabilia
390 1985 399 2042 ;
428 1976 616 2029 extenuatur
643 1977 752 2030 mutua
780 1969 1028 2049 benevolentia;

47 2057 229 2123 infidelitati
253 2057 431 2138 perniciosa
454 2057 659 2119 incitamenta
679 2059 920 2139 suppeditentur
940 2081 947 2137 ;
969 2063 1028 2124 tui·
1094 2131 1098 2141 ,

46 2149 127 2213 tioni
156 2157 249 2226 atque
270 2145 463 2208 institutioni
487 2144 659 2209 liberorum
687 2159 836 2225 uocetur;
851 2148 1030 2214 dissuendis

45 2235 250 2303 societatibus
266 2233 446 2298 domesticis
461 2235 620 2318 praebetur
633 2239 759 2302 occasio
774 2258 782 2315 ;
799 2239 1028 2304 discordiarum

46 2331 133 2391 inter
156 2323 292 2388 familias
318 2327 439 2388 semina
455 2335 667 2406 sparguntur3
692 2329 845 2392 minuitur
868 2349 905 2394 ac
927 2332 1029 2413 depri-

45 2418 146 2480 mitur
160 2417 296 2496 dignitas
312 2415 495 2489 mulierum,
507 2435 578 2496 quae
593 2417 624 2478 in
642 2418 816 2498 periculum
831 2421 962 2482 veniunt
978 2441 1027 2496 ne,

45 2525 122 2570 cum
140 2505 264 2566 libidini
279 2504 417 2566 virorum
432 2505 641 2578 inservierint,
652 2524 709 2585 pro
724 2506 878 2568 derelictis
889 2509 1027 2572 babean-

44 2605 153 2658 tur.-
164 2595 198 2654 lit
213 2593 362 2674 quoniam
375 2593 411 2654 ad
430 2591 605 2673 perdendas
620 2592 766 2668 familias,
777 2594 1029 2678 frangendasque

43 2701 217 2764 regnorum
228 2701 303 2762 opes
314 2682 393 2743 nibil
408 2691 471 2743 tam
486 2683 575 2754 valet,
594 2701 690 2763 quam
701 2687 878 2765 corruptela
891 2705 1025 2760 morum,

42 2773 137 2835 facile
158 2773 359 2852 perspicitur,
381 2771 579 2852 prosperitati
603 2773 793 2836 familiarum
810 2792 846 2837 ac
864 2776 1028 2840 civitatum

43 2861 183 2924 maxime
200 2861 327 2923 inimica
342 2879 410 2922 esse
424 2859 559 2922 divortia
577 2881 583 2924 :
602 2880 704 2940 quasa
732 2861 909 2944 depravatis
925 2885 1027 2946 popu-

42 2951 152 3014 lorum
167 2949 308 3012 moribus
324 2957 498 3011 nascuntur
512 2968 560 3025 ac,
587 2959 663 3012 teste
679 2968 780 3012 rerum
797 2971 866 3030 usu,
885 2955 923 3017 ad
939 2955 1029 3019 vitio-

40 3041 143 3102 siores
169 3039 241 3099 vitre
269 3043 397 3119 private
416 3045 446 3099 et
471 3037 608 3119 publice
634 3041 879 3105 consuetudines
906 3044 1027 3106 aditum

37 3133 238 3213 januamque
254 3126 456 3207 patefaciunt.
477 3161 513 3174 -
532 3125 694 3210 Multoque
708 3147 775 3192 esse
796 3133 942 3212 graviora
960 3135 1028 3197 baec

42 3218 127 3280 mala
154 3215 323 3290 constabit,
347 3217 371 3277 si
397 3216 625 3294 consideretur,
652 3217 756 3282 frenos
780 3221 884 3284 uullos
904 3221 1026 3286 futuros

40 3317 161 3381 tantos,
190 3305 243 3387 qui
273 3323 453 3369 concessam
481 3306 579 3369 semel
608 3308 818 3374 divortiorum
847 3311 1025 3376 facultatem

37 3395 170 3458 valcant
185 3395 265 3456 intra
282 3403 394 3470 certos,
411 3403 466 3458 aut
481 3405 556 3458 ante
570 3398 721 3477 provisos,
742 3397 857 3463 limites
870 3421 1026 3466 coercere.

40 3487 156 3564 Magna
173 3501 299 3564 prorsus
309 3494 356 3545 est
370 3485 415 3546 vis
430 3484 663 3566 exemplorum,
676 3489 776 3567 major
792 3491 1025 3572 cupiditatum:

40 3573 1023 3653 hisceincitameutisfreridebet,utdivortiorumlibidolatius
