2462 3972
235 135 294 197 636
454 149 591 195 urrrulnn
610 149 711 195 rorrus
729 151 812 196 runis
832 150 981 198 canonici.

236 251 317 335 quod
328 251 396 314 rard
409 270 471 312 non
480 233 588 312 arocidit
602 251 634 312 in
646 251 722 313 votis
728 251 905 334 Religionis,
920 271 977 335 pro
990 273 1124 336 quornm
1136 273 1202 318 exe·

236 342 356 403 cutione
377 339 531 403 daemonos
551 339 712 404 innumera
730 343 861 404 excitant
884 341 1009 406 dissidia
1028 351 1060 408 ct
1077 346 1203 422 impedi·

238 440 348 494 menta.

278 533 366 594 5203.
390 530 421 594 Si
434 535 538 594 votum
550 531 589 592 sit
602 531 634 592 in
648 531 829 612 obsequium
840 531 1018 612 temporale,
1031 531 1157 610 scilicet,
1168 541 1206 592 tot

239 621 440 701 jejuniomm‚
454 620 502 683 vel
516 619 776 702 peregrinationis,
789 625 861 697 eto,
875 621 975 683 rarius
989 628 1037 684 est
1048 621 1206 685 dicendum

240 727 365 790 peccaro
378 709 544 772 mortaliter
557 710 620 791 qui,
633 709 785 787 sinbjustt
796 713 898 786 causa,
909 709 1094 790 notabiliter,
1105 731 1207 792 nempe

240 798 318 861 ultra
330 798 408 862 duos
417 797 462 862 vel
474 803 534 861 tres
543 815 640 860 annos
651 797 750 859 differt
759 797 901 878 implere;
914 806 999 880 putat
1011 805 1119 864 autern
1129 801 1206 863 Crob

240 887 325 969 qudd
333 887 358 950 si
368 887 497 951 vovisses
507 887 643 950 confiteri
653 885 780 968 singulis
790 887 1207 970 mensibua‚pos¹escncaust

241 977 362 1040 differre
376 996 430 1060 per
447 976 524 1040 duos
537 977 582 1039 vel
599 987 659 1038 tres
678 975 742 1037 dies
765 975 843 1038 ultra
857 991 996 1038 mensem
1011 979 1060 1059 (S.
1079 979 1207 1062 Lignor..

242 1065 295 1128 lib.
309 1071 348 1146 3,
365 1069 485 1144 matt).
502 1068 662 1130 Peccatum
675 1069 755 1127 esset
767 1066 892 1127 mortale
901 1084 963 1128 non
974 1067 1106 1148 implere
1115 1077 1208 1132 rutum

243 1163 378 1240 tempore
389 1155 524 1238 praa-lixo,
537 1157 561 1218 si
572 1155 697 1217 materia
708 1161 786 1217 esset
794 1155 891 1236 gravis
900 1161 929 1216 et
942 1162 1084 1238 tempore
1095 1161 1210 1241 praefixo

245 1244 413 1328 implenda,
426 1250 461 1307 ut
481 1253 584 1307 votum
603 1243 779 1324 jejunandi,
800 1243 847 1306 vel
861 1243 985 1306 missam
999 1245 1147 1310 audiendi
1166 1249 1210 1310 teli

243 1333 303 1396 die.
315 1333 390 1396 Vide
401 1333 524 1416 insuper
536 1333 617 1396 dicta
631 1351 722 1416 supra
733 1336 838 1412 (2682,
853 1336 953 1415 2683).

284 1437 374 1496 anot.
391 1431 447 1505 Qui
461 1437 547 1494 vovet
557 1451 612 1514 per
621 1450 758 1496 mensem
771 1431 877 1494 audire
890 1449 1011 1496 sacrum
1024 1434 1214 1517 probabiliter

245 1542 307 1586 non
321 1527 441 1585 tenetur
454 1521 486 1582 in
506 1519 589 1582 festis
603 1519 649 1582 bis
669 1521 787 1597 audire;
802 1520 855 1604 qui
868 1527 955 1584 vovet
968 1525 1122 1588 rosarium
1135 1527 1213 1588 satis·

245 1612 316 1675 lacit
328 1610 446 1674 tertiam
453 1615 570 1693 partem
581 1609 746 1688 recitando,
759 1609 831 1691 quia
839 1611 1044 1675 communiter
1051 1613 1099 1676 sic
1111 1613 1214 1678 intelli·

247 1703 336 1786 gitur.
347 1703 390 1780 (S.
405 1700 541 1782 Liguor.‚
555 1698 610 1778 it,
626 1708 660 1760 n⁰
673 1701 755 1772 aad.)

162 1871 166 1885 1
287 1802 376 1862 5205.
408 1799 440 1861 Si
472 1796 539 1879 quis
575 1799 736 1858 immemor
762 1796 822 1859 voti
869 1797 916 1860 rel
949 1799 1139 1881 peonitentia
1171 1805 1215 1865 in.

245 1891 374 1971 juncte,
384 1893 457 1968 eto,
471 1889 593 1970 praestat
607 1902 684 1966 opus
697 1884 845 1966 debitum,
855 1885 935 1949 benc
948 1888 1094 1954 satisfacit
1103 1909 1155 1974 per
1168 1911 1216 1954 ro

248 1979 394 2042 luntatem
412 1975 584 2058 generalem
598 1991 691 2056 quam
711 1975 840 2057 quisque
853 1983 994 2039 censetur
1006 1977 1121 2042 babere
1133 1983 1216 2044 satis-

247 2067 376 2129 faciendi
399 2067 483 2148 prids
505 2083 561 2146 pro
580 2063 643 2126 suis
662 2063 905 2145 obligationibus.
927 2067 958 2127 Si
980 2068 1163 2149 quiscertus
1181 2071 1214 2131 de

248 2163 336 2232 voto,
352 2155 442 2217 habet
453 2156 570 2216 tantiam
581 2151 765 2234 probabilem
780 2154 928 2216 rationem
938 2156 1023 2236 quod
1036 2158 1208 2232 satisfecerit,

247 2243 346 2306 adhuc
359 2242 395 2306 ad
410 2242 483 2305 illud
497 2249 627 2320 tenetur,
640 2243 725 2321 juxta
737 2243 767 2305 S.
784 2245 905 2326 Lignor.
917 2243 1034 2324 (ibid).
1049 2247 1123 2310 Vide
1132 2249 1203 2327 plur-r

247 2333 305 2396 alia
319 2333 400 2396 circa
411 2331 471 2395 voti
485 2332 698 2414 obligationem
711 2332 792 2414 apud
805 2332 969 2415 eumdem,
984 2333 1078 2416 itia,
1090 2337 1125 2400 nl·
1136 2339 1207 2397 tlt-

660 2608 740 2675 titt.
764 2607 799 2674 ll.

270 2769 307 2816 ll!
327 2765 425 2816 vtntts
445 2763 534 2812 ttobts
553 2762 659 2818 ouibus
679 2761 805 2808 GESSARE
819 2762 926 2809 Potest
945 2763 1015 2810 vom
1036 2763 1198 2814 dunelmo.

288 2912 379 2971 5206.
402 2903 520 2988 Duplici
544 2901 636 2965 modo
658 2901 823 2984 generatim
844 2907 941 2964 cessat
961 2902 1023 2964 voti
1048 2902 1215 2985 obligatio:

248 2996 415 3058 mutatione
430 3010 539 3076 nempe
554 2990 702 3068 materiae,
722 2995 753 3052 et
765 2990 949 3053 auctoritatis
968 2989 1116 3055 humanae
1128 2995 1217 3056 inter·

247 3089 351 3147 rontu.

288 3184 318 3244 l⁰
333 3181 457 3244 Mutatio
470 3181 603 3245 materiae
616 3179 764 3261 contingit
784 3176 906 3260 quando
917 3195 953 3240 ex
968 3176 1142 3240 honestb'lit
1160 3187 1219 3243 tur·

247 3271 308 3353 pis,
324 3271 370 3332 vel
383 3269 578 3348 indifferens,
599 3269 645 3332 vel
663 3267 835 3350 impeditira
847 3267 970 3346 majoris
991 3265 1084 3344 bont,
1104 3269 1219 3332 ratione

248 3359 293 3418 vel
308 3376 392 3419 novae
404 3359 636 3421 circumstantia
648 3357 694 3420 vel
709 3355 916 3439 prohibitionis
926 3355 1157 3438 subsequentis3
1175 3363 1217 3422 rol

246 3441 1217 3526 executiolitimpossibilisabsolutbautmoraliter‚veldesitione

245 3533 453 3593 conditionisa
476 3537 536 3609 qul
550 3533 701 3612 pendebat
716 3555 722 3593 :
740 3533 932 3595 manifestum
952 3539 997 3596 est
1009 3539 1115 3596 autem
1127 3535 1161 3598 in
1173 3539 1216 3602 bis
