2498 3966
230 153 289 214 780
446 167 586 217 arcuata
605 169 709 217 rorrus
729 170 809 217 tuurs
831 169 984 220 canumet.

230 295 337 350 tantur
362 303 435 349 cum
457 285 570 349 alienis
592 304 610 348 a
636 286 793 348 catholico
818 289 965 351 nomina:
985 288 1211 352 animoseuim

230 373 396 454 disciplina
406 373 569 454 religionis
582 374 769 438 dissidentes
781 377 832 438 via
847 377 967 454 sperari
977 386 1081 458 potest
1094 377 1212 440 loturos

231 481 297 528 csse
311 471 421 525 caetera
447 463 628 526 concordes.
645 463 794 538 Quinimd
806 465 847 527 ab
870 466 1028 542 ejusmodi
1055 468 1210 546 conjugiis

230 573 268 616 ax
282 571 319 614 eo
334 551 470 614 maximo
486 554 673 634 perspicitur
686 571 755 616 esse
774 553 1028 632 abhorrendum,
1044 557 1135 635 quod
1160 575 1208 618 or-

227 643 387 706 casioneut
416 639 559 724 praebeut
581 643 684 704 vetitae
711 642 855 704 societati
867 652 898 704 et
926 645 1205 705 communicationi

227 747 335 794 rerum
361 747 534 802 sacrarum,
559 729 734 810 periculum
760 727 905 810 religioni
930 741 1041 794 creant
1066 733 1205 811 conjugis

226 817 622 898 catholici,impedimenta
638 828 711 880 suut
726 818 816 880 boum
828 819 1019 880 institutioni
1032 819 1202 882 liberorum

227 919 258 972 et
272 923 411 990 persepe
425 905 548 969 animos
563 905 746 988 impellunt,
763 918 796 969 ut
811 919 1000 970 cunctarum
1015 909 1201 988 religionum

227 1015 352 1080 aequam
375 995 492 1058 habere
514 996 670 1058 rationem
684 1004 876 1072 assuescant,
897 997 1023 1060 sublato
1037 999 1104 1058 ueri
1120 997 1199 1058 salsi·

227 1106 289 1169 que
308 1083 504 1149 discrimine.
530 1118 569 1130 -
598 1084 758 1148 Postremo
773 1085 855 1160 loco,
872 1103 945 1146 cum
962 1084 1063 1164 probe
1088 1087 1200 1148 intelli-

226 1191 350 1260 gamus,
360 1173 499 1236 alienum
513 1173 745 1236 esseacaritate
756 1173 864 1236 Nostra
877 1175 1037 1236 nerninem
1047 1185 1198 1254 oportere.

227 1264 405 1327 auctoritati
436 1261 508 1323 fidei
532 1271 562 1322 et
578 1261 684 1343 pietati
701 1259 829 1338 Vestrae,
846 1259 1050 1324 venerabiles
1069 1265 1196 1331 Fratres,

226 1353 297 1416 illos
327 1351 600 1425 commendamus,
624 1349 717 1413 valde
741 1351 869 1430 quidem
888 1350 1029 1424 miseros,
1045 1353 1101 1430 qui
1130 1365 1197 1414 astu

224 1441 435 1522 cupiditatum
462 1439 582 1521 abrepti
612 1447 650 1506 et,
670 1438 779 1502 salutis
805 1457 870 1502 suae
895 1439 989 1520 piane
1017 1440 1198 1501 immerores

224 1539 333 1594 contra
360 1529 406 1591 ias
430 1527 551 1606 vivunt,
582 1527 665 1590 haud
695 1527 826 1609 legitimi
852 1529 1046 1590 matrimonii
1077 1529 1198 1590 uinculo

211 1618 396 1698 conjuncti.
419 1615 455 1680 lu
484 1615 534 1677 his
563 1617 602 1678 ad
629 1615 770 1680 cilicium
802 1615 988 1692 revocandis
1016 1615 1198 1678 hominibus

227 1711 329 1770 t'estra
355 1705 454 1770 solers
479 1704 632 1768 industria
659 1715 819 1768 versetur:
833 1713 865 1767 et
885 1722 958 1768 cum
975 1723 1029 1786 per
1044 1704 1107 1768 Vos
1128 1709 1195 1788 ipsi.

224 1805 290 1860 tum
306 1795 635 1878 interpositarirorum
650 1793 806 1856 bonorum
818 1811 926 1876 opera,
939 1794 1041 1856 modis
1053 1797 1196 1856 omuibus

186 1909 190 1914 ·
223 1885 415 1956 contendite,
434 1891 469 1946 ut
482 1883 621 1946 sentiant
635 1900 667 1945 se
681 1881 835 1962 flagitiose
845 1884 1020 1960 recessisse,
1035 1890 1134 1961 agant
1147 1901 1196 1944 ne·
1229 1931 1230 1949 ι

223 1976 331 2056 quitiae
350 1971 581 2054 poenitentiam.
601 1971 686 2033 etad
701 1971 940 2052 Justasn'uptias
954 1973 1017 2032 ritu
1042 1971 1193 2034 catholico
1228 2011 1229 2039 ι

224 2059 715 2126 ineundasauirnuminducaut.
1227 2095 1228 2129 ι

262 2150 334 2212 Haec
359 2151 398 2212 de
423 2150 624 2213 matrimonio
651 2149 824 2224 christiano
851 2149 1044 2212 documenta
1069 2168 1102 2212 ac
1116 2167 1187 2229 pree
1226 2181 1227 2221 ι

221 2249 320 2319 capta,
332 2255 402 2319 qua
416 2237 792 2318 perhaslitterasNostras
800 2237 984 2312 Vobiscum,
998 2237 1181 2300 venerabiles
1225 2257 1226 2311 ι

222 2328 353 2405 Fratres,
378 2327 644 2390 communicanda
670 2329 862 2402 censuimus,
878 2325 972 2388 laciie
987 2327 1101 2400 videtis,
1120 2341 1174 2382 uun
1222 2377 1223 2380 ,

223 2416 379 2480 minusad
404 2416 675 2478 conversationem
702 2415 805 2478 civilis
827 2417 1076 2484 communitatis,
1093 2430 1179 2494 quam

220 2509 258 2572 ad
284 2505 417 2574 salutem
447 2505 613 2567 hominum
632 2505 857 2585 sempiternam
879 2521 1074 2587 magnopere
1099 2503 1180 2584 perti-

221 2613 305 2658 nere.
323 2592 463 2657 -Faxit
488 2596 583 2674 igitur
613 2593 694 2656 Deus
710 2603 745 2658 ut
765 2591 887 2676 quantd
911 2593 981 2673 plus
999 2592 1116 2656 habeut
1137 2593 1182 2652 illu

220 2682 370 2748 momenti
385 2687 415 2744 et
430 2683 589 2762 ponderis,
613 2681 702 2745 tanto
723 2683 841 2746 dociles
857 2695 1082 2762 promptosque
1097 2681 1183 2760 magi,

219 2777 258 2838 ad
276 2772 451 2855 parendum
478 2773 601 2834 animos
617 2771 736 2852 ubique
753 2773 988 2835 nanciscantur.
1017 2769 1120 2849 Huius
1147 2765 1183 2831 rei

218 2863 328 2944 gratia,
345 2859 486 2943 supplice
498 2869 592 2942 atque
604 2861 718 2924 humili
732 2879 822 2941 prece
836 2877 946 2923 omnes
970 2861 1088 2939 pariter
1101 2877 1182 2940 open

217 2949 423 3030 imploremus
446 2949 544 3014 beatae
570 2949 672 3012 llariae
700 2945 839 3030 Virginis
855 2947 1082 3018 immaculatae.
1112 2967 1181 3030 qua.

216 3039 358 3100 excitatis
382 3037 543 3103 mentibus
566 3039 606 3101 ad
622 3037 837 3100 obediendum
854 3037 939 3118 lidei,
954 3043 1089 3100 matrem
1106 3057 1137 3098 se
1159 3049 1183 3096 et

215 3127 400 3206 adjutricem
421 3127 607 3191 homiuibus
637 3127 806 3208 impertiat.
825 3129 933 3208 Neque
946 3125 1073 3189 minore
1091 3126 1181 3190 studio

215 3213 339 3274 Petrum
356 3223 385 3276 et
402 3216 538 3279 Paulum
548 3218 762 3295 obsecremus,
780 3215 940 3295 Principes
956 3215 1179 3295 apostotorum.

213 3297 386 3396 domitores
407 3305 650 3385 superstitionis,
678 3315 797 3367 setores
827 3304 978 3377 veritatis,
1001 3311 1037 3364 ut
1061 3301 1104 3364 ab
1122 3303 1179 3366 elu-

216 3402 307 3447 vione
318 3394 548 3452 renascentium
561 3411 704 3456 errorum
715 3392 1178 3471 humanumgenuslirruissituu
1197 3453 1198 3456 ,

215 3474 390 3550 patrocinio
405 3485 564 3542 tueantur.
