2416 3954
182 251 240 316 452
401 256 537 302 ιιιιιιιιιιι
556 255 655 302 rorrus
674 257 757 302 ιιιιιιε
776 255 927 302 cruentet.

222 348 1120 434 eren-tote·ptorespropostttonesdamnanstuenetuttt,

187 444 307 505 Constit.
318 440 535 512 Detestabitem,
548 440 613 502 haec
627 441 795 520 reperitur:
813 463 829 500 c
843 439 1123 516 Noniucurritptrms

186 553 201 591 ι)
225 529 439 591 ecclesiastices
451 535 556 591 contre
579 529 746 592 duellantes
761 529 845 604 letes,
865 529 934 590 Dux
954 528 1002 590 vel
1016 523 1125 588 cruciats

186 641 202 679 r
227 617 340 679 utilitiae
353 625 512 698 acceptans
525 615 660 679 duellum
674 637 712 680 ert
723 619 803 697 gravi
829 625 912 680 metu
926 613 1082 679 emissionis
1099 611 1126 670 iu

188 727 204 768 ιι
229 723 286 767 mae
299 705 345 766 uel
361 705 481 768 officii.»
491 705 615 767 -Noto
626 704 707 785 quod
718 704 957 786 praeietaepoeuae
967 705 1127 767 incurrantur

191 797 306 856 teutiuu
318 793 358 856 ob
370 793 504 856 duellum
518 793 618 856 stricte
632 793 766 872 dictum,
786 793 900 856 scilicet
915 797 1059 856 convento
1070 789 1128 860 toro,

192 890 325 964 tempore
346 883 501 958 eternus,
526 901 588 944 non
603 883 674 944 vero
694 882 734 944 ob
756 881 933 945 conflictum
952 878 1130 962 improvisum,

192 972 329 1053 quemvis
352 977 521 1052 pugnantes
544 989 580 1032 ex
594 969 701 1032 eodem
713 971 828 1051 impetu
841 969 1028 1051 perrexerint
1045 967 1078 1030 ud
1094 964 1134 1025 eli·

194 1077 286 1140 quem
305 1060 406 1122 locum
425 1059 580 1122 idoneum.
595 1061 639 1121 lte
652 1057 737 1122 vaide
751 1049 1136 1140 probabiliterplures,spud

197 1148 229 1209 S.
245 1149 364 1228 Liguor.
381 1148 443 1225 (lib.
456 1150 486 1218 3,
503 1156 536 1209 ιιο
550 1147 635 1224 tot).

234 1241 324 1298 erut.
339 1267 379 1284 -
394 1237 425 1298 5⁰
445 1235 549 1308 Quoad
561 1233 734 1298 manifestos
746 1242 931 1317 peccatores,
942 1245 1050 1300 croeter
1062 1248 1140 1312 supre-

195 1325 290 1403 dicto,
312 1325 414 1406 negari
429 1325 553 1406 nequit,
569 1324 610 1386 ait
622 1325 765 1406 Lequeux
780 1331 824 1398 (m
836 1328 912 1402 973,
937 1327 1000 1402 3⁰),
1018 1325 1142 1402 deneger

196 1413 266 1474 dem
289 1431 370 1490 esse,
394 1413 497 1474 saltem
518 1413 686 1484 interdum,
704 1414 890 1492 sepulturam
914 1413 1143 1482 ecclesiasticum,

198 1501 316 1582 iisqui,
332 1502 362 1562 in
377 1501 513 1582 flagranti
528 1501 636 1563 delicto
650 1501 821 1580 decedunt,
834 1511 883 1579 ut,
894 1521 922 1564 v.
941 1521 971 1582 g.
963 1548 995 1580 ,
1011 1501 1035 1562 si
1051 1503 1078 1562 iu
1095 1505 1145 1560 ectu

198 1587 267 1650 furti
285 1591 359 1652 latro
372 1590 531 1652 occumbet
534 1591 710 1691 juxtecep.
724 1590 885 1666 Fures3l‚
909 1609 1001 1653 causa
1015 1593 1051 1652 {3
1056 1590 1146 1670 ,qm
1186 1643 1187 1678 p

204 1699 218 1736 u
240 1679 333 1740 Fures
351 1685 380 1740 et
402 1679 571 1740 latrones'
548 1697 573 1740 st
597 1679 629 1739 in
652 1679 780 1740 furendo
796 1685 849 1741 eut
866 1677 1068 1759 depredando
1086 1675 1148 1738 occi
1187 1693 1188 1742 ι

200 1767 399 1844 edentur,
374 1786 471 1830 ursum
481 1775 526 1830 est
539 1786 593 1848 pro
608 1767 651 1829 eis
662 1786 723 1829 uon
736 1785 803 1830 esse
811 1768 971 1830 erendum
976 1789 991 1826 u
1009 1771 1056 1842 ut,
1072 1763 1152 1845 inquit
1189 1793 1190 1836 t

200 1855 448 1937 idemLequeux,
465 1855 630 1938 licetquis
624 1875 654 1917 m
674 1863 742 1918 ectu
760 1856 897 1918 criminis
911 1856 1084 1928 occumbet,
1105 1843 1192 1942 dui

201 1942 286 2005 bium
299 1963 455 2006 r=emanore
471 1949 566 2025 potest
579 1951 683 2006 utrum
692 1947 794 2006 reteri
808 1943 922 2006 crimen
933 1943 1024 2006 fuerit
1036 1893 1193 2022 comple·

201 2038 266 2092 tutu
277 2032 381 2112 ‚quod
395 2035 569 2112 contingere
577 2033 742 2113 praeserttm
752 2039 849 2113 potest
862 2031 886 2094 si
897 2035 966 2114 quis
977 2033 1009 2094 in
1029 2031 1156 2094 ebrietate

201 2118 246 2179 vei
261 2121 477 2181 comessatione
491 2119 629 2196 decedam
646 2123 718 2183 item
738 2120 902 2201 aliquando
924 2120 1055 2182 dubitari
1073 2125 1157 2200 potest

202 2224 240 2267 en
255 2209 324 2268 vere
337 2214 457 2288 tempus
471 2207 635 2287 poeniteudi
653 2209 792 2272 defuerit.
809 2209 868 2272 Sed
878 2208 1056 2290 deneganda
1069 2217 1110 2270 est
1123 2225 1159 2267 se

202 2294 322 2376 pulture
335 2295 533 2357 ecclesiastico
547 2297 583 2357 iis
597 2316 674 2378 quos
688 2298 786 2378 petum
800 2306 829 2360 ct
844 2299 963 2360 notorie
979 2303 1093 2359 constet
1106 2314 1159 2356 our·

203 2400 274 2445 nem
301 2401 444 2464 respuere
464 2383 618 2465 religionis
644 2393 747 2448 ectum
769 2405 808 2448 ex
835 2386 986 2468 impietate
1017 2386 1160 2446 merriiestt

203 2479 234 2535 et
268 2479 444 2554 contemptu
479 2473 615 2554 (aridem,
643 2477 707 2554 Ρ),
733 2481 822 2557 prout
840 2475 866 2536 si
893 2475 994 2556 patim
1023 2481 1161 2536 eteorum

203 2562 330 2625 testibus
348 2571 490 2643 respuent
503 2569 688 2626 sacramente
700 2563 731 2623 in
746 2563 851 2624 ultimo
873 2563 981 2624 morbo
1003 2569 1033 2624 et
1054 2561 1085 2623 in
1101 2579 1161 2642 pec·

204 2659 270 2714 ceto
280 2651 408 2714 indurati
423 2655 588 2714 morientur
601 2671 608 2712 :
620 2652 644 2712 si
661 2653 731 2713 uero
752 2669 813 2712 non
827 2657 944 2714 constet
957 2649 1162 2712 moribundum

205 2745 295 2803 causti
305 2741 464 2822 impietatis
478 2741 626 2822 respuisse
640 2747 842 2813 sacramente,
854 2747 907 2802 eut
920 2740 945 2800 si
961 2739 1079 2801 occulte
1090 2743 1163 2799 extre

205 2831 395 2910 presentiam
418 2830 548 2893 duorum
562 2830 684 2891 testium
707 2829 870 2910 respuerit,
884 2827 984 2888 dende
1011 2835 1058 2890 est
1077 2825 1163 2908 sepul·

205 2924 282 2980 ture.
295 2919 379 2996 (Vide
393 2919 526 2980 Proelect.
542 2917 577 2981 S.
593 2917 745 2998 Sulpitr'i.)

245 3009 335 3065 ⁴722.
357 3008 401 3066 De
414 3008 557 3068 usurariis
570 3005 735 3086 manifestis
762 3005 806 3068 sic
827 3015 999 3066 neceturtu
1023 3021 1092 3086 cop.
1110 3001 1164 3064 ide

211 3090 333 3169 Ueteris,
358 3092 388 3152 in
404 3096 450 3154 6⁰:
466 3116 480 3151 c
495 3097 676 3175 Quanquam
691 3094 818 3157 usurarii
836 3092 1009 3170 manifesti,
1028 3093 1067 3154 de
1077 3091 1167 3156 usuris

207 3203 222 3238 u
246 3197 322 3262 ques
336 3189 533 3261 acceperuut,
551 3181 688 3244 satisfieri
702 3187 843 3263 expresse
863 3181 1048 3263 quentitute,
1069 3181 1114 3243 vel
1128 3179 1167 3240 iu·

207 3290 222 3326 ι)
246 3269 1168 3344 distincteiuuitimnvoluntatemundaverint,nihilominus...

208 3377 223 3411 u
247 3357 290 3414 eis
304 3355 501 3417 ecclesiastice
523 3359 675 3438 sepulture
695 3357 879 3439 denegetur,
903 3357 1001 3419 donec
1018 3357 1058 3420 de
1077 3358 1172 3420 usuris

209 3463 223 3498 o
249 3441 419 3521 ipsissuerit
432 3445 531 3522 (prout
541 3447 695 3524 patiuntur
717 3445 1029 3527 fucultatesipsorum)
1042 3443 1172 3526 plenarie

210 3551 223 3584 ιι
248 3527 440 3597 satisfactum,
457 3530 500 3590 vel
515 3531 693 3610 ittisqutuus
707 3531 843 3594 faciende
856 3542 901 3595 est
912 3532 1078 3608 restitutio,
1090 3538 1171 3594 etc...

213 3637 225 3672 ι
250 3615 357 3676 idonee
366 3616 405 3676 de
415 3617 600 3678 restitutione
614 3619 750 3681 tirciende
769 3621 808 3681 sit
827 3627 993 3682 cautum.»
1016 3621 1107 3684 Juxta
1124 3621 1174 3680 te-
