2474 3946
434 233 702 290 marcescamus:
938 239 940 244 ·
1012 227 1072 290 335

98 337 244 402 Zamhoni
259 337 449 400 Declsionem
467 340 565 402 Sacra
585 338 832 422 congregationis
843 339 991 416 concilii,
1007 359 1076 422 qna

98 427 248 490 contraria
260 427 378 490 ridetur
392 426 439 488 his
452 446 521 508 quae
532 445 623 509 supra
637 430 716 506 (897)
726 428 803 492 dicta
817 435 888 493 sunt
909 429 947 493 dc
968 447 1076 492 neces-

98 517 185 580 sitatc
199 517 309 580 erroris
323 519 496 580 communis
517 517 597 578 circa
617 516 738 579 titulum
757 518 943 596 coloratum3
958 518 1076 582 Decisio

98 606 141 668 sic
153 605 264 668 hahet:
281 627 296 665 a
309 608 325 669 J
329 605 449 668 ulianus
457 613 488 668 et
499 605 617 678 herthe,
629 607 855 669 matrimonium
867 608 944 670 inter
957 627 989 670 se
1001 627 1075 670 con·

98 716 112 754 a
136 695 282 772 tracturi,
307 693 479 774 interrogati
502 693 662 756 luerunth
685 694 807 756 Notario
831 696 971 777 quisnam
998 701 1076 760 esset

98 805 113 844 a
136 799 244 845 eorum
258 783 426 864 parochus,
442 781 663 865 responderunt
676 801 730 863 per
750 801 883 846 errorem
910 785 1074 866 parochum

98 895 112 934 a
138 871 401 935 Sancti-Demetrii
413 919 421 948 ,
434 871 465 933 16
482 871 570 950 cujus
590 870 731 954 parochia
752 872 814 950 jam
830 871 946 954 pridem
959 873 1071 936 habita*

98 985 113 1022 6
135 965 260 1028 verant,
276 959 329 1023 scd
349 966 421 1022 lunc
444 961 589 1042 temporis
604 977 665 1021 non
689 960 872 1022 incolebant.
889 963 932 1022 lta
945 962 1071 1024 celebra·

98 1074 113 1111 a
137 1057 203 1114 tum
218 1049 273 1112 luit
287 1050 514 1111 matrimonium
528 1067 630 1110 coram
645 1047 725 1111 dieto
739 1047 870 1130 parocho
886 1068 894 1109 ι
909 1048 978 1110 inde
992 1049 1076 1112 dubi·

99 1163 113 1201 a
137 1147 234 1203 tatum
248 1137 490 1218 luitdecjusdcm
498 1137 801 1212 validitate,ctmodd
812 1138 923 1199 instant
931 1137 1075 1200 declarari

101 1254 114 1287 a
140 1249 177 1292 nn
195 1228 350 1310 praelatum
366 1227 593 1292 matrimonium
610 1226 701 1291 fucrit
724 1226 857 1290 validum
870 1226 885 1289 'l
900 1226 1076 1289 816116616-

101 1345 113 1376 1
142 1315 698 1398 tirumdatumluitresponsumtliub.
711 1315 1075 1397 Matrim.‚9septembrls

100 1433 114 1464 a
141 1412 239 1484 1681).
257 1428 273 1464 a
291 1408 358 1467 Non
378 1405 455 1467 benc
469 1405 584 1467 ridetur
599 1407 629 1466 in
644 1405 725 1468 dicto
738 1423 810 1468 casu
824 1404 978 1488 quomodo
992 1423 1076 1468 error

103 1499 229 1578 potuerit
244 1511 310 1556 csse
332 1494 523 1572 communls3
552 1493 605 1556 scd
626 1495 701 1558 forte
720 1493 859 1576 quaedam
881 1495 1077 1558 circumstan-

102 1587 149 1648 tiae
164 1587 284 1647 nnrissae
298 1572 368 1646 s'unt
383 1583 413 1644 in
430 1583 497 1645 lacti
508 1584 704 1664 expositione.
1075 1586 1077 1592 ’

140 1679 231 1736 thot.
253 1707 289 1719 -
315 1675 346 1734 6⁰
361 1675 394 1734 ln
409 1675 535 1734 Decreta
550 1675 648 1733 Sacrae
661 1672 908 1752 congregationis
922 1675 937 1734 1
954 1670 1075 1735 decem·

103 1763 161 1826 bris
186 1766 283 1838 1610,
299 1761 378 1842 apud
402 1761 599 1823 Benedictum
615 1762 679 1822 XIV
694 1759 807 1838 (lllotif.
823 1761 883 1836 33,
905 1770 939 1821 n⁰
962 1759 1017 1838 7),
1033 1761 1076 1823 sic

102 1854 231 1934 legitur:
251 1851 447 1912 cl‘aroclrum
459 1849 590 1911 ruralem
604 1865 666 1909 non
682 1865 747 1910 esse
766 1847 934 1928 proprium,
951 1847 1073 1928 quando

103 1965 118 2001 a
142 1960 195 2004 rus
219 1941 278 2002 itur
291 1943 382 2002 causa
402 1939 603 2000 rusticationis
621 1935 666 1998 rel
682 1953 737 2017 pro
755 1935 915 1997 rusticanis
930 1935 1074 2016 negotils3

105 2055 118 2090 i
142 2030 271 2110 iitroque
286 2028 513 2089 matrimonium
526 2025 622 2088 aalide
637 2043 739 2086 coram
754 2023 927 2102 hujusmodi
945 2024 1076 2106 parocho

105 2143 118 2179 i
141 2117 287 2183 celebrari
308 2135 368 2178 non
391 2134 508 2198 possea
528 2113 617 2194 (Vide
640 2113 757 2195 Soglia,
780 2112 1076 2195 Institutloaerjuris

104 2208 232 2293 privati,
256 2206 274 2287 ξ
296 2207 380 2281 161);
397 2205 453 2266 hoc
477 2203 705 2286 intelligendum
727 2203 751 2265 si
773 2201 935 2283 perbreve
956 2209 1075 2287 tempus

106 2298 211 2380 aliquis
226 2295 288 2358 ruri
304 2293 402 2374 degat.
419 2291 495 2354 Vide
509 2293 540 2355 S.
562 2293 756 2372 Lignorium,
773 2291 825 2353 lib.
841 2294 880 2368 6,
896 2303 930 2353 n⁰
946 2295 1033 2354 1086.

142 2388 233 2448 1368.
258 2387 348 2444 -11
373 2381 575 2461 «Episcopus
605 2399 659 2462 per
682 2397 772 2442 sunm
795 2381 954 2442 Decretum
974 2379 1078 2458 jubeat

107 2497 120 2536 i
144 2482 176 2538 ut
190 2470 388 2535 matrimoniis
396 2469 565 2551 puellarum
573 2487 640 2550 quae
655 2468 832 2530 famulatum
846 2467 974 2548 Euguhli
989 2487 1077 2548 praes-

108 2587 121 2622 a
145 2571 226 2639 tant,
250 2561 367 2624 assistat
381 2557 530 2640 parochus
542 2555 686 2620 domicilii
701 2555 836 2636 paterni,
853 2555 1002 2629 materni,
1018 2555 1076 2618 fra-

108 2677 121 2711 a
146 2652 221 2730 terni
236 2649 373 2730 ejusdem
389 2647 509 2728 puellae,
525 2653 675 2728 quatenus
691 2643 763 2706 illud
778 2642 908 2702 habeant
921 2642 953 2700 in
972 2642 1078 2704 eadem

108 2764 122 2800 n
145 2742 284 2814 civitate3
299 2737 332 2798 'si
348 2754 408 2798 non
423 2735 571 2813 habeant,
586 2734 704 2796 assistat
717 2729 866 2812 parochus
879 2727 1023 2790 domicilii
1046 2730 1078 2792 in

108 2852 122 2889 n
146 2847 208 2913 quo
228 2828 362 2908 degunt,
383 2831 532 2906 quatenus
546 2824 578 2884 in
598 2820 704 2882 eadem
718 2819 834 2881 civitate
855 2815 1075 2880 contrahant.»

109 2922 149 2982 lta
161 2923 192 2981 8.
210 2914 410 2997 Congregatio
429 2909 572 2987 Camilli,
587 2913 626 2970 84
650 2907 721 2969 maii
741 2909 818 2970 1188
832 2905 924 2987 (apud
936 2905 1078 2971 Cardina-

110 3007 169 3070 lem
183 3005 302 3086 Soglia,
317 3000 521 3066 limitationes
534 2997 619 3078 juris
628 2996 761 3079 privati,
776 2994 795 3076 ξ
809 2997 887 3074 191).
903 2996 986 3058 -Si
1006 3016 1079 3080 ergo

112 3104 193 3158 extra
213 3093 364 3156 civitatem
383 3089 492 3152 rellcnt
505 3086 700 3164 contrahere,
714 3102 817 3148 coram
836 3083 967 3167 parocho
980 3085 1080 3149 domi·

113 3184 168 3246 eilii
191 3181 327 3266 paterni,
347 3177 495 3254 materni,
510 3181 582 3250 etc,
603 3173 678 3236 nihil
695 3174 811 3237 ridetur
830 3173 901 3236 huic
914 3174 1078 3256 adversari,

113 3275 148 3336 ed
163 3272 260 3352 magis
272 3266 354 3350 quod
368 3265 475 3347 puellae
490 3281 558 3345 quaa
571 3261 749 3324 famulatum
762 3265 919 3342 praestant,
932 3265 1081 3332 retineant

113 3361 300 3425 domicilium
314 3363 489 3438 paternum,
505 3358 693 3426 maternum,
707 3357 765 3412 etc.

155 3453 244 3514 13611.
265 3479 307 3493 -
326 3449 358 3507 8·
379 3445 469 3505 Sacra
484 3439 680 3521 congregatio
700 3437 823 3501 Concilii
839 3439 919 3520 apud
933 3441 1079 3522 Zipeum,

118 3535 169 3600 lib.
189 3541 228 3608 1,
251 3532 285 3596 de
304 3533 409 3614 Spem.
434 3527 564 3608 (Segla,
586 3525 708 3603 ididan,
733 3527 765 3586 16
781 3526 866 3608 fine),
886 3548 901 3586 a
924 3531 1079 3590 censuit...

120 3644 135 3684 r
156 3628 188 3686 t·
206 3621 266 3690 Ubi
284 3624 400 3685 constat
419 3615 586 3680 Concilium
606 3631 672 3677 csse
691 3613 894 3694 publicatum,
915 3615 961 3676 rel
981 3615 1084 3692 atiquo
