2416 3954
422 259 507 306 creua
527 261 685 307 eucuuuus.
987 240 1044 300 569

74 353 124 415 [tei
139 353 340 435 cumsignuta
358 351 414 416 luit
432 373 522 416 causa
544 353 774 418 introductionis
799 369 906 415 eorum
930 349 1044 412 Beatiti·

74 442 216 504 cationis:
228 441 311 523 qudd
321 461 381 504 non
387 442 546 524 contingit,
558 443 614 505 nisi
624 442 758 522 judiciali
768 459 853 504 more
866 437 1044 514 constiterit,

74 549 110 592 ex
121 548 264 612 processu
274 532 447 595 auctoritate
461 531 609 595 Ordinarii
619 531 774 610 contecto,
788 530 826 592 de
841 529 921 592 sama
934 529 1044 590 sancti-

74 619 140 680 tatis
153 625 184 681 et
197 618 412 682 miraculorum
418 640 426 697 ;
442 623 474 682 in
488 620 547 683 alio
563 628 664 682 tamen
685 639 775 682 sensu
796 617 946 680 adhibitus
964 635 1045 698 smpe

74 706 128 769 luit
138 707 190 770 hic
201 707 316 785 titulus,
328 715 428 790 prout,
441 728 469 772 v.
485 729 529 790 g,
545 709 837 791 crgaVenerabilem
852 708 976 784 Bedam,
992 706 1044 788 qui

25 813 27 817 ·
74 801 174 857 tamen
196 795 322 858 hahetur
344 803 377 859 ut
401 796 966 884 36ι16166(1166616[6.,1ι6.1666.
991 799 1042 872 37,

74 884 113 946 η’·
128 888 161 960 l,
176 887 195 946 5
209 885 306 962 616.);
322 885 400 948 tituli
408 887 478 948 verb
487 887 597 948 Beatus
608 895 638 949 et
652 885 779 950 Sanctus
789 885 1043 964 saepepromiscuh

73 972 269 1037 adhibentur:
284 975 390 1036 verbm
402 975 487 1054 Juxta
504 975 754 1040 consuetudinem
774 975 890 1036 sancte
912 972 998 1034 Sedis
1015 981 1044 1038 et

73 1063 155 1122 Sacr.
173 1061 283 1144 Congr.
299 1063 358 1125 ltit.
373 1111 381 1141 ‚
397 1063 506 1125 Beatos
516 1065 625 1127 dicitur
641 1083 743 1127 servus
757 1063 809 1124 Dei
821 1062 873 1142 qui
893 1061 1045 1125 66611666-

73 1151 186 1211 tionem
194 1150 322 1212 obtinuit
334 1152 394 1214 sire
406 1152 563 1214 formalem
573 1154 634 1216 sive
643 1143 904 1235 aequipollentem;
919 1149 1044 1212 Sanctus

72 1245 173 1300 autem
189 1239 241 1320 qui
256 1239 312 1302 fuit
324 1241 516 1304 canonizatus
525 1242 666 1305 alterutro
681 1261 718 1305 ex
729 1241 816 1303 dictis
825 1237 933 1302 modis.
944 1238 1044 1318 (lbid.)

111 1332 202 1389 1817.
219 1331 304 1388 -11
324 1327 410 1400 Quod
433 1348 516 1392 nunc
533 1331 639 1392 attinet
658 1330 697 1392 ad
717 1337 799 1392 actus
828 1327 927 1391 cultus
946 1329 1045 1390 Servis
1136 1391 1138 1398 ,

72 1416 125 1478 Dei
141 1423 207 1497 post
220 1433 325 1478 eorum
340 1417 594 1480 Beatilicationem
608 1418 803 1496 exhibendos,
825 1416 907 1480 nulla
928 1417 1044 1480 videtm·

71 1505 168 1586 aptior
178 1506 282 1586 regula
296 1525 382 1587 posse
405 1508 584 1589 excogitari,
608 1508 706 1588 inquit
719 1506 834 1570 Bened.
851 1507 919 1568 lllll
938 1507 1038 1584 (itta,

71 1597 160 1678 1118),
176 1597 268 1675 quam
282 1600 330 1670 ut,
347 1596 370 1656 si
386 1613 485 1657 sermo
508 1596 545 1657 sit
572 1597 611 1658 de
632 1597 731 1658 Beatis
757 1596 809 1677 qui
831 1601 902 1656 sunt
921 1596 951 1655 in
970 1599 1044 1658 anti-

70 1684 218 1764 quissima
243 1691 273 1745 et
294 1683 526 1746 immemorabili
540 1685 639 1748 culths
658 1685 864 1766 possessione,
891 1683 933 1744 illi
960 1694 1043 1747 actus

60 1774 114 1844 ,eis
124 1771 378 1853 exhibeanturqui
394 1792 447 1855 per
456 1774 666 1854 longissimum
676 1771 951 1844 etimrnemorabile
965 1780 1042 1835 tem-

69 1879 229 1942 pus,.cum
244 1861 367 1923 scientia
381 1868 411 1923 et
432 1863 589 1923 tolerantia
603 1861 822 1924 Ordinsrii‘aut
843 1861 928 1924 Sedis
950 1869 1042 1945 Apos-
1065 1855 1068 1860 ’

68 1950 167 2012 tolicae
190 1950 311 2031 praestiti
335 1949 448 2012 eisdem
476 1950 769 2014 luerunt:Urbauus
791 1951 874 2013 enim
902 1953 985 2028 Vlll,
1011 1954 1046 2015 in

67 2040 132 2100 suis
146 2039 294 2117 Decretis,
317 2045 496 2120 protestatus
511 2047 556 2101 est
570 2059 601 2103 se
618 2039 735 2102 nullum
748 2039 822 2102 velle
833 2041 1040 2122 praejudicium

66 2127 176 2190 aberro
190 2127 298 2190 horum
312 2129 472 2190 Beatorum
487 2129 592 2191 cultui.
609 2131 640 2192 Si
655 2131 725 2192 verb
738 2131 829 2192 verba
847 2131 907 2191 sint
923 2129 961 2192 de
976 2134 1042 2194 Ser-

65 2217 112 2278 vis
125 2216 180 2278 Dei
196 2216 368 2278 beatificatis
382 2237 419 2279 ex
433 2217 551 2280 lndulto
565 2221 595 2280 S.
621 2221 730 2300 (longe.
747 2220 805 2280 Rit.
822 2226 874 2281 aut
895 2221 926 2282 S.
944 2223 1042 2283 Ponti-

66 2303 150 2380 ficis,
168 2323 230 2366 non
244 2305 294 2366 alii
308 2313 449 2387 poterunt
462 2325 535 2388 erga
549 2326 602 2370 eos
615 2307 749 2370 exhiberi
771 2308 972 2370 venerationis
988 2329 1040 2371 ac-

64 2400 116 2455 tus
140 2395 233 2476 quhm
254 2393 306 2474 qui
330 2393 361 2454 iu
383 2393 502 2458 ludulto
526 2397 591 2477 ipso
622 2396 801 2459 nominatim
824 2395 1039 2476 designantur:

65 2483 96 2545 id
111 2488 230 2546 constat
244 2483 331 2544 variis
344 2485 491 2566 exemplis
503 2484 739 2547 etconfirmatur
749 2487 875 2545 Decreto
887 2487 918 2545 S.
935 2485 1039 2548 1616.

64 2575 156 2634 boot.
171 2575 263 2648 1611,
279 2589 341 2652 quo
359 2574 500 2635 «censuit
513 2579 543 2634 et
563 2572 741 2643 declaravit,
764 2571 789 2632 si
806 2573 1037 2635 sanctissimo...

64 2682 80 2719 n
105 2660 255 2741 placuerit
274 2679 335 2721 non
350 2661 481 2741 potuisse
503 2680 559 2724 nec
579 2678 666 2742 posse
685 2667 748 2722 tam
770 2659 928 2720 saeculares
949 2663 1040 2740 quam

63 2770 80 2808 n
106 2748 272 2830 regulares,
288 2750 378 2812 etiam
393 2749 547 2812 societatis
564 2751 656 2826 Jesu,
678 2746 823 2810 excedere
846 2747 956 2809 limites
979 2768 1042 2810 rer·

63 2859 79 2896 n
104 2835 190 2899 hales
203 2836 392 2900 Indultorum
405 2838 491 2900 Sedis
506 2837 684 2920 apostolicae
699 2853 790 2916 super
804 2835 1038 2899 Beatilicationi-

61 2947 78 2984 n
104 2925 181 3004 hus,
196 2927 362 3008 praesertim
377 2929 408 2988 iu
423 2927 624 2989 celebratione
638 2925 798 2987 missarum
813 2931 843 2988 et
861 2925 951 2987 officii
966 2929 1039 2991 ehm

61 3035 78 3072 n
104 3016 241 3089 Octavis,
258 3015 315 3077 uisi
334 3015 393 3078 hoc
406 3017 547 3097 expresse
568 3015 661 3076 Sedes
681 3015 852 3095 apostolica
878 3016 921 3077 eis
944 3018 1042 3080 indul-

60 3125 77 3162 »
103 3103 194 3180 serit,
210 3109 241 3166 61
253 3103 330 3166 tacta
343 3105 523 3167 relatione...
551 3109 587 3166 16
601 3104 755 3166 decembr.
775 3108 872 3180 laea,
894 3107 1041 3170 Sanctitas

59 3215 77 3252 n
103 3193 297 3274 approbarit,
313 3199 343 3255 61
357 3193 437 3255 sic...
450 3194 560 3256 servari
574 3193 736 3256 urandavit.
761 3214 776 3251 a

100 3285 195 3343 4878.
219 3281 349 3353 Quinam
362 3283 432 3344 verb
447 3289 531 3344 actus
544 3281 683 3364 prohibiti
700 3283 760 3343 sint
776 3300 847 3362 erga
862 3283 969 3344 Beatos
979 3303 1039 3346 non

56 3370 273 3446 canonizatos,
289 3370 455 3450 explicatur
468 3371 499 3432 iu
514 3373 639 3433 Decreto
654 3371 817 3433 Alexandri
829 3371 949 3448 vl1,20
961 3380 1038 3453 sept.

58 3461 154 3533 1659;
172 3459 263 3538 porrb
276 3476 312 3520 ex
324 3458 382 3521 boc
395 3461 521 3522 Decreto
534 3459 658 3522 vetitum
672 3465 717 3522 est
731 3479 738 3520 :

105 3567 124 3606 a
145 3549 169 3609 l.
192 3547 317 3618 Oudd...
335 3547 496 3610 beatorum
510 3548 677 3629 imagines,
693 3549 784 3610 etiarn
807 3566 870 3609 non
884 3548 1040 3628 principa·

56 3657 74 3696 o
101 3633 172 3696 liter
186 3643 216 3697 et
229 3636 272 3697 uti
288 3637 438 3716 supplices
452 3638 610 3719 appositae,
634 3636 813 3712 simulacra,
830 3634 976 3713 picturae,
995 3642 1040 3694 ta·
