2416 3954
179 217 233 278 atu
398 233 537 280 uauuacu
558 231 659 277 rorrus
679 231 760 276 rinus
782 231 929 277 casomcr.

178 357 189 386 o
215 330 427 414 protestatione
442 330 473 390 in
486 329 647 411 principio,
660 329 741 411 qudd
757 330 793 392 iis
806 330 889 392 nulla
900 329 977 392 adsit
991 325 1120 392 auctoritas

178 445 191 477 u
216 421 254 481 ab
266 419 398 481 Ecclesia
408 420 556 496 Romana,
568 418 622 480 sed
633 419 708 480 tides
717 421 834 480 tantiam
846 419 884 481 sit
895 419 974 502 apud
987 425 1119 490 auctorem,

177 535 190 565 u
216 508 287 570 huic
299 511 425 570 Decreta
438 554 446 584 ,
459 507 585 589 ejusque
600 507 821 570 confirmationi
843 515 875 570 et
893 507 1072 570 declarationi
1082 504 1121 566 ob-

176 623 190 655 »
216 596 362 658 servantia
375 602 404 658 ot
415 597 592 674 reverentia,
607 597 666 677 qul
682 615 734 677 par
749 603 804 674 est,
820 597 998 672 insistendo,
1010 593 1122 678 profiteor

144 743 146 748 .
176 711 190 742 n
215 702 265 745 me
279 682 360 747 haud
374 683 433 747 alio
444 703 554 761 sensu,
574 683 721 765 quidquid
734 685 766 746 in
782 684 840 747 hoo
854 685 930 746 libro
944 685 1039 748 refero
1049 732 1056 761 ,
1068 681 1122 745 acci·

175 797 189 830 a
215 791 287 854 perc
302 779 353 835 aut
367 773 464 856 accipi
478 773 516 836 ab
530 773 591 835 ullo
606 771 698 850 velle,
712 776 803 855 quam
820 792 881 856 quo
899 792 934 836 ca
953 773 1061 846 solent,
1073 788 1122 852 que

175 884 189 920 a
213 862 347 924 humant
366 862 510 924 duntaxat
523 862 714 941 auctoritate,
736 881 798 925 non
813 868 915 926 autem
933 862 1032 925 divina
1045 861 1122 924 Gallo

175 974 190 1008 n
215 950 281 1013 licre
304 953 448 1014 Romanae
471 950 632 1024 Ecclesiae,
656 956 709 1014 aut
731 952 849 1014 Sanctae
870 951 957 1014 Sedis
974 950 1123 1034 Apostutirae

176 1063 191 1100 u
215 1040 371 1102 nituntur:
387 1041 430 1102 eis
443 1039 653 1102 tantummodo
665 1040 797 1122 exceptis
807 1058 884 1122 quos
896 1039 1002 1103 eadem
1012 1043 1040 1104 S.
1055 1037 1123 1102 Salas

176 1153 190 1191 u
216 1130 633 1206 Sanctorumsseatorumaut
642 1131 809 1210 Martyrum
817 1127 1122 1210 Catalogoadscripsitu

214 1223 304 1282 4889.
319 1221 353 1280 ln
367 1217 428 1280 tine
441 1224 544 1279 autem
562 1217 629 1278 libri
648 1219 821 1299 protestatio
835 1217 869 1279 frt
882 1219 974 1280 modo
990 1215 1123 1300 sequenti:

180 1329 195 1366 a
213 1309 331 1382 Lector,
347 1307 488 1382 adverte,
503 1305 535 1368 in
549 1306 653 1388 elogiis
672 1308 806 1370 virorum
820 1307 982 1370 illustrium
995 1325 1068 1390 quos
1085 1305 1126 1364 lna

175 1396 290 1458 alibro
315 1395 492 1476 complexus
514 1415 603 1473 sum,
633 1395 778 1458 nonnulla
806 1414 855 1458 me
883 1395 980 1458 obiter
1006 1397 1126 1474 attingere

175 1507 189 1540 a
214 1503 282 1565 quae
296 1484 486 1545 sanctitatem
505 1484 577 1564 ipsis
596 1484 754 1547 videantur
772 1485 942 1547 adscribere
959 1484 1128 1566 :perstringo

175 1591 437 1654 »nonnunquam
472 1571 574 1652 aliqua
599 1572 637 1634 ab
674 1572 710 1636 iis
743 1579 849 1654 gesta,
877 1591 947 1654 quae
974 1575 1044 1636 ciam
1069 1573 1128 1632 rircs

176 1686 189 1718 u
214 1660 362 1724 humanas
383 1667 544 1741 superent,
564 1661 710 1724 miracula
730 1662 821 1724 videri
842 1667 988 1743 possunt,
1007 1660 1130 1743 praesagia

176 1775 188 1805 a
214 1749 384 1813 futurorum
413 1767 594 1812 arcanorum
626 1749 903 1826 manifestationes,
932 1751 1128 1824 revelationes,

177 1866 189 1894 a
215 1839 438 1916 illustrationes,
453 1845 500 1915 et,
516 1838 541 1900 si
555 1857 614 1919 qua
627 1845 712 1916 sunt,
728 1839 785 1900 alia
798 1838 986 1918 hujusmodi;
1005 1837 1132 1901 beneficia

175 1953 188 1985 a
214 1929 286 1990 item
302 1929 333 1990 in
348 1927 475 1990 miseros
497 1927 638 1990 mortales
652 1946 758 1990 eorum
772 1929 987 1991 intercessione
1009 1928 1132 1990 dirinittrs

174 2041 188 2071 u
213 2016 339 2091 collata3
368 2015 494 2078 demitm
523 2017 677 2078 nonnullis
704 2017 911 2080 sanctimoniae
936 2017 982 2080 uel
1016 2015 1132 2098 martyrii

173 2127 187 2160 n
212 2103 315 2166 videor
329 2104 561 2186 appellationem
584 2105 717 2168 tribuere
734 2125 741 2166 :
761 2107 866 2168 uerlrm
884 2107 949 2168 haec
969 2107 1086 2178 omnia,
1103 2103 1134 2164 ita

173 2215 187 2248 a
213 2193 288 2254 meis
296 2191 457 2254 lectoribus
466 2210 604 2272 propono
614 2240 622 2270 ,
632 2200 667 2256 ut
679 2193 818 2256 nolimab
832 2192 890 2255 illis
902 2194 996 2276 aocipi
1006 2203 1134 2275 tanquam

172 2303 187 2338 u
211 2281 250 2341 ab
276 2279 445 2359 npostottca
466 2280 543 2342 Sede
566 2283 736 2344 examinata
765 2287 855 2363 atque
878 2283 1068 2364 approbata,
1093 2281 1135 2342 sal

173 2393 187 2427 u
211 2373 356 2449 tunquam
371 2369 467 2447 quaet
481 2368 544 2430 solt
559 2388 685 2432 suorum
696 2377 852 2434 auctorum
870 2370 930 2432 tide
942 2371 1062 2453 pondus
1074 2371 1135 2432 otiu

173 2481 186 2514 u
212 2461 319 2532 neunt,
336 2462 425 2538 atquc
440 2456 515 2518 adeo
525 2476 587 2518 non
601 2459 686 2521 aliter
698 2461 791 2540 quam
801 2459 966 2522 humanam
980 2459 1134 2522 historiam.

173 2569 187 2604 a
212 2546 342 2608 Proinde
372 2547 576 2628 rlpostolicum
605 2549 636 2609 S.
666 2551 776 2628 Gongr.
806 2549 924 2612 Sanctae
950 2551 1093 2610 Romanae
1113 2553 1136 2606 et

172 2659 186 2693 u
211 2635 392 2701 Universalis
406 2633 610 2717 inquisitionis
625 2638 801 2714 Decretum,
820 2654 903 2699 anno
919 2640 996 2698 1625
1012 2635 1135 2710 editum,

172 2747 186 2782 a
211 2731 258 2804 et,
283 2745 365 2788 anno
384 2729 479 2800 roca,
496 2723 727 2800 contirmatum,
742 2725 860 2805 integre
874 2733 964 2806 atque
985 2725 1134 2788 inviolate.

172 2838 186 2872 n
208 2815 294 2894 juxta
308 2813 540 2877 declarationem
550 2812 687 2891 ejusdcm
697 2813 1091 2878 DecretilSunctissimol).
1106 2814 1136 2874 ll.

172 2926 186 2960 u
210 2903 332 2966 Urbano
353 2905 434 2984 Papa
453 2904 534 2978 Vlll,
559 2919 640 2962 anno
664 2903 735 2962 1631
760 2901 883 2976 lactum,
909 2903 1022 2964 serrari
1047 2905 1133 2974 ame,

171 3013 187 3048 a
210 3009 317 3051 omncs
331 2991 499 3069 intelligant
509 3010 517 3066 ;
534 3007 590 3051 nec
607 2987 682 3051 velle
701 3007 770 3067 me,
785 2989 832 3052 uel
846 2990 962 3053 cultum
982 2998 1037 3054 aul
1056 3008 1138 3054 rene·

171 3101 185 3137 n
209 3077 357 3138 rationem
366 3076 498 3157 aliquam
510 3096 562 3158 per
572 3077 624 3138 has
632 3095 717 3138 meas
730 3079 916 3142 narrationes
926 3079 979 3142 ulli
989 3097 1135 3161 arrogare,

171 3191 185 3225 u
210 3165 255 3226 vel
265 3163 377 3225 lamam
387 3172 416 3226 et
429 3165 605 3245 opinionem
613 3167 776 3229 sanctitatis
785 3175 837 3230 aut
845 3169 1138 3249 martyriiinducere,

170 3278 184 3312 a
210 3272 263 3315 seu
273 3271 398 3332 augere,
416 3271 472 3314 neo
486 3255 652 3335 quidquam
666 3257 732 3334 eJus
742 3256 952 3318 existimationi
967 3257 1138 3339 adjungere,

169 3363 184 3398 a
208 3341 388 3420 nullumque
402 3342 530 3422 gradum
551 3342 648 3405 lacere
669 3344 707 3406 ad
727 3344 859 3407 futuram
872 3345 1038 3427 aliquando
1056 3347 1140 3410 ullius

169 3449 183 3485 a
209 3427 465 3490 Beatisroationem
485 3431 531 3492 vel
549 3431 830 3512 Canonizationem,
846 3443 898 3498 aut
912 3436 1052 3499 miraculi
1066 3455 1141 3498 curu

169 3537 183 3571 a
208 3515 442 3593 probationem:
465 3515 517 3577 sed
539 3519 642 3580 omnia
665 3519 696 3580 in
720 3539 757 3584 eo
780 3531 857 3586 statu
878 3527 895 3586 a
917 3543 964 3586 me
991 3525 1138 3605 relinqui,

169 3622 184 3658 r
207 3619 300 3681 quem
320 3603 435 3665 seclusa
457 3603 512 3666 lato
533 3607 601 3666 mel
623 3605 852 3690 lucubratione,
872 3612 1064 3690 obtinerent,
1083 3629 1138 3674 non
