2434 3940
384 281 468 331 trum
490 280 647 330 sccundus.
937 265 992 326 tila

58 375 190 458 suspendu
206 377 279 442 solet
295 383 397 442 autem
416 378 530 462 imponi
545 385 579 442 ut
592 377 732 443 intimius
755 401 771 440 ι
789 380 827 444 sit
840 379 995 443 consessus

57 485 68 520 r
87 483 112 526 ac
128 473 204 530 sacra
223 471 440 532 communione
460 465 604 544 relectus,
619 467 665 530 rcl
686 475 835 551 quatenus
854 469 883 532 id
898 469 994 531 lacera

56 575 67 609 ι
86 557 247 638 nequiverit,
262 557 370 619 saltem
379 558 542 634 contritus,
559 575 671 618 nomen
681 559 771 635 lesu,
787 577 840 621 ore
853 557 877 620 si
893 565 995 639 potue-

56 661 66 698 r
84 643 128 718 rit,
145 647 203 720 sin,
218 647 321 709 minus
338 645 429 710 corde
441 694 449 724 ,
463 645 570 709 devote
585 645 782 723 invocaverit,
802 653 832 709 et
849 654 994 724 mortem,

55 753 69 794 ι
83 737 208 815 nomam
220 736 336 818 peccati
360 735 562 818 stipendium,
578 734 616 797 de
630 753 724 798 manu
738 733 857 796 Domini
872 735 995 816 patienti

54 841 63 875 r
81 829 157 904 atque
169 824 256 888 alacri
271 825 376 888 animo
390 824 564 906 susceperit.
581 845 597 883 r
614 857 654 872 -
668 824 726 886 Sed
740 823 805 886 haec
819 841 880 885 non
896 824 996 904 requi·

54 919 136 973 rantur
148 913 202 976 nisi
222 914 420 997 inquantum
439 931 534 995 capax
555 911 645 975 luerit
667 911 807 975 infirmus
824 931 831 972 :
848 911 996 992 siquidem

54 997 171 1080 impertiri
189 1009 288 1085 potest
308 1001 478 1064 benedictio
503 1001 593 1064 etiam
614 1001 753 1064 sensibus
772 1000 938 1072 destitutis,
965 1007 997 1064 ul

51 1088 95 1164 jam
114 1090 258 1170 dirimus3
277 1092 402 1171 insuper
416 1092 517 1173 piures
539 1092 602 1152 DD.
626 1091 765 1154 videntur
780 1090 897 1171 opinari
914 1089 997 1171 qudd

52 1177 152 1242 alliciat
175 1181 327 1244 confessio
349 1179 427 1243 lacta
448 1186 517 1242 ante
546 1181 767 1263 susceptionem
791 1179 917 1255 Viatici,
943 1179 996 1241 etsi

51 1269 183 1331 consulant
195 1278 228 1334 ut
241 1271 346 1334 denud
360 1268 537 1332 confiteatur
546 1276 615 1331 ante
626 1269 868 1332 benedictionem
879 1269 994 1331 articuli

51 1358 146 1420 modis:
160 1360 226 1422 ride
244 1359 392 1422 Analecta
412 1365 444 1420 ut
458 1375 568 1439 supra3
593 1360 636 1421 De
654 1359 748 1420 Herdt
768 1366 868 1421 tamen
888 1359 949 1420 vult
964 1366 997 1420 ut

51 1443 128 1509 dennd
140 1449 321 1512 confiteatur
335 1456 370 1510 ut
382 1447 493 1512 certius
508 1447 640 1511 lucretur
653 1447 839 1530 induigentia
853 1447 916 1526 (in,
933 1449 995 1528 Vl).

77 1538 152 1600 aaut.
175 1539 301 1612 Quaerit.
328 1539 377 1600 ltn
395 1537 496 1600 iterari
515 1536 608 1620 possit
628 1535 798 1600 benedictio
819 1537 851 1599 in
871 1533 997 1600 articulo

49 1628 153 1690 monis?

77 1715 154 1799 llasp.
169 1719 255 1782 Certe
281 1716 382 1780 iterari
395 1735 484 1800 posse
498 1717 522 1780 si
536 1715 644 1778 diversi
657 1715 717 1778 sint
739 1714 854 1778 articuli
868 1714 973 1776 mortis
989 1733 996 1776 :

49 1803 198 1870 inlndultis
213 1809 298 1871 enim
314 1807 468 1887 Episcopis
482 1805 634 1869 concessis
647 1804 705 1866 dici
730 1804 826 1865 solet:
847 1825 862 1862 a
877 1803 999 1876 Quoties

48 1909 58 1946 t
77 1894 194 1977 aliquem
210 1898 242 1958 in
260 1897 367 1958 mortis
381 1895 506 1958 articulo
521 1895 715 1956 constitutum
728 1911 793 1953 esse
803 1893 997 1973 conligant...

48 2005 58 2036 r
77 1987 152 2048 lorias
164 1986 373 2069 Apostolicam
388 1983 634 2046 Benedictionem
656 1981 799 2063 impertiri
815 1982 923 2044 valcas.
940 2003 957 2040 a

79 2073 101 2135 ti
114 2077 178 2138 rard
193 2077 277 2138 idem
292 2074 330 2135 sit
343 2073 484 2136 articulus
499 2072 622 2148 mortis,
639 2070 808 2132 benedictio
823 2072 921 2134 iterari
939 2091 998 2136 non

49 2169 141 2240 potest,
156 2166 212 2227 nisi
237 2165 323 2246 prior
337 2163 494 2244 applicatio
509 2161 638 2222 invalida
656 2160 744 2222 luerit
766 2159 884 2224 delectu
906 2166 999 2226 staltis

51 2253 129 2327 gratia
149 2261 200 2318 aut
222 2254 351 2317 alierum
375 2251 584 2314 conditionum
608 2250 837 2332 requisitarum,
853 2259 905 2314 aut
925 2251 999 2316 lortb

50 2339 90 2402 uisi
102 2343 260 2408 diuturnus
275 2341 363 2404 luerit
377 2339 501 2402 morbus
514 2347 545 2402 et
558 2340 722 2421 proximior
735 2341 779 2402 vel
795 2342 893 2422 potius
902 2343 1000 2405 verior

48 2435 151 2496 usserit
164 2433 273 2496 mortis
286 2429 450 2505 articulus3
472 2431 584 2512 quippe
599 2430 699 2510 plures
715 2438 824 2510 negant
839 2431 998 2511 indulgen-

48 2515 104 2580 tiam
124 2521 268 2604 applicari
288 2521 318 2581 in
333 2519 397 2580 solo
414 2519 546 2600 putativo
568 2519 673 2580 mortis
693 2519 838 2595 articulo,
854 2527 884 2580 et
897 2521 1000 2583 volunt

48 2611 145 2672 tantiam
161 2608 279 2687 acquiri
290 2609 321 2670 in
342 2626 412 2670 vero
430 2607 555 2670 articulo
574 2608 694 2682 mortis,
710 2625 765 2668 seu
785 2607 835 2667 illo
856 2607 903 2668 cui
920 2621 1001 2670 mors

47 2699 179 2776 succedit,
205 2705 237 2762 et
260 2699 292 2760 in
315 2697 374 2760 hoc
394 2715 485 2760 sensu
507 2697 648 2777 opinatur
672 2695 796 2757 actualis
820 2693 1001 2756 Substitulus

46 2785 71 2847 S.
84 2787 252 2871 indulgent.
268 2789 378 2867 Corrgr.
395 2785 507 2848 Ludov.
522 2783 708 2860 Princivalli,
723 2782 766 2844 uti
781 2787 825 2844 ast
838 2781 937 2843 videre
951 2801 1000 2863 ap.

47 2875 72 2935 P.
93 2879 225 2955 llaurel,
249 2877 291 2939 Le
322 2875 462 2940 Cbrc'tim
492 2874 618 2951 dcloird,
644 2879 702 2935 etc.
736 2872 803 2950 (art.
824 2877 842 2933 7
854 2919 863 2951 ,
885 2876 919 2933 ιιο
941 2875 1000 2950 83,

47 2983 70 3040 p.
84 2971 162 3046 l55).
185 2962 252 3029 lmd
267 2960 431 3032 studeas.
446 2959 566 3046 ludulg.
577 2965 610 3026 C.
620 2963 658 3023 ab
672 2979 736 3044 apr.
754 2968 844 3029 lbld.

78 3057 160 3118 3963.
184 3059 297 3118 Preter
308 3055 386 3118 hanc
399 3056 618 3135 indulgentiam
629 3055 805 3134 plenariam,
817 3053 917 3134 plures
931 3053 1003 3114 alias

49 3143 122 3206 etiam
137 3145 286 3228 plenarias
301 3144 409 3207 lucrari
423 3151 452 3205 et
467 3143 586 3205 sibimet
599 3141 750 3224 applicare
765 3151 891 3223 possunt
910 3143 1001 3204 mori-

49 3227 139 3312 bundi,
157 3243 191 3299 ut
208 3233 310 3296 videre
323 3241 368 3297 est
381 3231 462 3314 apud
479 3233 539 3294 llll.
558 3233 684 3294 Bourier
704 3230 821 3312 (Troite'
840 3229 887 3294 des
906 3232 1002 3294 indul-

48 3326 163 3404 9encas);
181 3327 214 3385 Ρ.
229 3323 343 3385 Maurel
357 3321 514 3403 (corcaien
528 3319 667 3401 delar're');
684 3322 715 3383 S.
737 3321 872 3402 Liguor,
890 3323 940 3384 ubi
960 3323 1003 3386 sic

48 3407 127 3473 babet
152 3413 356 3476 Busembaum
379 3411 442 3494 (lib.
458 3415 493 3487 d,
516 3427 550 3472 m
570 3413 628 3472 sat
652 3413 721 3488 6·):
749 3412 953 3492 «Requiritur
972 3419 1004 3475 ut

48 3515 61 3554 r
82 3503 275 3565 moribundus
293 3519 433 3577 crucem,
449 3517 593 3582 granum,
619 3500 798 3582 imaginem,
814 3509 885 3574 ete,
901 3519 1004 3563 secum

49 3605 61 3644 a
82 3587 222 3654 babeatin
237 3590 362 3654 articulo
373 3592 487 3667 mortis,
499 3598 533 3652 ut
546 3589 746 3652 rationeillius
756 3586 1005 3665 lucreturlindul·

51 3695 62 3734 r
85 3681 271 3764 gentiam)...;
292 3697 354 3742 non
373 3687 474 3742 tamen
493 3685 539 3740 cst
561 3695 682 3740 neccsse
702 3685 735 3738 ut
754 3677 832 3737 collo
852 3685 1003 3752 appensa·
