2482 3944
396 201 484 252 uram
505 197 662 249 saturnus.
980 185 1022 251 28

54 326 68 364 a
89 301 146 362 Filii
160 299 288 362 hominis
301 305 395 372 oete.
412 303 456 377 (S.
468 302 629 376 Joann.‚o.
640 302 670 376 6,
681 317 710 359 v.
726 298 884 377 tlh-An
898 298 1023 381 insuper

55 389 227 451 Eucharistia
240 391 278 450 sit
291 390 463 451 necessaria
477 389 652 450 necessitate
667 387 756 450 medii
773 387 878 450 saltem
891 386 921 448 in
940 395 1020 468 volo,

56 481 107 538 llm
120 477 155 538 ad
168 478 297 558 primam
318 477 449 559 gratiam
471 475 668 538 obtinendam
688 479 780 556 quam
795 476 834 538 ad
854 475 943 538 vllam
959 477 1021 559 spi·

57 565 180 628 niualem
205 565 466 644 consemandam,
490 564 559 629 vide
579 564 758 648 Theologos,
782 571 813 628 et
825 565 858 628 S.
883 565 1019 648 Lignea,

56 653 99 714 llh.
114 657 148 728 6,
163 669 197 716 n·
211 660 280 719 lau.

88 747 170 806 aloa.
194 745 378 808 Communia
392 743 524 828 parvulis
538 761 600 806 non
613 743 834 806 estnecessaria
849 762 857 806 ε
878 742 938 806 oSl
953 744 1022 824 quis

58 856 69 890 o
88 831 191 894 dixerit
205 833 355 914 parvulis,
371 841 535 915 antequam
550 831 588 894 ad
602 849 699 893 annos
709 831 898 895 discretionis
917 850 1020 912 perro-

59 942 70 980 ·
92 923 204 1000 nerim,
228 923 428 986 necessariam
450 939 516 985 esse
536 920 730 984 Eucharistiae
749 920 1020 1000 communionem,

59 1029 71 1070 ι
91 1011 246 1074 mathema
258 1013 307 1074 sit.
323 1033 339 1071 a
357 1010 517 1088 (Trident,
533 1027 607 1072 sess.
623 1012 659 1072 tl
672 1057 681 1078 ,
696 1028 764 1072 ean.
780 1014 824 1088 l.)

92 1103 173 1162 3409.
186 1103 376 1181 Praeceptum
386 1097 631 1161 communicandi
641 1097 698 1159 suh
708 1101 835 1178 utraque
845 1098 944 1180 speeie
959 1118 1021 1163 non

60 1187 156 1269 ohligal
176 1189 289 1267 laicoe,
311 1188 365 1250 sed
388 1187 468 1250 solos
488 1185 669 1250 sacerdotes.
692 1187 855 1266 (Trident,
872 1204 944 1250 sess.
961 1191 1019 1266 tl,

60 1295 116 1338 oon.
131 1281 174 1356 l.)

93 1369 176 1429 tllo.
199 1367 388 1447 Praeoeptum
395 1363 641 1429 communicandi
653 1363 765 1446 obligat
778 1364 836 1428 sub
845 1366 942 1447 gravi,
957 1373 1022 1428 lum

62 1453 87 1514 iu
99 1455 221 1517 articulo
234 1455 356 1530 mortis,
372 1457 543 1518 tumeliam
557 1454 667 1535 saeplhs
681 1453 712 1514 in
727 1455 805 1527 vili,
826 1461 860 1518 ut
883 1473 1021 1517 commu-

63 1544 129 1605 niter
142 1543 248 1606 dicunt
261 1545 324 1603 DD.
340 1552 368 1604 et
379 1563 433 1624 per
442 1543 582 1606 accidens
592 1542 702 1624 saepiits
712 1541 787 1604 forle
801 1544 832 1604 in
847 1562 950 1606 anno:
966 1544 1023 1607 hoe

62 1641 151 1694 tamen
160 1635 268 1695 suarez
277 1632 350 1694 dielt
359 1631 511 1694 rarissime
520 1630 639 1694 evenire
648 1649 748 1713 posse.
761 1632 829 1713 (hp.
842 1633 873 1694 S.
886 1633 1020 1714 Lignor„

63 1717 108 1781 lu.
123 1727 155 1796 a,
168 1733 200 1783 n·
213 1723 297 1803 aas.)

97 1811 176 1873 h'nde
192 1815 223 1872 l⁰
236 1811 367 1892 quisque
382 1809 478 1872 fidelis
491 1809 522 1871 in
537 1809 672 1892 periculo
686 1808 770 1886 vitae,
787 1809 870 1888 quod
884 1811 1026 1890 praevidet

65 1900 196 1962 elmerild
213 1900 316 1974 finiet,
332 1905 451 1962 tenetur
465 1899 522 1961 suh
542 1896 660 1959 mortali
679 1896 906 1958 communicare
916 1917 924 1958 :
936 1917 963 1960 v.
979 1919 1025 1979 pp,

68 1985 176 2067 ingresi
191 1988 316 2062 morbo,
333 1995 402 2050 ante
413 1985 607 2069 puerperium
622 1983 788 2066 praesertim
802 1984 945 2066 primum,
957 1993 1026 2052 aute

67 2078 223 2139 malletum
238 2077 285 2140 vel
299 2075 532 2159 navigationem.
548 2075 592 2136 De
605 2073 702 2156 capite
719 2071 881 2154 damnatis,
894 2075 1025 2141 diximus

67 2169 377 2337 nppaipaagpgpumur
388 2273 427 2316 an
441 2253 467 2316 is
481 2252 533 2335 qui
547 2253 652 2335 paucis
666 2259 735 2314 ante
749 2251 873 2331 diebus,
886 2271 1026 2317 commu·

67 2343 161 2404 nicasii
174 2363 210 2406 ex
224 2344 400 2416 devotione,
417 2349 556 2404 teneatur
569 2359 689 2404 sumere
704 2341 872 2417 viaticum,
888 2362 1026 2425 superve-

67 2431 156 2495 niente
168 2431 273 2495 morlls
288 2432 441 2514 periculo;
457 2431 649 2494 communior
664 2430 811 2492 sententia
826 2439 928 2512 negat;
945 2433 1025 2495 altir-

67 2530 186 2583 mantem
194 2521 390 2584 nihilominus
398 2523 429 2583 S.
441 2520 598 2602 Lignorlus
607 2520 837 2602 probabiliorem
843 2529 943 2600 vocal,
954 2523 1026 2604 quia

68 2618 236 2692 preceptum
249 2608 414 2692 recipiendi
426 2609 643 2670 Eucharistiam
653 2609 763 2690 obligat
773 2609 902 2672 instante
912 2619 1023 2688 morle;

68 2701 145 2775 porro
157 2699 258 2760 debito
271 2697 410 2760 satisfieri
429 2697 533 2777 nequit
545 2703 708 2777 antequam
722 2696 934 2774 contrahetur,
949 2699 1027 2762 siout

69 2803 120 2846 non
138 2785 315 2870 adimpleret
328 2791 514 2868 praeceptum
535 2784 675 2867 paschale
693 2784 745 2863 qui
768 2782 864 2864 pridie
883 2787 1027 2864 temporis

69 2875 201 2952 paschalis
228 2875 479 2940 communionem
504 2877 683 2937 sumeret—
691 2871 733 2953 (S.
753 2871 898 2952 Lignea,
914 2869 967 2934 lih.
987 2877 1026 2950 6,

69 2973 96 3022 n⁰
108 2969 179 3042 285,
193 2965 262 3027 dud.
274 2965 323 3043 Ξ.)

100 3059 183 3116 tllt.
208 3057 376 3116 Annalem
399 3051 451 3134 qui
472 3070 562 3116 mane
582 3049 834 3127 communicavit,
856 3048 952 3132 possit
976 3053 1028 3114 aul

68 3139 177 3220 debeat,
193 3143 423 3225 superueniente
438 3141 543 3203 mortis
556 3141 706 3223 periculo,
722 3139 870 3202 Viaticum
885 3140 1028 3203 sumere?

69 3235 180 3294 —Tres
198 3237 271 3295 sunt
293 3231 448 3294 sententiae
465 3249 473 3292 ε
489 3230 539 3291 alii
561 3229 730 3305 allirmant;
752 3229 802 3291 alii
816 3229 921 3292 dicunt
940 3249 1027 3313 posse

69 3321 285 3397 communicari,
300 3321 352 3383 sed
368 3337 429 3382 non
443 3319 554 3394 tenorl;
568 3319 615 3380 alii
628 3319 748 3381 mndem
758 3321 885 3382 omnind
898 3327 1024 3402 nogant:

70 3411 194 3473 tresillas
207 3412 371 3473 secuntias
394 3417 427 3472 ut
450 3408 619 3491 prohabiles
639 3408 727 3470 hahet
744 3409 854 3470 uened.
875 3411 940 3472 lllV
967 3411 1028 3488 (lle

69 3493 144 3578 Syn..
160 3500 212 3562 lih.
227 3504 266 3579 ¹1,
286 3517 353 3580 cap.
375 3501 424 3576 ll)
445 3496 498 3578 qui
517 3497 578 3560 ait:
596 3499 660 3558 aln
673 3499 755 3559 tanti
768 3495 947 3579 opinionum
961 3501 1024 3559 lll).

70 3586 315 3670 rdlmrepenlit,
340 3588 493 3668 integrum
515 3586 572 3648 erit
596 3585 728 3668 parocho
750 3601 819 3651 eam
845 3585 1026 3650 sententiam
