2462 3972
365 180 451 227 nisan
471 179 629 228 secururs.
928 165 986 232 bas

11 284 68 348 nisi
80 283 137 344 sub
149 283 216 358 levi,
228 279 329 344 sitatis
341 279 524 342 sitvoluntas
536 275 668 339 rorentis
682 294 688 336 :
703 275 734 337 in
749 278 875 340 materia
887 283 988 341 autem

10 373 67 436 levi
85 390 148 434 non
161 377 258 455 potest
269 370 402 452 obligare
417 368 474 430 uisi
486 369 542 432 sub
558 365 635 442 levi,
650 363 768 429 etiamsi
781 385 891 430 vovens
904 367 990 430 vellet

13 464 71 526 sub
83 461 167 546 gravi
181 479 213 524 se
226 459 373 542 obligare.

50 575 132 637 Hine
146 577 249 636 votum
261 570 371 634 vitandi
386 574 543 653 peecatum
553 586 615 632 non
625 567 738 650 obligat
748 567 804 632 nisi
814 569 898 652 juxta
913 569 990 635 illius

14 667 202 748 gravitatem,
213 661 271 724 nisi
286 659 386 724 vitalio
397 659 477 722 illius
488 659 526 720 sit
535 677 583 721 res
592 659 696 740 magni
710 660 856 722 momenti
869 667 986 743 :prout

14 775 40 817 r.
57 775 104 836 g.,
121 749 360 830 mendacium,si
369 747 454 811 valde
462 748 607 810 indecens
621 754 698 810 esset
708 766 845 829 persone
856 749 888 812 in
897 749 991 832 digni·

14 852 71 906 tate
87 842 309 920 eonstitritae...,
323 839 371 902 vel
386 837 443 900 nisi
458 856 511 920 per
519 836 593 900 illud
608 843 766 919 peecatum
780 838 908 901 multllm
924 839 992 921 quis

16 932 215 1016 impediretur
234 931 252 992 tr
274 927 410 1011 profectu
431 927 463 988 in
482 925 651 989 virtutibus.
668 928 715 1006 (S.
735 924 871 1008 Liguor.,
887 926 939 990 lib.
955 932 991 1007 3,

16 1034 47 1086 n⁰
61 1023 152 1104 tlt.)

53 1125 148 1185 520l.
172 1118 234 1182 Etsi
257 1117 356 1181 alieno
382 1120 451 1180 voto
473 1133 565 1178 nemo
591 1115 740 1196 obligetur
764 1113 792 1177 vi
815 1113 894 1178 illius
916 1116 992 1194 voti,

16 1213 114 1275 haeres
128 1219 229 1274 tamen
243 1208 325 1272 oertd
339 1212 457 1269 tenetur
469 1205 583 1267 solvere
595 1210 662 1267 vola
671 1203 762 1267 realia
773 1202 918 1282 defuncti,
931 1223 992 1267 non

17 1302 143 1386 quidem
157 1319 194 1364 ex
207 1299 235 1361 vi
249 1297 325 1374 voti,
350 1295 403 1358 sed
422 1313 460 1358 ex
479 1293 662 1376 obligatione
682 1294 837 1356 inhaerenti
859 1293 902 1356 rei
924 1312 992 1376 pro-

18 1393 134 1469 rnissae,
147 1407 217 1477 quae
232 1386 337 1450 transit
346 1384 384 1447 ad
398 1383 532 1448 haeredes
542 1401 613 1446 oum
623 1385 688 1464 ipst
700 1402 732 1445 re
743 1383 901 1465 promissa.
915 1383 993 1448 Solvi

18 1489 121 1545 autern
138 1478 229 1542 debet
242 1495 291 1540 res
305 1481 372 1538 vota
385 1479 455 1536 ante
470 1473 586 1555 legata,
601 1479 732 1536 attamen
747 1479 814 1556 post
827 1472 885 1536 alia
895 1473 995 1536 debita

18 1591 51 1634 ex
64 1569 194 1652 justitia.
217 1569 293 1630 Vota
312 1564 404 1628 realia
417 1562 456 1626 de
469 1581 525 1626 suo
543 1561 685 1624 solvenda
700 1569 773 1624 sunt
788 1582 796 1623 :
820 1562 872 1644 qui
887 1562 925 1626 de
940 1582 995 1626 suo

20 1681 81 1724 non
97 1663 197 1742 potest
215 1655 345 1730 solvere,
361 1670 424 1715 non
443 1657 563 1714 tenetur
585 1649 758 1713 mendicare
774 1657 810 1714 ut
827 1650 995 1714 satisfacere

21 1751 125 1834 possit.
141 1744 292 1811 Satislaois
302 1748 408 1808 tamen
422 1741 447 1804 si
462 1758 517 1821 pro
531 1745 560 1802 te
574 1738 651 1801 alius
664 1739 769 1817 solvat,
786 1739 842 1800 nisi
856 1745 924 1800 rota
937 1739 997 1800 sint

21 1838 201 1922 personalia,
217 1834 290 1918 quia
305 1837 381 1896 tuno
394 1831 411 1893 a
425 1833 550 1892 vovente
562 1833 634 1892 sunt
647 1827 811 1910 implenda,
820 1845 877 1890 neo
887 1827 998 1909 obliga·

21 1932 58 1992 tio
71 1929 114 1994 ad
124 1925 260 1990 heredes
272 1923 390 1986 transit.
406 1919 451 2000 (P.
464 1919 558 1999 Gury,
570 1923 643 1978 tom.
659 1919 688 1987 l,
702 1917 826 1996 n⁰323.)

58 2045 153 2107 5202.
175 2041 288 2101 Votum
299 2029 563 2096 indeterminatum
578 2026 679 2110 quoad
691 2032 821 2110 tempus,
831 2047 860 2090 v.
876 2049 906 2110 g.
923 2029 998 2092 reci-

22 2133 107 2197 tandi
124 2126 261 2213 quotidie
284 2122 459 2198 ltosarium,
483 2117 640 2200 Jejunandi
659 2117 691 2180 in
712 2117 863 2198 sabbatis,
887 2118 998 2201 obligat

23 2221 189 2308 perpetub,
205 2216 262 2280 nisi
276 2212 358 2278 aliud
370 2209 470 2291 oolligi
485 2208 579 2291 possit
590 2225 628 2270 ex
640 2207 881 2272 circumstantiis.
897 2209 927 2271 Si
941 2209 997 2271 du-

23 2315 110 2378 bium
123 2311 162 2375 sil
173 2327 212 2372 an
229 2311 333 2369 votum
345 2300 434 2366 luerit
443 2319 498 2382 pro
514 2315 596 2361 anno
607 2297 653 2360 vel
662 2315 784 2378 mense,
806 2316 869 2360 nou
887 2298 999 2361 teneris

24 2405 78 2468 nisi
95 2399 137 2466 ad
151 2397 264 2461 minus.

59 2520 215 2581 Peooatne
227 2507 391 2572 mortaliter
408 2522 520 2569 vovens
537 2521 594 2586 pro
611 2507 748 2582 tempore
769 2499 1001 2563 indeterminato

23 2611 47 2676 si
64 2609 123 2674 diu
136 2603 255 2667 differat
267 2595 419 2680 impleret
432 2629 472 2642 -
485 2593 516 2656 Si
530 2599 633 2655 votum
646 2595 692 2653 est
705 2591 737 2651 in
751 2596 932 2672 perpetuum
946 2588 1000 2651 ob-

23 2697 170 2782 sequium
188 2691 263 2767 Dei,
288 2693 361 2771 puta
382 2682 570 2766 ingrediendi
593 2679 790 2762 religionem,
814 2677 1001 2740 xenodochio

23 2782 228 2859 inserviendi,
246 2784 319 2857 eto,
343 2781 447 2859 peceat
467 2771 631 2834 mortaliter
656 2769 708 2851 qui
731 2769 784 2830 dib
806 2766 921 2846 differt,
944 2767 1000 2828 nisi

25 2881 153 2946 excuset
165 2867 349 2936 rationabilis
362 2882 469 2930 causa:
483 2863 567 2942 juxta
581 2861 682 2942 plures
695 2857 746 2920 dia
760 2855 880 2920 differre
894 2875 1002 2919 cense-

25 2979 111 3036 retur
121 2965 175 3049 qui
188 2961 267 3026 ultra
280 2977 330 3021 sex
346 2950 621 3026 mensesdillerret,
635 2947 800 3031 prasertim
814 2947 840 3009 si
852 2963 914 3009 non
926 2951 1004 3008 esset

20 3053 264 3144 juvenis31'uxta
281 3053 382 3110 autern
406 3045 437 3106 S.
453 3041 589 3122 Lignor,
611 3057 674 3100 non
694 3054 784 3118 parva
804 3041 882 3099 esset
901 3035 1004 3098 dilatio

25 3153 125 3216 trium
138 3144 186 3208 vel
200 3144 329 3224 quatuor
342 3149 492 3198 annorum
505 3129 536 3192 in
552 3129 662 3209 juvene
682 3131 718 3189 15
733 3132 763 3188 et
778 3129 815 3189 16
834 3143 1003 3201 annorum,

27 3241 89 3305 nisi
99 3237 218 3302 adesset
226 3231 306 3312 juste
321 3220 478 3288 differendi
488 3237 590 3297 musa,
599 3235 709 3300 nempe
719 3217 744 3279 si
755 3233 865 3279 vovens
874 3225 1006 3297 speraret

26 3333 174 3416 parentes
183 3313 471 3389 loreeniolliendos;
488 3309 558 3370 item
571 3309 596 3369 si
604 3307 733 3370 obstaret
740 3305 837 3387 gravis
846 3304 1006 3367 necessitas

27 3413 198 3504 spiritualis
207 3415 259 3474 aut
270 3402 433 3487 corporalis
442 3415 581 3462 sororum
595 3395 641 3459 vel
655 3395 793 3457 fratrum.
808 3395 891 3456 Bene
904 3401 1005 3456 tamen

28 3496 375 3576 advertuntSalmantio.
385 3489 491 3556 sedulo
503 3487 536 3550 in
550 3486 597 3550 bis
610 3483 898 3550 carendumessene
907 3482 1007 3548 dilatio

30 3605 72 3663 sit
88 3593 193 3668 nimia,
210 3593 260 3652 aut
275 3581 442 3668 periculum
460 3575 537 3640 adsit
552 3581 653 3639 votum
670 3591 827 3656 nunquam
842 3569 985 3647 implendi
998 3613 1007 3639 .
