2420 3968
218 229 277 289 556
426 259 565 308 urrunnu
586 269 686 316 renus
707 275 788 322 rums
810 279 957 332 cnsonmr.

227 421 230 426 Ι
248 353 335 434 Resp.
354 355 443 418 Posse
470 365 552 426 certe
574 371 692 433 comedi
707 392 835 458 panem,
851 384 983 466 tructus,
999 392 1093 472 oleas,
1106 396 1160 460 her·

204 439 260 502 bas
273 448 304 502 et
319 443 475 510 dulcioris.

245 530 373 600 Quidam
391 533 498 600 dieunt
517 543 619 624 quod,
643 555 754 620 attente
773 559 920 627 moderor
941 574 1157 658 consuetudine,

207 635 266 678 non
293 627 337 680 est
354 625 535 692 attendenda
555 635 681 714 qualitas
699 643 858 727 ciborum,
881 652 934 715 sed
952 661 1067 724 tantiun
1080 685 1159 746 quan·

203 703 291 766 titas:
308 710 390 774 unde
403 713 434 775 in
449 718 660 788 rottatiuncuie
670 733 754 795 ¹sumi
768 747 896 816 possunt
910 742 1074 828 tegumina,
1089 757 1159 816 etiarn

205 793 303 874 pisces
332 805 364 861 ot
390 819 460 882 ova,
487 807 594 873 diebus
614 817 726 896 quibus
739 824 783 886 eis
802 829 880 890 vesei
896 829 1013 899 licitum
1032 849 1087 920 est3
1106 844 1160 908 huio

204 889 306 946 autem
333 891 470 970 opinioni
497 915 560 960 non
587 911 631 965 est
645 908 784 976 universe
811 921 1077 1004 acquiescendum,
1094 935 1158 1012 iuxta

205 971 237 1033 S.
267 975 389 1058 Lignor.
417 981 479 1059 (tib.
499 989 537 1065 3,
557 991 590 1050 n⁰
612 997 700 1077 mar)
720 1019 727 1061 :
746 1020 819 1066 nam
834 1025 871 1068 ex
889 1019 1103 1083 consuetudine
1119 1043 1158 1084 ou

204 1061 384 1141 reiioiuntur
394 1088 402 1132 z
413 1075 547 1154 tantum,
559 1085 723 1161 presertim
734 1089 765 1152 in
780 1095 956 1176 regionibus
966 1103 1157 1187 frigidioribus.

205 1151 223 1211 ir
250 1149 387 1232 pluribus
415 1164 599 1240 permittitur
626 1191 746 1240 sumere
769 1199 877 1261 parum
895 1193 1039 1257 naseinai
1064 1198 1156 1284 turpe

191 1237 266 1302 ‘imo
276 1245 399 1324 quidam
410 1248 476 1312 haee
486 1251 747 1328 indiscriminatim
758 1269 871 1357 ubique
881 1283 1158 1366 permitteremur

204 1346 265 1389 non
279 1343 414 1397 sumatur
434 1339 501 1418 ptus
514 1349 607 1424 quom
623 1353 712 1416 uncia
725 1359 823 1439 casei,
837 1365 884 1426 vei
897 1367 936 1429 ad
949 1388 1102 1440 summum
1114 1397 1158 1442 um

202 1433 272 1478 oum
295 1419 429 1489 dimidia.
451 1428 534 1492 Idem
558 1436 598 1498 ait
621 1441 729 1508 Patous
751 1445 790 1510 de
807 1450 1020 1524 bisoootisotrm
1039 1468 1159 1547 oris,nt

201 1501 308 1584 butyro
330 1511 485 1594 consectis,
502 1522 592 1586 modo
617 1545 723 1594 eorum
747 1554 808 1599 non
838 1553 977 1610 sumatur
998 1552 1158 1640 plusquam

200 1609 261 1653 uno
273 1596 317 1657 vei
332 1599 423 1666 attera
433 1607 539 1687 uneia;
555 1613 609 1676 sed
621 1634 658 1679 ex
673 1628 870 1704 responsione
885 1633 916 1695 S.
933 1637 1157 1710 Paenitentiaria.

200 1681 218 1742 n
239 1684 269 1744 S.
292 1687 412 1768 Liguor.
442 1695 549 1778 rotata,
569 1709 599 1764 et
622 1707 704 1771 auin
728 1713 890 1782 Clementis
911 1727 978 1788 Xttt
996 1734 1157 1816 Appeteres,

199 1773 238 1833 20
262 1771 414 1841 decembr.
434 1787 522 1861 msa,
539 1789 603 1854 haec
618 1793 718 1860 illicita
739 1807 854 1868 suntin
873 1812 1153 1902 corrationalem

200 1857 255 1920 bus
279 1867 389 1942 quibus
409 1874 497 1936 uetita
520 1887 589 1941 sunt
612 1901 665 1946 ova
685 1894 714 1948 et
733 1889 891 1960 lacticinia.
913 1903 944 1964 S.
961 1907 1084 1988 Lignor.
1103 1917 1155 1996 tit..

199 1949 231 2006 n⁰
245 1954 332 2028 toan
349 1963 379 2018 et
392 1961 487 2023 Homo
500 1971 635 2047 apostol„
651 1980 688 2036 tr.
702 1981 749 2056 12,
767 1994 801 2042 n0
815 1989 877 2067 19).
895 1989 929 2052 P.
946 1995 1041 2079 Gury,
1057 2011 1154 2071 n⁰5ti.

196 2033 266 2097 dioit
281 2043 361 2120 quod
384 2055 552 2127 generatim
567 2058 598 2120 in
620 2062 713 2127 Gallia
728 2069 769 2130 uti
785 2071 872 2136 liceat
885 2095 973 2145 caseo
987 2086 1020 2148 in
1035 2097 1154 2166 coerrutt,

195 2129 224 2182 et
247 2125 276 2184 in
301 2132 389 2193 variis
412 2135 486 2200 locis
509 2141 628 2228 butyro,
651 2152 690 2214 ob
708 2154 885 2226 hodiernam
904 2181 1154 2248 cousuetudinem.

197 2209 268 2272 Vide
298 2217 388 2281 etiam
416 2225 478 2288 DI).
511 2233 657 2314 Gousset,
692 2243 845 2331 motoque
871 2262 984 2325 morule
1011 2269 1101 2345 (tom.
1128 2281 1155 2350 t,

194 2307 226 2358 n⁰
240 2303 324 2383 296).

232 2392 335 2462 Quoad
350 2397 445 2479 pisces
458 2424 496 2470 ex
510 2418 657 2480 moderna
670 2431 891 2499 consuetudine
904 2445 1119 2519 permittuntur
1130 2457 1153 2516 in

192 2480 310 2546 modica
323 2492 498 2576 quantitate,
513 2517 624 2585 nempe
637 2508 706 2572 duas
720 2515 765 2576 vet
787 2524 847 2583 tres
859 2527 958 2592 unoiae
973 2534 1065 2613 piscis
1077 2547 1153 2606 etiam

191 2571 323 2649 majoris.
338 2579 380 2655 (S.
398 2581 532 2668 Lignum,
549 2591 763 2682 ib.,n01028.)

230 2659 290 2723 lnsi
305 2670 423 2732 comedi
439 2677 555 2754 possint
574 2689 643 2746 octo
662 2693 760 2755 uneiae
774 2701 877 2779 panis,
894 2711 998 2776 mmen
1011 2717 1153 2786 dubitetur

188 2763 227 2808 an
241 2755 357 2817 comedi
372 2763 488 2839 possint
497 2767 520 2827 si
535 2781 705 2852 coquantur
719 2800 791 2846 eum
800 2795 880 2871 aqua
893 2801 924 2857 et
937 2799 1017 2882 oleo,
1033 2815 1064 2870 et
1079 2813 1151 2892 juxta

187 2833 218 2894 S.
235 2836 357 2919 Liguor.
382 2865 453 2910 oum
475 2855 612 2934 pturibus
630 2865 712 2946 aliis,
736 2881 885 2944 sententio
903 2903 1020 2970 negans
1043 2909 1088 2962 est
1099 2905 1148 2964 sota

186 2923 368 2995 admittenda
384 2955 392 2994 τ
407 2945 471 3002 tum
486 2947 557 3024 quie
571 2951 629 3014 tate
645 2953 792 3024 ferculum
808 2985 869 3032 non
883 2981 930 3038 est
941 2991 1148 3054 consuetudine

185 3009 366 3092 admissum,
384 3030 449 3088 tum
467 3033 538 3110 quia
580 3057 614 3101 er
634 3043 652 3104 d

559 3057 578 3119 p
654 3051 842 3120 ecootionem
856 3079 926 3126 cum
941 3077 1023 3150 aqut
1040 3087 1069 3140 et
1081 3081 1145 3160 otro,

184 3099 269 3199 panis
278 3102 310 3164 nt
319 3109 673 3234 substantiamajormon
684 3135 939 3252 improbattamen
947 3159 979 3222 S.
987 3161 1145 3248 Ligneum,
