2416 3954
190 235 248 299 376
407 245 546 294 annolus
564 245 666 292 bonus
684 243 768 290 lutus
788 241 937 288 canumet.

190 350 331 435 pluviali,
346 351 397 411 aul
411 347 434 409 si
451 347 579 430 pluviale
592 346 689 422 desit,
717 349 775 406 stat
796 343 860 405 sine
883 341 1004 423 planem
1017 345 1048 402 et
1064 338 1150 402 mani·

192 442 264 525 pulo
280 456 351 502 curn
377 437 445 498 alba
462 443 492 498 et
514 435 604 498 stola:
624 433 682 494 oin
706 431 790 494 omni
813 437 914 494 autern
936 429 1150 502 benedictione*

192 553 208 592 4
232 535 313 593 extra
328 526 450 589 missam
460 572 468 599 ,
480 523 618 587 sacerdos
631 523 736 586 saltem
753 519 971 602 superpelliceo
983 517 1095 581 etstola
1108 535 1152 598 pro

193 641 209 680 r
233 618 350 680 ratione
363 613 507 697 temporis
519 619 630 691 utatur,
652 611 709 674 nisi
724 609 809 673 aliter
826 610 859 672 in
872 607 994 672 Missati
1006 613 1148 670 notetur.»

194 710 237 770 lta
252 705 381 769 Bitoule.

234 798 324 858 4480.
346 795 380 856 44
394 792 604 856 benedictione
618 809 705 874 aquae
718 785 998 871 quaefilbominiea
1011 791 1080 848 ante
1093 786 1153 847 rnis

196 904 260 948 sain
274 883 439 946 solemnem
454 881 687 957 decelebraturo,
702 878 862 941 adhibetur
879 875 964 938 color
983 875 1082 938 misse
1095 894 1154 938 con-

196 973 319 1036 veniens
334 991 342 1034 :
358 971 383 1034 si
396 979 497 1034 autem
512 969 564 1032 frat
581 969 619 1031 ab
640 968 699 1030 alio
709 973 762 1028 aul
774 965 833 1028 alio
846 971 996 1046 ternpore,
1010 964 1094 1026 color
1105 964 1155 1026 rio·

197 1063 297 1126 laneus
317 1067 363 1125 est
384 1059 595 1122 adhibendus:
621 1059 652 1120 in
676 1055 885 1119 benedictione
910 1059 1014 1116 autern
1038 1053 1158 1116 mulieris

198 1158 266 1234 post
279 1156 410 1232 partum,
420 1147 582 1210 domorum
597 1147 628 1208 in
643 1145 773 1208 Sabbata
782 1145 902 1219 Sancto,
915 1142 1053 1224 primarii
1066 1141 1157 1222 lapidis

198 1259 253 1322 pro
275 1239 401 1301 ecclesia
421 1236 616 1312 aedificanda,
640 1253 725 1297 novae
747 1232 899 1310 ecclesio,
923 1231 968 1293 vel
991 1231 1156 1306 coemeterii,

199 1327 357 1389 adhibetur
370 1325 453 1388 color
467 1325 564 1402 albus,
574 1343 609 1387 ex
626 1322 745 1386 Ilitauli
758 1323 899 1386 Romano.
912 1319 990 1382 Vide
1005 1320 1050 1384 Do
1059 1318 1156 1396 fierda,

200 1436 231 1498 p.
244 1421 273 1490 l,
289 1426 324 1477 nt
336 1420 393 1492 49,
410 1416 457 1476 Vl.
1075 1445 1079 1452 ·

238 1507 328 1566 4484.
351 1502 462 1566 Nullibi
477 1501 511 1564 tlt
534 1502 649 1564 mentio
665 1517 823 1565 cereomm
841 1499 874 1561 in
892 1497 1069 1576 hujusmodi
1082 1500 1158 1562 bene·

200 1592 394 1670 dictionibus,
405 1591 456 1673 qui
467 1587 595 1672 proinde
605 1609 667 1653 non
680 1597 750 1652 sunt
763 1586 959 1660 accendendi,
976 1589 1035 1650 nisi
1047 1589 1077 1650 in
1086 1589 1158 1651 benc

201 1681 383 1744 dictionibus
400 1681 558 1753 cinerum,
587 1680 776 1762 palmarum,
799 1683 831 1741 et
856 1675 1053 1742 candelarum
1073 1679 1103 1740 in
1121 1677 1158 1738 die

202 1770 432 1834 Purilrcalionis.

242 1865 332 1924 4482.
354 1862 413 1922 Res
426 1857 652 1935 benedicende,
668 1857 691 1919 si
707 1857 768 1919 sint
781 1863 954 1938 paramenta
969 1857 1156 1926 sacerdotalia.

203 1950 273 2030 puni
283 1954 504 2028 possuntsuper
513 1948 617 2024 altare3
630 1964 716 2009 secus
725 1945 1048 2026 csldicendum‚juxta
1056 1946 1158 2011 Ilitmle

204 2037 380 2110 Romanum,
397 2037 421 2097 si
436 2037 458 2097 si
465 2043 496 2096 nt
509 2037 680 2112 esculenta,
695 2041 791 2097 vestes
805 2035 996 2113 monialium,
1012 2055 1112 2112 enses,
1124 2053 1158 2096 re·

204 2123 536 2200 xilla‚candelaectalia
546 2123 717 2202 huJusmodi
728 2172 736 2202 ‚
746 2143 813 2206 quae
821 2124 998 2186 collocanda
1008 2133 1077 2188 sunt
1088 2142 1159 2206 super

204 2229 341 2274 mensam
354 2216 423 2272 anto
438 2211 546 2288 altare,
557 2213 602 2274 vel
617 2213 751 2276 incornu
761 2211 910 2294 Epistulae.
929 2215 984 2290 (lle
994 2215 1106 2291 Herdt‚
1119 2213 1159 2288 il.)

243 2303 333 2362 4483.
360 2300 465 2362 acan
479 2301 618 2370 sacerdos
631 2301 745 2383 aliquid
766 2301 978 2366 benedicturus
995 2309 1059 2381 est,
1074 2303 1160 2366 habea

204 2412 221 2450 n
244 2389 415 2452 ministrum
434 2407 505 2452 curn
528 2408 596 2452 vase
612 2409 700 2472 aquae
722 2390 886 2454 benedicte
905 2397 937 2454 et
958 2393 1161 2474 aspergillo‚el

130 2515 135 2526 ·
205 2501 221 2539 ι
243 2497 314 2543 cum
328 2477 385 2540 hoc
400 2479 506 2541 llituali
523 2477 598 2542 libro
613 2498 666 2542 seu
680 2479 801 2542 blissali.
820 2501 835 2538 a
854 2480 919 2542 Rit.
936 2481 1063 2544 Roman.

244 2573 333 2632 4484.
358 2568 479 2640 Quaerit.
497 2571 528 2630 l⁰
543 2570 686 2640 Quaenam
710 2568 771 2631 sint
792 2568 924 2632 notanda
943 2571 1026 2634 circa
1041 2571 1161 2635 benedic·

158 2731 163 2744 Ι
206 2659 319 2721 tionem
332 2663 363 2720 et
375 2658 580 2738 aspersionem
594 2657 706 2738 oquae‘l

247 2751 335 2829 llesp.
353 2748 384 2808 l⁰
400 2752 493 2827 Aquae
508 2745 676 2809 benedictio
691 2745 755 2808 lieri
769 2745 860 2810 debet
872 2747 1000 2829 singulis
1013 2748 1161 2812 Dominicis

206 2845 237 2899 et
257 2837 375 2918 quoties
392 2853 469 2916 opus
489 2834 579 2898 luerit
594 2855 602 2896 ε
617 2835 809 2916 excipiuntur
827 2836 859 2898 in
882 2836 1003 2898 Missoli
1016 2839 1160 2902 Dominica

208 2924 357 2986 Pascbatis
374 2931 404 2986 et
425 2925 617 2986 Pentecostes
639 2925 670 2985 in
689 2925 823 2987 ecclesiis
839 2925 891 2987 ubi
914 2933 960 2988 est
981 2925 1052 2989 fons
1069 2928 1160 3010 baptis

208 3013 310 3084 malis,
326 3011 362 3073 cb
377 3011 459 3090 qubd
481 3012 512 3073 in
534 3013 568 3074 iis
587 3012 638 3074 liat
651 3014 784 3094 aspersio
805 3031 877 3076 cunr
890 3018 968 3096 aqua
982 3015 1079 3096 pridie
1093 3018 1159 3078 bene·

207 3099 285 3161 dicta
306 3100 336 3160 in
358 3098 439 3161 sonte
461 3099 648 3181 baptismali,
667 3109 737 3164 ante
757 3101 940 3166 inlusionem
961 3105 1021 3166 olei
1037 3112 1069 3169 et
1089 3106 1160 3169 cluis

208 3189 296 3250 rnatis
309 3191 441 3269 accepta.
458 3189 512 3265 (lle
526 3189 631 3260 llerdl,
650 3209 718 3271 pars
732 3195 772 3266 5,
788 3203 820 3252 n⁰
833 3195 888 3271 38,
906 3193 944 3268 l.)

248 3279 319 3337 llaec
337 3276 522 3354 benedictio,
544 3277 644 3359 inquit
661 3281 704 3341 De
715 3280 807 3342 Herdt
822 3269 1030 3363 (ibid.)‚'juxta
1045 3283 1157 3356 Minue,

209 3363 243 3424 lit
258 3365 287 3424 in
301 3365 449 3436 sacristia,
465 3373 495 3425 et
505 3366 589 3441 Juxta
604 3366 726 3429 Ilituolc
747 3369 885 3448 Rolnam,
896 3371 927 3432 in
945 3374 1071 3436 ecclcsil
1083 3373 1115 3436 ad
1126 3371 1157 3432 al·

208 3459 271 3514 toro
286 3452 315 3512 in
330 3470 426 3514 cornu
443 3454 596 3534 apamiae,
611 3456 656 3515 vel
669 3475 699 3516 rn
718 3458 853 3520 sacristia
866 3477 874 3520 ε
890 3478 959 3541 quae
977 3461 1098 3526 diverse
1112 3461 1157 3521 du·

210 3541 1157 3632 positionesconciliaripossunt‚dicendoMissulerespicemsolan

210 3626 448 3690 borrellictioncm
463 3647 549 3707 aque
562 3629 594 3690 in
614 3631 720 3696 diebus
733 3635 899 3700 Dominicis
911 3646 980 3702 ante
994 3641 1112 3705 missum
1121 3655 1155 3704 st*
