2416 3954
408 191 495 234 arsen
516 188 675 238 asenneus.
971 201 1026 258 ms

76 311 87 348 a
110 295 215 353 secreto
228 288 341 372 aliquo,
357 305 493 352 seorsum
504 287 543 352 ub
557 287 697 364 ecclesii,
713 288 778 352 toco
792 290 942 354 custodire
955 338 962 368 ,
976 293 1023 354 ibi·

76 401 89 434 n
109 377 230 458 demque
242 378 304 457 jam
314 383 412 440 amota
426 375 573 439 collocare
586 382 616 438 et
634 394 783 440 asservare
795 427 803 456 ,
815 385 848 442 ut
864 379 888 440 si
907 379 1028 461 quando

75 487 88 522 a
110 467 248 528 Dominus
265 465 368 528 tatium
385 465 517 528 virorum
538 465 644 527 merita
666 465 894 530 Beatificationis
907 485 961 530 scu
978 469 1030 530 Ca-

77 574 89 608 n
111 554 297 616 nonizationis
317 553 432 616 honore
447 553 478 614 iu
497 554 584 615 terris
602 553 744 616 decorare
761 555 900 633 voluerit,
914 561 1030 619 exstent

76 663 88 698 o
109 641 247 722 ejusmodi
269 641 460 724 probationes
487 642 664 724 dpostotieae
689 643 774 706 Sedis
788 644 900 723 judicio
920 645 1030 708 exami-

77 750 89 786 n
111 729 222 792 nandae.
244 752 260 788 u

110 821 191 880 4886.
208 817 320 882 Proddt
337 819 460 883 tandem
478 823 496 881 5
516 819 582 900 iulii
596 822 672 882 1638
687 819 745 882 alia
758 821 934 884 Constitutio
955 825 1029 902 ejus·

77 905 139 968 dem
151 906 298 970 Pontificis
312 907 459 990 incipiens
481 907 614 971 Caelestis
627 908 805 986 Jerusalem,
823 907 853 970 in
868 913 927 990 qut
941 929 1029 993 supro

77 993 145 1056 dicta
156 995 389 1072 confirmantur,
405 996 641 1078 prohibeturque
654 1016 691 1059 ne
716 1000 875 1060 Servorum
891 999 943 1058 Dei
960 1017 1032 1060 non·

77 1082 141 1144 dum
160 1084 394 1146 beatificatorum
406 1085 552 1166 imagines
563 1085 594 1146 in
607 1086 740 1148 ecclesiis
755 1085 881 1167 aliisque
896 1085 968 1146 locis
980 1105 1034 1166 pu-

79 1169 152 1234 blicis
168 1178 218 1234 aut
235 1174 357 1255 privatis
376 1179 527 1254 ponantur
551 1193 623 1236 cum
641 1174 781 1236 laureotIs
799 1181 850 1236 aut
869 1173 960 1234 radiis
980 1193 1033 1235 seu

78 1259 291 1340 splendoribus3
305 1268 356 1324 aut
367 1262 560 1324 admittantur
578 1281 735 1345 processus
746 1262 785 1325 de
800 1261 880 1324 tama
891 1262 1033 1324 virtutum

79 1354 103 1408 et
114 1349 256 1412 miraculis
278 1351 317 1412 ab
330 1350 487 1412 Ordinorio
508 1351 644 1413 locorum
664 1350 860 1413 conficiendis
874 1357 1033 1432 antequam

79 1437 200 1518 signetur
211 1439 387 1502 commissio
400 1457 498 1501 causae
510 1439 757 1502 canonizationis.
773 1439 849 1501 Vide
869 1438 949 1520 apud
963 1439 1034 1502 Fer·

80 1527 154 1598 raris,
169 1539 198 1588 m
211 1527 317 1590 Cultus
330 1528 506 1588 Sanctorum
518 1575 527 1605 ,
543 1537 576 1588 n⁰
588 1533 637 1589 m.

112 1617 195 1680 i887.
218 1617 261 1678 Ex
285 1616 332 1678 his
352 1621 433 1698 patet
454 1616 607 1696 prohiberi
621 1617 743 1698 quidem
755 1617 793 1680 ab
806 1616 939 1680 Ecclesia
953 1625 1036 1680 actus

80 1702 166 1766 cuitus
185 1705 299 1787 pubiici
320 1723 390 1786 erga
410 1707 515 1766 Servos
533 1706 585 1765 bei
606 1705 742 1766 nondum
763 1704 959 1779 beatificatos,
975 1724 1035 1766 non

80 1793 141 1854 uero
151 1801 232 1856 actus
245 1794 345 1858 cuitus
360 1794 463 1874 primii
477 1841 484 1868 ,
500 1793 553 1874 qui
574 1794 662 1854 etiam
674 1793 793 1873 publice
814 1793 877 1854 tieri
890 1799 1035 1876 possum,

81 1880 201 1962 alioquin
216 1883 337 1964 probari
351 1901 412 1944 non
426 1889 526 1962 posset
539 1880 618 1942 fama
632 1881 795 1942 sanctitatis
806 1883 888 1944 Servi
903 1883 967 1944 nei.

114 1971 212 2042 Quoad
224 1971 448 2032 venerationem
462 1970 667 2052 Reliquiarum
680 1971 868 2048 Sanctorum,
884 1971 950 2032 vide
961 1972 1037 2034 dicta

82 2075 162 2138 supra
176 2061 377 2138 (toan-1038).

116 2151 199 2210 tuus.
213 2147 464 2210 Formutaautem
473 2147 693 2227 protestationis
702 2145 850 2229 principio
859 2148 925 2210 libri
936 2149 1039 2228 adjun-

82 2236 177 2312 gendae
189 2283 196 2312 ,
207 2238 292 2316 juxta
303 2238 427 2297 Decreta
451 2234 559 2296 Urbani
584 2237 655 2314 VIII,
675 2236 871 2316 sequentibus
884 2237 981 2299 uerbis
994 2245 1039 2300 est

83 2325 284 2404 exprimenda:

120 2437 135 2471 u
154 2414 227 2475 Cirm
249 2411 459 2475 sanctissimus
474 2414 510 2473 D.
529 2414 565 2473 N.
586 2415 726 2476 Urbanus
738 2415 819 2493 Papa
835 2415 917 2490 VIII,
934 2413 982 2475 die
1002 2417 1039 2474 t3

84 2524 97 2558 n
118 2503 211 2565 martii
235 2520 317 2564 anno
333 2503 407 2563 1625
422 2547 429 2576 ,
445 2501 476 2562 in
492 2503 582 2562 Sacra
595 2499 831 2580 congregatione
845 2501 960 2562 Sanctae
981 2503 1039 2562 Ito·

84 2613 97 2648 a
119 2609 213 2653 manee
234 2597 265 2653 et
285 2589 466 2654 Universatis
487 2589 691 2669 inquisitionis
710 2590 870 2648 Decretum
892 2587 1039 2666 ediderit,

85 2699 98 2736 u
119 2679 257 2762 idemque
270 2678 491 2740 confirmaverit
503 2677 551 2738 die
572 2680 590 2737 5
604 2675 669 2755 iulii
682 2693 763 2737 anno
778 2679 852 2736 1634
864 2721 872 2752 ,
886 2693 947 2756 quo
963 2674 1041 2736 inbi-

85 2789 98 2825 a
121 2768 180 2830 buit
194 2767 326 2849 imprimi
342 2766 433 2826 libros
447 2765 605 2826 hominum
614 2764 665 2844 qui
676 2763 830 2824 sanctitate
844 2781 897 2825 seu
909 2764 1042 2844 martyrii

87 2879 99 2914 a
121 2856 197 2918 ianm
209 2856 357 2931 celebres,
371 2855 388 2916 d
402 2854 458 2915 vita
473 2853 696 2933 migraverunt,
711 2857 808 2932 gesta,
824 2851 968 2913 miracuta
978 2897 985 2928 ,
997 2851 1041 2915 vet

87 2965 100 3002 n
120 2945 323 3014 revelationes.
336 2962 390 3004 seu
401 2959 599 3023 quacumque
613 2938 769 3018 benefida,
783 2945 926 3022 tanquam
938 2957 1043 3004 eorum

88 3057 100 3090 n
122 3031 381 3097 intercessionibus
392 3033 410 3092 b
422 3034 483 3092 beo
490 3035 629 3110 accepta,
642 3029 845 3099 continentes,
863 3029 929 3091 sind
942 3049 1044 3114 recog-

89 3143 102 3180 n
124 3125 235 3187 uitione
253 3125 342 3203 atque
360 3119 573 3204 approbatione
593 3117 761 3196 Ordinorii,
776 3124 806 3180 et
819 3137 887 3202 quae
901 3118 1044 3183 hactenus

89 3231 102 3270 o
124 3212 186 3276 sind
197 3213 233 3274 eit
246 3211 391 3292 impressa
404 3213 494 3286 sunt,
516 3206 598 3268 nutto
622 3205 712 3269 modo
730 3206 792 3269 vult
810 3207 925 3269 censeri
940 3226 1046 3291 appro

90 3321 103 3356 a
124 3298 209 3378 bata,
233 3299 313 3364 idem
335 3304 435 3359 autem
458 3295 683 3376 sanctissimus,
698 3295 746 3358 die
769 3299 787 3357 5
805 3295 883 3374 junii
899 3299 971 3358 tom
984 3344 992 3374 ,
1006 3299 1045 3359 ita

91 3409 104 3444 a
125 3387 328 3470 explicaverit,
345 3393 377 3450 ut
388 3386 531 3447 nimicum
545 3403 606 3445 non
628 3383 821 3446 admittantur
839 3383 934 3464 elogia
946 3386 1046 3448 Sancti

93 3498 105 3532 u
126 3475 169 3538 vet
182 3477 264 3540 Beati
278 3475 411 3538 absotme
423 3520 431 3552 ,
444 3480 474 3536 et
484 3491 552 3554 quae
564 3471 673 3534 cadunt
685 3490 775 3554 super
786 3490 956 3554 personam,
970 3471 1046 3532 bend

95 3587 106 3618 a
128 3572 226 3628 tamen
246 3553 279 3628 e'a
300 3582 367 3648 quae
387 3562 598 3626 caduntsuncr
612 3577 711 3623 mores
730 3566 761 3622 et
773 3559 963 3641 opinionem,
976 3575 1044 3616 cum
