<?xml version="1.0" encoding="UTF-8"?>
<!DOCTYPE html PUBLIC "-//W3C//DTD XHTML 1.0 Transitional//EN"
    "http://www.w3.org/TR/xhtml1/DTD/xhtml1-transitional.dtd">
<html xmlns="http://www.w3.org/1999/xhtml" xml:lang="en" lang="en">
 <head>
  <title>
</title>
<meta http-equiv="Content-Type" content="text/html;charset=utf-8" />
  <meta name='ocr-system' content='tesseract 3.04.00' />
  <meta name='ocr-capabilities' content='ocr_page ocr_carea ocr_par ocr_line ocrx_word'/>
</head>
<body>
  <div class='ocr_page' id='page_1' title='image "./manualetotiusju00craigoog_0722.png"; bbox 0 0 2462 3972; ppageno 0'>
   <div class='ocr_carea' id='block_1_1' title="bbox 362 243 626 296">
    <p class='ocr_par' dir='ltr' id='par_1_1' title="bbox 362 243 626 296">
     <span class='ocr_line' id='line_1_1' title="bbox 362 243 626 296; baseline -0.015 0"><span class='ocrx_word' id='word_1_1' title='bbox 362 247 447 296; x_wconf 70' lang='lat' dir='ltr'>tmen</span> <span class='ocrx_word' id='word_1_2' title='bbox 469 243 626 292; x_wconf 72' lang='lat' dir='ltr'>SECUNDUS.</span> 
     </span>
    </p>
   </div>
   <div class='ocr_carea' id='block_1_2' title="bbox 459 411 532 492">
    <p class='ocr_par' dir='ltr' id='par_1_2' title="bbox 459 411 532 492">
     <span class='ocr_line' id='line_1_2' title="bbox 459 411 532 492; baseline 0.027 -20"><span class='ocrx_word' id='word_1_3' title='bbox 459 411 477 492; x_wconf 74' lang='lat'>5</span> <span class='ocrx_word' id='word_1_4' title='bbox 495 411 532 474; x_wconf 88' lang='lat' dir='ltr'>u.</span> 
     </span>
    </p>
   </div>
   <div class='ocr_carea' id='block_1_3' title="bbox 286 535 710 612">
    <p class='ocr_par' dir='ltr' id='par_1_3' title="bbox 286 535 710 612">
     <span class='ocr_line' id='line_1_3' title="bbox 286 535 710 612; baseline -0.005 -11"><span class='ocrx_word' id='word_1_5' title='bbox 286 535 330 601; x_wconf 85' lang='lat' dir='ltr'>De</span> <span class='ocrx_word' id='word_1_6' title='bbox 343 537 485 600; x_wconf 78' lang='lat' dir='ltr'><strong><em>erectione</em></strong></span> <span class='ocrx_word' id='word_1_7' title='bbox 497 535 710 612; x_wconf 77' lang='lat' dir='ltr'>beneficiorum</span> 
     </span>
    </p>
   </div>
   <div class='ocr_carea' id='block_1_4' title="bbox 15 685 1031 3524">
    <p class='ocr_par' dir='ltr' id='par_1_4' title="bbox 15 685 1028 1212">
     <span class='ocr_line' id='line_1_4' title="bbox 51 685 1028 768; baseline -0.003 -16"><span class='ocrx_word' id='word_1_8' title='bbox 51 693 141 752; x_wconf 81' lang='lat'><strong>5³90.</strong></span> <span class='ocrx_word' id='word_1_9' title='bbox 168 688 324 751; x_wconf 74' lang='lat' dir='ltr'>«Erectio</span> <span class='ocrx_word' id='word_1_10' title='bbox 345 685 564 749; x_wconf 80' lang='lat' dir='ltr'>beneficiorum</span> <span class='ocrx_word' id='word_1_11' title='bbox 588 692 632 748; x_wconf 88' lang='lat' dir='ltr'>est</span> <span class='ocrx_word' id='word_1_12' title='bbox 650 691 734 749; x_wconf 87' lang='lat' dir='ltr'>actus</span> <span class='ocrx_word' id='word_1_13' title='bbox 753 685 905 768; x_wconf 83' lang='lat' dir='ltr'>legitimus</span> <span class='ocrx_word' id='word_1_14' title='bbox 925 705 988 768; x_wconf 90' lang='lat' dir='ltr'>quo</span> <span class='ocrx_word' id='word_1_15' title='bbox 1023 748 1028 762; x_wconf 82' lang='grc'>,</span> 
     </span>
     <span class='ocr_line' id='line_1_5' title="bbox 15 774 987 858; baseline 0 -20"><span class='ocrx_word' id='word_1_16' title='bbox 15 801 29 838; x_wconf 79' lang='grc' dir='ltr'>ι</span> <span class='ocrx_word' id='word_1_17' title='bbox 50 795 172 840; x_wconf 89' lang='lat' dir='ltr'>sacrum</span> <span class='ocrx_word' id='word_1_18' title='bbox 187 776 309 858; x_wconf 81' lang='lat' dir='ltr'>aliquod</span> <span class='ocrx_word' id='word_1_19' title='bbox 322 775 456 838; x_wconf 83' lang='lat' dir='ltr'>odicium</span> <span class='ocrx_word' id='word_1_20' title='bbox 469 774 515 837; x_wconf 85' lang='lat' dir='ltr'>vel</span> <span class='ocrx_word' id='word_1_21' title='bbox 534 775 735 837; x_wconf 87' lang='lat' dir='ltr'>ministerium</span> <span class='ocrx_word' id='word_1_22' title='bbox 751 774 782 836; x_wconf 93' lang='lat' dir='ltr'>in</span> <span class='ocrx_word' id='word_1_23' title='bbox 796 779 878 837; x_wconf 72' lang='lat' dir='ltr'>certa</span> <span class='ocrx_word' id='word_1_24' title='bbox 891 775 987 838; x_wconf 89' lang='lat' dir='ltr'>ecole-</span> 
     </span>
     <span class='ocr_line' id='line_1_6' title="bbox 17 862 987 945; baseline -0.003 -19"><span class='ocrx_word' id='word_1_25' title='bbox 17 887 31 926; x_wconf 66' lang='grc' dir='ltr'><strong>ο</strong></span> <span class='ocrx_word' id='word_1_26' title='bbox 52 869 98 929; x_wconf 78' lang='lat' dir='ltr'>sits</span> <span class='ocrx_word' id='word_1_27' title='bbox 112 865 158 928; x_wconf 84' lang='lat' dir='ltr'>uel</span> <span class='ocrx_word' id='word_1_28' title='bbox 172 865 255 928; x_wconf 85' lang='lat' dir='ltr'>altari</span> <span class='ocrx_word' id='word_1_29' title='bbox 279 867 296 925; x_wconf 76' lang='lat' dir='ltr'>d</span> <span class='ocrx_word' id='word_1_30' title='bbox 310 864 418 928; x_wconf 90' lang='lat' dir='ltr'>clerico</span> <span class='ocrx_word' id='word_1_31' title='bbox 432 863 607 926; x_wconf 90' lang='lat' dir='ltr'>obeundum</span> <span class='ocrx_word' id='word_1_32' title='bbox 629 862 819 926; x_wconf 73' lang='lat' dir='ltr'>constituitur</span> <span class='ocrx_word' id='word_1_33' title='bbox 832 881 904 925; x_wconf 86' lang='lat' dir='ltr'>cum</span> <span class='ocrx_word' id='word_1_34' title='bbox 919 883 987 945; x_wconf 86' lang='lat' dir='ltr'>per·</span> 
     </span>
     <span class='ocr_line' id='line_1_7' title="bbox 16 949 989 1038; baseline 0 -24"><span class='ocrx_word' id='word_1_35' title='bbox 16 977 29 1014; x_wconf 79' lang='lat' dir='ltr'>n</span> <span class='ocrx_word' id='word_1_36' title='bbox 52 959 146 1038; x_wconf 88' lang='lat' dir='ltr'>petuo</span> <span class='ocrx_word' id='word_1_37' title='bbox 172 952 310 1032; x_wconf 89' lang='lat' dir='ltr'>redditu,</span> <span class='ocrx_word' id='word_1_38' title='bbox 333 970 425 1034; x_wconf 88' lang='lat' dir='ltr'>quem</span> <span class='ocrx_word' id='word_1_39' title='bbox 450 951 578 1015; x_wconf 85' lang='lat' dir='ltr'>clericus</span> <span class='ocrx_word' id='word_1_40' title='bbox 595 953 663 1033; x_wconf 86' lang='lat' dir='ltr'>jure</span> <span class='ocrx_word' id='word_1_41' title='bbox 683 970 739 1014; x_wconf 90' lang='lat' dir='ltr'>suo</span> <span class='ocrx_word' id='word_1_42' title='bbox 760 949 905 1033; x_wconf 82' lang='lat' dir='ltr'>percipiet</span> <span class='ocrx_word' id='word_1_43' title='bbox 924 953 989 1014; x_wconf 76' lang='lat' dir='ltr'>tiam</span> 
     </span>
     <span class='ocr_line' id='line_1_8' title="bbox 17 1039 991 1124; baseline 0 -20"><span class='ocrx_word' id='word_1_44' title='bbox 17 1065 31 1104; x_wconf 84' lang='lat' dir='ltr'>o</span> <span class='ocrx_word' id='word_1_45' title='bbox 53 1044 269 1108; x_wconf 77' lang='lat' dir='ltr'>alimentorum</span> <span class='ocrx_word' id='word_1_46' title='bbox 285 1048 315 1104; x_wconf 90' lang='lat' dir='ltr'>et</span> <span class='ocrx_word' id='word_1_47' title='bbox 335 1041 474 1124; x_wconf 87' lang='lat' dir='ltr'>stipendii</span> <span class='ocrx_word' id='word_1_48' title='bbox 493 1043 602 1119; x_wconf 77' lang='lat' dir='ltr'>coust,</span> <span class='ocrx_word' id='word_1_49' title='bbox 620 1048 685 1104; x_wconf 86' lang='lat' dir='ltr'>tum</span> <span class='ocrx_word' id='word_1_50' title='bbox 707 1040 745 1103; x_wconf 89' lang='lat' dir='ltr'>sd</span> <span class='ocrx_word' id='word_1_51' title='bbox 763 1039 884 1102; x_wconf 82' lang='lat' dir='ltr'>ferenda</span> <span class='ocrx_word' id='word_1_52' title='bbox 898 1059 991 1104; x_wconf 85' lang='lat' dir='ltr'>onera</span> 
     </span>
     <span class='ocr_line' id='line_1_9' title="bbox 16 1122 909 1212; baseline -0.004 -18"><span class='ocrx_word' id='word_1_53' title='bbox 16 1157 31 1194; x_wconf 81' lang='lat' dir='ltr'>a</span> <span class='ocrx_word' id='word_1_54' title='bbox 53 1131 208 1196; x_wconf 82' lang='lat' dir='ltr'>beneficii.</span> <span class='ocrx_word' id='word_1_55' title='bbox 223 1152 240 1191; x_wconf 77' lang='lat' dir='ltr'>n</span> <span class='ocrx_word' id='word_1_56' title='bbox 255 1132 299 1193; x_wconf 86' lang='lat' dir='ltr'>lta</span> <span class='ocrx_word' id='word_1_57' title='bbox 311 1129 398 1193; x_wconf 86' lang='lat' dir='ltr'>Gard.</span> <span class='ocrx_word' id='word_1_58' title='bbox 415 1131 515 1211; x_wconf 78' lang='lat' dir='ltr'>Soglia</span> <span class='ocrx_word' id='word_1_59' title='bbox 528 1131 614 1209; x_wconf 81' lang='lat' dir='ltr'>(last.</span> <span class='ocrx_word' id='word_1_60' title='bbox 627 1130 696 1212; x_wconf 86' lang='lat' dir='ltr'>jur.</span> <span class='ocrx_word' id='word_1_61' title='bbox 709 1130 804 1212; x_wconf 73' lang='lat' dir='ltr'>prio,</span> <span class='ocrx_word' id='word_1_62' title='bbox 818 1129 836 1210; x_wconf 65' lang='grc' dir='ltr'><strong>ἓ</strong></span> <span class='ocrx_word' id='word_1_63' title='bbox 850 1122 909 1208; x_wconf 73' lang='lat' dir='ltr'>tlt).</span> 
     </span>
    </p>

    <p class='ocr_par' dir='ltr' id='par_1_5' title="bbox 16 1217 1031 2546">
     <span class='ocr_line' id='line_1_10' title="bbox 55 1217 994 1300; baseline -0.006 -16"><span class='ocrx_word' id='word_1_64' title='bbox 55 1225 148 1284; x_wconf 76' lang='lat'><strong>5391.</strong></span> <span class='ocrx_word' id='word_1_65' title='bbox 172 1220 218 1281; x_wconf 83' lang='lat' dir='ltr'>nd</span> <span class='ocrx_word' id='word_1_66' title='bbox 232 1220 414 1282; x_wconf 80' lang='lat' dir='ltr'>erectionem</span> <span class='ocrx_word' id='word_1_67' title='bbox 426 1237 498 1300; x_wconf 83' lang='lat' dir='ltr'>ergo</span> <span class='ocrx_word' id='word_1_68' title='bbox 512 1226 641 1300; x_wconf 86' lang='lat' dir='ltr'>quatuor</span> <span class='ocrx_word' id='word_1_69' title='bbox 654 1219 866 1300; x_wconf 85' lang='lat' dir='ltr'>requiruntur:</span> <span class='ocrx_word' id='word_1_70' title='bbox 879 1221 910 1280; x_wconf 81' lang='lat' dir='ltr'>l⁰</span> <span class='ocrx_word' id='word_1_71' title='bbox 923 1217 994 1298; x_wconf 59' lang='lat' dir='ltr'>tegla</span> 
     </span>
     <span class='ocr_line' id='line_1_11' title="bbox 16 1305 994 1389; baseline -0.004 -17"><span class='ocrx_word' id='word_1_72' title='bbox 16 1311 90 1372; x_wconf 88' lang='lat' dir='ltr'>tima</span> <span class='ocrx_word' id='word_1_73' title='bbox 112 1309 282 1389; x_wconf 86' lang='lat' dir='ltr'>Superioris</span> <span class='ocrx_word' id='word_1_74' title='bbox 304 1308 495 1371; x_wconf 83' lang='lat' dir='ltr'>ecclesiastici</span> <span class='ocrx_word' id='word_1_75' title='bbox 518 1307 697 1384; x_wconf 84' lang='lat' dir='ltr'>auotoritas3</span> <span class='ocrx_word' id='word_1_76' title='bbox 726 1311 757 1369; x_wconf 73' lang='lat'>2⁰</span> <span class='ocrx_word' id='word_1_77' title='bbox 785 1305 994 1370; x_wconf 82' lang='lat' dir='ltr'>determinatio</span> 
     </span>
     <span class='ocr_line' id='line_1_12' title="bbox 18 1395 994 1478; baseline -0.005 -16"><span class='ocrx_word' id='word_1_78' title='bbox 18 1399 107 1464; x_wconf 83' lang='lat' dir='ltr'>officii</span> <span class='ocrx_word' id='word_1_79' title='bbox 122 1397 284 1478; x_wconf 89' lang='lat' dir='ltr'>spiritualis</span> <span class='ocrx_word' id='word_1_80' title='bbox 301 1403 332 1459; x_wconf 90' lang='lat' dir='ltr'>et</span> <span class='ocrx_word' id='word_1_81' title='bbox 351 1397 408 1459; x_wconf 91' lang='lat' dir='ltr'>loci</span> <span class='ocrx_word' id='word_1_82' title='bbox 430 1396 461 1458; x_wconf 90' lang='lat' dir='ltr'>in</span> <span class='ocrx_word' id='word_1_83' title='bbox 476 1416 537 1478; x_wconf 90' lang='lat' dir='ltr'>quo</span> <span class='ocrx_word' id='word_1_84' title='bbox 551 1397 630 1459; x_wconf 87' lang='lat' dir='ltr'>istud</span> <span class='ocrx_word' id='word_1_85' title='bbox 644 1395 778 1466; x_wconf 84' lang='lat' dir='ltr'>officium</span> <span class='ocrx_word' id='word_1_86' title='bbox 791 1402 837 1459; x_wconf 87' lang='lat' dir='ltr'>est</span> <span class='ocrx_word' id='word_1_87' title='bbox 850 1415 994 1478; x_wconf 82' lang='lat' dir='ltr'>peragen-</span> 
     </span>
     <span class='ocr_line' id='line_1_13' title="bbox 17 1484 1031 1568; baseline -0.003 -18"><span class='ocrx_word' id='word_1_88' title='bbox 17 1489 111 1563; x_wconf 90' lang='lat' dir='ltr'>dum;</span> <span class='ocrx_word' id='word_1_89' title='bbox 134 1491 166 1550; x_wconf 82' lang='lat'>3⁰</span> <span class='ocrx_word' id='word_1_90' title='bbox 187 1486 360 1548; x_wconf 88' lang='lat' dir='ltr'>constitutio</span> <span class='ocrx_word' id='word_1_91' title='bbox 379 1484 457 1547; x_wconf 91' lang='lat' dir='ltr'>dotis</span> <span class='ocrx_word' id='word_1_92' title='bbox 476 1505 529 1548; x_wconf 91' lang='lat' dir='ltr'>seu</span> <span class='ocrx_word' id='word_1_93' title='bbox 544 1485 694 1548; x_wconf 87' lang='lat' dir='ltr'>bonorum</span> <span class='ocrx_word' id='word_1_94' title='bbox 710 1503 746 1548; x_wconf 84' lang='lat' dir='ltr'>ex</span> <span class='ocrx_word' id='word_1_95' title='bbox 766 1485 877 1568; x_wconf 88' lang='lat' dir='ltr'>quihus</span> <span class='ocrx_word' id='word_1_96' title='bbox 897 1493 996 1548; x_wconf 90' lang='lat' dir='ltr'>rector</span> <span class='ocrx_word' id='word_1_97' title='bbox 1028 1519 1031 1528; x_wconf 41' lang='grc' dir='ltr'><strong><em>ι</em></strong></span> 
     </span>
     <span class='ocr_line' id='line_1_14' title="bbox 20 1573 994 1656; baseline -0.002 -18"><span class='ocrx_word' id='word_1_98' title='bbox 20 1575 161 1638; x_wconf 87' lang='lat' dir='ltr'>beneficii</span> <span class='ocrx_word' id='word_1_99' title='bbox 174 1593 291 1638; x_wconf 89' lang='lat' dir='ltr'>annuos</span> <span class='ocrx_word' id='word_1_100' title='bbox 304 1573 419 1637; x_wconf 79' lang='lat' dir='ltr'>tructus</span> <span class='ocrx_word' id='word_1_101' title='bbox 432 1575 578 1656; x_wconf 84' lang='lat' dir='ltr'>percipiat</span> <span class='ocrx_word' id='word_1_102' title='bbox 593 1595 600 1635; x_wconf 77' lang='grc' dir='ltr'><strong>ε</strong></span> <span class='ocrx_word' id='word_1_103' title='bbox 619 1574 684 1637; x_wconf 85' lang='lat' dir='ltr'>haeo</span> <span class='ocrx_word' id='word_1_104' title='bbox 699 1581 800 1638; x_wconf 86' lang='lat' dir='ltr'>autem</span> <span class='ocrx_word' id='word_1_105' title='bbox 813 1573 869 1637; x_wconf 85' lang='lat' dir='ltr'>dos</span> <span class='ocrx_word' id='word_1_106' title='bbox 882 1575 994 1638; x_wconf 88' lang='lat' dir='ltr'>consti-</span> 
     </span>
     <span class='ocr_line' id='line_1_15' title="bbox 19 1663 993 1746; baseline -0.002 -20"><span class='ocrx_word' id='word_1_107' title='bbox 19 1667 60 1728; x_wconf 92' lang='lat' dir='ltr'>tui</span> <span class='ocrx_word' id='word_1_108' title='bbox 90 1663 183 1726; x_wconf 89' lang='lat' dir='ltr'>debet</span> <span class='ocrx_word' id='word_1_109' title='bbox 197 1682 250 1746; x_wconf 86' lang='lat' dir='ltr'>per</span> <span class='ocrx_word' id='word_1_110' title='bbox 276 1663 432 1746; x_wconf 88' lang='lat' dir='ltr'>publicum</span> <span class='ocrx_word' id='word_1_111' title='bbox 455 1665 702 1740; x_wconf 89' lang='lat' dir='ltr'>instrumentum,</span> <span class='ocrx_word' id='word_1_112' title='bbox 724 1669 753 1725; x_wconf 90' lang='lat' dir='ltr'>ct</span> <span class='ocrx_word' id='word_1_113' title='bbox 772 1665 856 1741; x_wconf 85' lang='lat' dir='ltr'>juxta</span> <span class='ocrx_word' id='word_1_114' title='bbox 880 1663 993 1726; x_wconf 82' lang='lat' dir='ltr'>Concil.</span> 
     </span>
     <span class='ocr_line' id='line_1_16' title="bbox 19 1749 996 1834; baseline -0.004 -19"><span class='ocrx_word' id='word_1_115' title='bbox 19 1753 104 1816; x_wconf 73' lang='lat' dir='ltr'>trid.</span> <span class='ocrx_word' id='word_1_116' title='bbox 121 1754 205 1832; x_wconf 88' lang='lat' dir='ltr'>(sess.</span> <span class='ocrx_word' id='word_1_117' title='bbox 222 1755 272 1831; x_wconf 67' lang='lat' dir='ltr'>td,</span> <span class='ocrx_word' id='word_1_118' title='bbox 287 1771 353 1834; x_wconf 87' lang='lat' dir='ltr'>cap.</span> <span class='ocrx_word' id='word_1_119' title='bbox 372 1755 420 1828; x_wconf 88' lang='lat' dir='ltr'>l3,</span> <span class='ocrx_word' id='word_1_120' title='bbox 436 1751 550 1832; x_wconf 77' lang='lat' dir='ltr'>clercs.)</span> <span class='ocrx_word' id='word_1_121' title='bbox 565 1751 730 1833; x_wconf 86' lang='lat' dir='ltr'>producere</span> <span class='ocrx_word' id='word_1_122' title='bbox 743 1749 831 1814; x_wconf 87' lang='lat' dir='ltr'>debet</span> <span class='ocrx_word' id='word_1_123' title='bbox 845 1767 996 1813; x_wconf 86' lang='lat' dir='ltr'>summam</span> 
     </span>
     <span class='ocr_line' id='line_1_17' title="bbox 19 1838 995 1921; baseline -0.004 -17"><span class='ocrx_word' id='word_1_124' title='bbox 19 1860 159 1906; x_wconf 80' lang='lat' dir='ltr'>annuam</span> <span class='ocrx_word' id='word_1_125' title='bbox 169 1841 250 1904; x_wconf 88' lang='lat' dir='ltr'>mille</span> <span class='ocrx_word' id='word_1_126' title='bbox 259 1847 413 1903; x_wconf 81' lang='lat' dir='ltr'>scutorum</span> <span class='ocrx_word' id='word_1_127' title='bbox 421 1840 446 1902; x_wconf 88' lang='lat' dir='ltr'>sl</span> <span class='ocrx_word' id='word_1_128' title='bbox 455 1839 493 1902; x_wconf 90' lang='lat' dir='ltr'>de</span> <span class='ocrx_word' id='word_1_129' title='bbox 506 1842 640 1920; x_wconf 75' lang='lat' dir='ltr'>congrui</span> <span class='ocrx_word' id='word_1_130' title='bbox 650 1838 866 1920; x_wconf 80' lang='lat' dir='ltr'>Episcoporum</span> <span class='ocrx_word' id='word_1_131' title='bbox 880 1847 995 1921; x_wconf 81' lang='lat' dir='ltr'>agatur,</span> 
     </span>
     <span class='ocr_line' id='line_1_18' title="bbox 20 1928 999 2012; baseline -0.003 -18"><span class='ocrx_word' id='word_1_132' title='bbox 20 1933 43 1993; x_wconf 90' lang='lat' dir='ltr'>si</span> <span class='ocrx_word' id='word_1_133' title='bbox 63 1933 137 1994; x_wconf 82' lang='lat' dir='ltr'>rerd</span> <span class='ocrx_word' id='word_1_134' title='bbox 158 1930 197 1992; x_wconf 88' lang='lat' dir='ltr'>de</span> <span class='ocrx_word' id='word_1_135' title='bbox 214 1933 348 2011; x_wconf 72' lang='lat' dir='ltr'>congrua</span> <span class='ocrx_word' id='word_1_136' title='bbox 369 1928 588 2011; x_wconf 81' lang='lat' dir='ltr'>parochorum,</span> <span class='ocrx_word' id='word_1_137' title='bbox 609 1935 731 1991; x_wconf 88' lang='lat' dir='ltr'>centum</span> <span class='ocrx_word' id='word_1_138' title='bbox 751 1935 924 2006; x_wconf 90' lang='lat' dir='ltr'>scutorum;</span> <span class='ocrx_word' id='word_1_139' title='bbox 944 1947 999 2012; x_wconf 90' lang='lat' dir='ltr'>pro</span> 
     </span>
     <span class='ocr_line' id='line_1_19' title="bbox 21 2015 1000 2101; baseline 0 -21"><span class='ocrx_word' id='word_1_140' title='bbox 21 2019 149 2101; x_wconf 87' lang='lat' dir='ltr'>reliquis</span> <span class='ocrx_word' id='word_1_141' title='bbox 171 2017 293 2080; x_wconf 87' lang='lat' dir='ltr'>tandem</span> <span class='ocrx_word' id='word_1_142' title='bbox 312 2017 466 2080; x_wconf 89' lang='lat' dir='ltr'>beneficiis</span> <span class='ocrx_word' id='word_1_143' title='bbox 480 2033 599 2078; x_wconf 90' lang='lat' dir='ltr'>summa</span> <span class='ocrx_word' id='word_1_144' title='bbox 613 2017 802 2080; x_wconf 89' lang='lat' dir='ltr'>decernenda</span> <span class='ocrx_word' id='word_1_145' title='bbox 819 2015 1000 2100; x_wconf 87' lang='lat' dir='ltr'>relinquitur</span> 
     </span>
     <span class='ocr_line' id='line_1_20' title="bbox 21 2106 1000 2190; baseline 0.002 -21"><span class='ocrx_word' id='word_1_146' title='bbox 21 2107 136 2186; x_wconf 77' lang='lat' dir='ltr'>judicio</span> <span class='ocrx_word' id='word_1_147' title='bbox 160 2107 399 2189; x_wconf 80' lang='lat' dir='ltr'>Episcoporum3</span> <span class='ocrx_word' id='word_1_148' title='bbox 419 2108 450 2168; x_wconf 74' lang='lat' dir='ltr'>ll</span> <span class='ocrx_word' id='word_1_149' title='bbox 471 2109 629 2168; x_wconf 85' lang='lat' dir='ltr'>Decretum</span> <span class='ocrx_word' id='word_1_150' title='bbox 650 2106 808 2170; x_wconf 84' lang='lat' dir='ltr'>erectionis</span> <span class='ocrx_word' id='word_1_151' title='bbox 825 2125 887 2190; x_wconf 90' lang='lat' dir='ltr'>quo</span> <span class='ocrx_word' id='word_1_152' title='bbox 908 2110 1000 2188; x_wconf 90' lang='lat' dir='ltr'>Supe-</span> 
     </span>
     <span class='ocr_line' id='line_1_21' title="bbox 26 2194 1001 2279; baseline 0.006 -23"><span class='ocrx_word' id='word_1_153' title='bbox 26 2199 99 2268; x_wconf 89' lang='lat' dir='ltr'>rior,</span> <span class='ocrx_word' id='word_1_154' title='bbox 113 2197 228 2279; x_wconf 81' lang='lat' dir='ltr'>prasvio</span> <span class='ocrx_word' id='word_1_155' title='bbox 238 2213 388 2258; x_wconf 89' lang='lat' dir='ltr'>consensu</span> <span class='ocrx_word' id='word_1_156' title='bbox 402 2212 508 2259; x_wconf 88' lang='lat' dir='ltr'>eorum</span> <span class='ocrx_word' id='word_1_157' title='bbox 522 2213 652 2277; x_wconf 89' lang='lat' dir='ltr'>quorum</span> <span class='ocrx_word' id='word_1_158' title='bbox 667 2194 790 2259; x_wconf 89' lang='lat' dir='ltr'>interest</span> <span class='ocrx_word' id='word_1_159' title='bbox 803 2198 936 2277; x_wconf 90' lang='lat' dir='ltr'>obtento,</span> <span class='ocrx_word' id='word_1_160' title='bbox 952 2199 1001 2262; x_wconf 81' lang='lat' dir='ltr'>be</span> 
     </span>
     <span class='ocr_line' id='line_1_22' title="bbox 23 2284 1001 2370; baseline 0.005 -23"><span class='ocrx_word' id='word_1_161' title='bbox 23 2287 172 2348; x_wconf 87' lang='lat' dir='ltr'>neticium</span> <span class='ocrx_word' id='word_1_162' title='bbox 185 2285 216 2347; x_wconf 90' lang='lat' dir='ltr'>in</span> <span class='ocrx_word' id='word_1_163' title='bbox 227 2293 405 2367; x_wconf 86' lang='lat' dir='ltr'>perpetuum</span> <span class='ocrx_word' id='word_1_164' title='bbox 413 2285 533 2348; x_wconf 91' lang='lat' dir='ltr'>titulum</span> <span class='ocrx_word' id='word_1_165' title='bbox 544 2284 778 2348; x_wconf 87' lang='lat' dir='ltr'>ecclesiasticum</span> <span class='ocrx_word' id='word_1_166' title='bbox 787 2289 874 2370; x_wconf 80' lang='lat' dir='ltr'>erigit</span> <span class='ocrx_word' id='word_1_167' title='bbox 883 2288 1001 2366; x_wconf 84' lang='lat' dir='ltr'>,dotem</span> 
     </span>
     <span class='ocr_line' id='line_1_23' title="bbox 22 2371 1002 2458; baseline 0.003 -21"><span class='ocrx_word' id='word_1_168' title='bbox 22 2377 49 2437; x_wconf 85' lang='lat' dir='ltr'>ei</span> <span class='ocrx_word' id='word_1_169' title='bbox 66 2375 218 2457; x_wconf 85' lang='lat' dir='ltr'>applicat,</span> <span class='ocrx_word' id='word_1_170' title='bbox 235 2371 377 2455; x_wconf 83' lang='lat' dir='ltr'>legesque</span> <span class='ocrx_word' id='word_1_171' title='bbox 390 2381 420 2436; x_wconf 89' lang='lat' dir='ltr'>et</span> <span class='ocrx_word' id='word_1_172' title='bbox 437 2373 657 2437; x_wconf 81' lang='lat' dir='ltr'>conditionesl</span> <span class='ocrx_word' id='word_1_173' title='bbox 677 2372 834 2439; x_wconf 89' lang='lat' dir='ltr'>fundatore</span> <span class='ocrx_word' id='word_1_174' title='bbox 848 2376 1002 2458; x_wconf 88' lang='lat' dir='ltr'>impositas</span> 
     </span>
     <span class='ocr_line' id='line_1_24' title="bbox 20 2462 574 2546; baseline -0.002 -20"><span class='ocrx_word' id='word_1_175' title='bbox 20 2463 186 2546; x_wconf 86' lang='lat' dir='ltr'>approbat.</span> <span class='ocrx_word' id='word_1_176' title='bbox 204 2463 301 2542; x_wconf 86' lang='lat' dir='ltr'>(Card.</span> <span class='ocrx_word' id='word_1_177' title='bbox 317 2463 428 2544; x_wconf 83' lang='lat' dir='ltr'>Soglia,</span> <span class='ocrx_word' id='word_1_178' title='bbox 444 2462 574 2543; x_wconf 81' lang='lat' dir='ltr'>ibidem.)</span> 
     </span>
    </p>

    <p class='ocr_par' dir='ltr' id='par_1_6' title="bbox 15 2551 1010 3524">
     <span class='ocr_line' id='line_1_25' title="bbox 63 2551 1001 2636; baseline 0.002 -20"><span class='ocrx_word' id='word_1_179' title='bbox 63 2552 339 2616; x_wconf 73' lang='lat' dir='ltr'>5392.Semelritd</span> <span class='ocrx_word' id='word_1_180' title='bbox 350 2551 1001 2636; x_wconf 77' lang='lat' dir='ltr'>peraotdbcnelleiiereotioneabOrdinorio,</span> 
     </span>
     <span class='ocr_line' id='line_1_26' title="bbox 19 2640 1004 2727; baseline 0.004 -21"><span class='ocrx_word' id='word_1_181' title='bbox 19 2643 65 2706; x_wconf 88' lang='lat' dir='ltr'>ita</span> <span class='ocrx_word' id='word_1_182' title='bbox 75 2642 175 2720; x_wconf 86' lang='lat' dir='ltr'>adjus</span> <span class='ocrx_word' id='word_1_183' title='bbox 188 2641 342 2722; x_wconf 84' lang='lat' dir='ltr'>publicum</span> <span class='ocrx_word' id='word_1_184' title='bbox 354 2641 504 2723; x_wconf 87' lang='lat' dir='ltr'>pertinent</span> <span class='ocrx_word' id='word_1_185' title='bbox 516 2641 608 2722; x_wconf 90' lang='lat' dir='ltr'>ipsius</span> <span class='ocrx_word' id='word_1_186' title='bbox 617 2640 820 2721; x_wconf 89' lang='lat' dir='ltr'>conditiones,</span> <span class='ocrx_word' id='word_1_187' title='bbox 836 2647 1004 2727; x_wconf 77' lang='lat' dir='ltr'>nutusque</span> 
     </span>
     <span class='ocr_line' id='line_1_27' title="bbox 19 2727 1003 2815; baseline 0.004 -23"><span class='ocrx_word' id='word_1_188' title='bbox 19 2755 36 2792; x_wconf 80' lang='lat' dir='ltr'>o</span> <span class='ocrx_word' id='word_1_189' title='bbox 65 2733 86 2792; x_wconf 77' lang='lat' dir='ltr'>e</span> <span class='ocrx_word' id='word_1_190' title='bbox 103 2727 264 2792; x_wconf 83' lang='lat' dir='ltr'>fundatore</span> <span class='ocrx_word' id='word_1_191' title='bbox 277 2730 343 2811; x_wconf 92' lang='lat' dir='ltr'>ipso</span> <span class='ocrx_word' id='word_1_192' title='bbox 356 2729 401 2792; x_wconf 82' lang='lat' dir='ltr'>uel</span> <span class='ocrx_word' id='word_1_193' title='bbox 416 2731 482 2808; x_wconf 74' lang='lat' dir='ltr'>eius</span> <span class='ocrx_word' id='word_1_194' title='bbox 495 2729 683 2807; x_wconf 83' lang='lat' dir='ltr'>haeredibus,</span> <span class='ocrx_word' id='word_1_195' title='bbox 699 2737 750 2792; x_wconf 87' lang='lat' dir='ltr'>aut</span> <span class='ocrx_word' id='word_1_196' title='bbox 763 2732 1003 2815; x_wconf 88' lang='lat' dir='ltr'>successoribus,</span> 
     </span>
     <span class='ocr_line' id='line_1_28' title="bbox 18 2813 1006 2906; baseline 0.006 -26"><span class='ocrx_word' id='word_1_197' title='bbox 18 2841 37 2880; x_wconf 76' lang='lat' dir='ltr'>o</span> <span class='ocrx_word' id='word_1_198' title='bbox 65 2817 235 2882; x_wconf 82' lang='lat' dir='ltr'>accedente</span> <span class='ocrx_word' id='word_1_199' title='bbox 248 2819 338 2880; x_wconf 86' lang='lat' dir='ltr'>etiam</span> <span class='ocrx_word' id='word_1_200' title='bbox 352 2813 501 2882; x_wconf 86' lang='lat' dir='ltr'>consensu</span> <span class='ocrx_word' id='word_1_201' title='bbox 516 2819 671 2901; x_wconf 86' lang='lat' dir='ltr'>Episcopi,</span> <span class='ocrx_word' id='word_1_202' title='bbox 687 2837 787 2901; x_wconf 88' lang='lat' dir='ltr'>neque</span> <span class='ocrx_word' id='word_1_203' title='bbox 804 2819 843 2882; x_wconf 90' lang='lat' dir='ltr'>ab</span> <span class='ocrx_word' id='word_1_204' title='bbox 856 2822 1006 2906; x_wconf 87' lang='lat' dir='ltr'>Episcopo</span> 
     </span>
     <span class='ocr_line' id='line_1_29' title="bbox 20 2903 1004 2992; baseline 0.007 -24"><span class='ocrx_word' id='word_1_205' title='bbox 20 2931 37 2968; x_wconf 75' lang='lat' dir='ltr'>s</span> <span class='ocrx_word' id='word_1_206' title='bbox 66 2924 144 2970; x_wconf 91' lang='lat' dir='ltr'>cum</span> <span class='ocrx_word' id='word_1_207' title='bbox 159 2921 309 2970; x_wconf 89' lang='lat' dir='ltr'>consensu</span> <span class='ocrx_word' id='word_1_208' title='bbox 330 2905 496 2969; x_wconf 81' lang='lat' dir='ltr'>fundatoris</span> <span class='ocrx_word' id='word_1_209' title='bbox 514 2907 669 2987; x_wconf 90' lang='lat' dir='ltr'>ejusdem,</span> <span class='ocrx_word' id='word_1_210' title='bbox 685 2907 729 2970; x_wconf 87' lang='lat' dir='ltr'>vel</span> <span class='ocrx_word' id='word_1_211' title='bbox 748 2903 813 2988; x_wconf 86' lang='lat' dir='ltr'>ejus</span> <span class='ocrx_word' id='word_1_212' title='bbox 833 2909 1004 2992; x_wconf 71' lang='lat' dir='ltr'>heredum,</span> 
     </span>
     <span class='ocr_line' id='line_1_30' title="bbox 18 2994 1005 3084; baseline 0.01 -28"><span class='ocrx_word' id='word_1_213' title='bbox 18 3019 37 3056; x_wconf 70' lang='lat' dir='ltr'>n</span> <span class='ocrx_word' id='word_1_214' title='bbox 68 3015 128 3060; x_wconf 90' lang='lat' dir='ltr'>seu</span> <span class='ocrx_word' id='word_1_215' title='bbox 153 3013 361 3058; x_wconf 89' lang='lat' dir='ltr'>successorum</span> <span class='ocrx_word' id='word_1_216' title='bbox 381 2994 510 3057; x_wconf 88' lang='lat' dir='ltr'>debeant</span> <span class='ocrx_word' id='word_1_217' title='bbox 530 2995 659 3080; x_wconf 78' lang='lat' dir='ltr'>amplius</span> <span class='ocrx_word' id='word_1_218' title='bbox 680 2997 850 3078; x_wconf 87' lang='lat' dir='ltr'>immutari,</span> <span class='ocrx_word' id='word_1_219' title='bbox 867 3017 923 3064; x_wconf 91' lang='lat' dir='ltr'>nec</span> <span class='ocrx_word' id='word_1_220' title='bbox 937 3021 1005 3084; x_wconf 90' lang='lat' dir='ltr'>pos·</span> 
     </span>
     <span class='ocr_line' id='line_1_31' title="bbox 19 3083 1006 3166; baseline 0.007 -20"><span class='ocrx_word' id='word_1_221' title='bbox 19 3111 37 3146; x_wconf 71' lang='lat' dir='ltr'>n</span> <span class='ocrx_word' id='word_1_222' title='bbox 69 3085 136 3146; x_wconf 87' lang='lat' dir='ltr'>sint</span> <span class='ocrx_word' id='word_1_223' title='bbox 150 3083 279 3146; x_wconf 90' lang='lat' dir='ltr'>omnino</span> <span class='ocrx_word' id='word_1_224' title='bbox 297 3105 314 3143; x_wconf 83' lang='lat' dir='ltr'>a</span> <span class='ocrx_word' id='word_1_225' title='bbox 338 3102 347 3145; x_wconf 75' lang='grc' dir='ltr'><em>τ</em></span> <span class='ocrx_word' id='word_1_226' title='bbox 365 3089 496 3166; x_wconf 85' lang='lat' dir='ltr'>potestas</span> <span class='ocrx_word' id='word_1_227' title='bbox 519 3092 619 3148; x_wconf 87' lang='lat' dir='ltr'>autem</span> <span class='ocrx_word' id='word_1_228' title='bbox 638 3085 817 3150; x_wconf 88' lang='lat' dir='ltr'>immutandi</span> <span class='ocrx_word' id='word_1_229' title='bbox 834 3087 888 3151; x_wconf 86' lang='lat' dir='ltr'>has</span> <span class='ocrx_word' id='word_1_230' title='bbox 901 3092 1006 3153; x_wconf 91' lang='lat' dir='ltr'>condi·</span> 
     </span>
     <span class='ocr_line' id='line_1_32' title="bbox 19 3171 1006 3258; baseline 0.008 -22"><span class='ocrx_word' id='word_1_231' title='bbox 19 3177 133 3236; x_wconf 88' lang='lat' dir='ltr'>tiones</span> <span class='ocrx_word' id='word_1_232' title='bbox 154 3179 206 3236; x_wconf 88' lang='lat' dir='ltr'>aut</span> <span class='ocrx_word' id='word_1_233' title='bbox 224 3171 261 3234; x_wconf 89' lang='lat' dir='ltr'>iis</span> <span class='ocrx_word' id='word_1_234' title='bbox 282 3171 446 3254; x_wconf 82' lang='lat' dir='ltr'>derogandi</span> <span class='ocrx_word' id='word_1_235' title='bbox 474 3179 640 3236; x_wconf 84' lang='lat' dir='ltr'>reservatur</span> <span class='ocrx_word' id='word_1_236' title='bbox 660 3175 690 3238; x_wconf 90' lang='lat' dir='ltr'>S.</span> <span class='ocrx_word' id='word_1_237' title='bbox 713 3175 851 3240; x_wconf 87' lang='lat' dir='ltr'>Pontifici</span> <span class='ocrx_word' id='word_1_238' title='bbox 874 3179 1006 3258; x_wconf 83' lang='lat' dir='ltr'>(Cardin.</span> 
     </span>
     <span class='ocr_line' id='line_1_33' title="bbox 18 3260 1009 3351; baseline 0.007 -25"><span class='ocrx_word' id='word_1_239' title='bbox 18 3262 157 3343; x_wconf 80' lang='lat' dir='ltr'>Soglia,</span> <span class='ocrx_word' id='word_1_240' title='bbox 173 3260 415 3339; x_wconf 78' lang='lat' dir='ltr'>id.).-Praelatae</span> <span class='ocrx_word' id='word_1_241' title='bbox 427 3261 539 3343; x_wconf 74' lang='lat' dir='ltr'>regule</span> <span class='ocrx_word' id='word_1_242' title='bbox 550 3261 688 3346; x_wconf 76' lang='lat' dir='ltr'>quaedam</span> <span class='ocrx_word' id='word_1_243' title='bbox 703 3271 803 3328; x_wconf 91' lang='lat' dir='ltr'>tamen</span> <span class='ocrx_word' id='word_1_244' title='bbox 818 3269 1009 3351; x_wconf 84' lang='lat' dir='ltr'>exceptiones</span> 
     </span>
     <span class='ocr_line' id='line_1_34' title="bbox 18 3346 1009 3438; baseline 0.007 -24"><span class='ocrx_word' id='word_1_245' title='bbox 18 3359 107 3414; x_wconf 85' lang='lat' dir='ltr'>sunt</span> <span class='ocrx_word' id='word_1_246' title='bbox 119 3349 308 3432; x_wconf 85' lang='lat' dir='ltr'>apponendae</span> <span class='ocrx_word' id='word_1_247' title='bbox 318 3370 325 3410; x_wconf 95' lang='lat'><strong>:</strong></span> <span class='ocrx_word' id='word_1_248' title='bbox 335 3353 511 3412; x_wconf 87' lang='lat' dir='ltr'>casusenim</span> <span class='ocrx_word' id='word_1_249' title='bbox 524 3346 752 3434; x_wconf 81' lang='lat' dir='ltr'>sunt&#39;inquibus</span> <span class='ocrx_word' id='word_1_250' title='bbox 761 3355 1009 3438; x_wconf 90' lang='lat' dir='ltr'>benellciauniri,</span> 
     </span>
     <span class='ocr_line' id='line_1_35' title="bbox 15 3439 1010 3524; baseline 0.006 -22"><span class='ocrx_word' id='word_1_251' title='bbox 15 3439 147 3517; x_wconf 83' lang='lat' dir='ltr'>dividi,</span> <span class='ocrx_word' id='word_1_252' title='bbox 169 3439 379 3502; x_wconf 87' lang='lat' dir='ltr'>dismembrori</span> <span class='ocrx_word' id='word_1_253' title='bbox 393 3441 546 3502; x_wconf 82' lang='lat' dir='ltr'>autetiam</span> <span class='ocrx_word' id='word_1_254' title='bbox 562 3441 709 3523; x_wconf 86' lang='lat' dir='ltr'>supprimi</span> <span class='ocrx_word' id='word_1_255' title='bbox 729 3453 864 3524; x_wconf 89' lang='lat' dir='ltr'>possunt.</span> <span class='ocrx_word' id='word_1_256' title='bbox 881 3447 1010 3516; x_wconf 87' lang='lat' dir='ltr'>Quinam</span> 
     </span>
    </p>
   </div>
   <div class='ocr_carea' id='block_1_5' title="bbox 14 3525 1011 3697">
    <p class='ocr_par' dir='ltr' id='par_1_7' title="bbox 14 3525 1011 3697">
     <span class='ocr_line' id='line_1_36' title="bbox 18 3525 1011 3612; baseline 0.002 -18"><span class='ocrx_word' id='word_1_257' title='bbox 18 3536 140 3594; x_wconf 82' lang='lat' dir='ltr'>autem</span> <span class='ocrx_word' id='word_1_258' title='bbox 156 3528 216 3590; x_wconf 87' lang='lat' dir='ltr'>siut</span> <span class='ocrx_word' id='word_1_259' title='bbox 229 3529 270 3590; x_wconf 90' lang='lat' dir='ltr'>illi</span> <span class='ocrx_word' id='word_1_260' title='bbox 285 3545 387 3604; x_wconf 88' lang='lat' dir='ltr'>casus,</span> <span class='ocrx_word' id='word_1_261' title='bbox 400 3525 532 3591; x_wconf 86' lang='lat' dir='ltr'>diximus</span> <span class='ocrx_word' id='word_1_262' title='bbox 546 3547 636 3610; x_wconf 88' lang='lat' dir='ltr'>supra</span> <span class='ocrx_word' id='word_1_263' title='bbox 647 3529 798 3612; x_wconf 84' lang='lat' dir='ltr'>loquendo</span> <span class='ocrx_word' id='word_1_264' title='bbox 809 3532 847 3594; x_wconf 86' lang='lat' dir='ltr'>de</span> <span class='ocrx_word' id='word_1_265' title='bbox 860 3533 1011 3596; x_wconf 78' lang='lat' dir='ltr'>erectione</span> 
     </span>
     <span class='ocr_line' id='line_1_37' title="bbox 14 3614 456 3697; baseline 0.009 -20"><span class='ocrx_word' id='word_1_266' title='bbox 14 3614 253 3696; x_wconf 78' lang='lat' dir='ltr'>parochianum</span> <span class='ocrx_word' id='word_1_267' title='bbox 264 3616 337 3697; x_wconf 74' lang='grc'>(336</span> <span class='ocrx_word' id='word_1_268' title='bbox 349 3657 358 3694; x_wconf 86' lang='grc'><em>,</em></span> <span class='ocrx_word' id='word_1_269' title='bbox 372 3619 456 3694; x_wconf 69' lang='lat' dir='ltr'>clod.</span> 
     </span>
    </p>
   </div>
   <div class='ocr_carea' id='block_1_6' title="bbox 0 0 1251 3972">
    <p class='ocr_par' dir='ltr' id='par_1_8' title="bbox 0 0 1251 3972">
     <span class='ocr_line' id='line_1_38' title="bbox 0 0 1251 3972; baseline 0 0"><span class='ocrx_word' id='word_1_270' title='bbox 0 0 1251 3972; x_wconf 95' lang='lat' dir='ltr'> </span> 
     </span>
    </p>
   </div>
  </div>
 </body>
</html>
