2416 3954
194 193 252 252 380
413 201 546 248 annuere
567 201 668 248 rorrus
686 201 769 248 sarrs
788 199 936 248 onuonrcr.

235 303 284 369 Sic
298 307 398 366 autern
411 299 577 362 habeturin
592 301 667 380 Lepe
679 298 816 379 orpcnieci
827 317 840 360 ⁴:
851 301 939 361 «Art.
953 301 1001 361 48.
1012 296 1153 377 L'Erequo

195 418 211 457 n
236 413 268 457 sc
290 397 462 455 conuertere
489 407 561 451 aveo
583 388 611 450 lc
634 388 732 450 Preta
755 406 832 470 pour
858 387 957 468 regier
978 386 1007 450 la
1031 386 1154 448 muniere

194 507 210 546 a
234 479 386 563 d’appeler
408 479 451 541 les
478 477 583 540 fideles
609 495 648 538 au
671 479 783 538 service
805 476 887 539 divin
910 494 964 558 par
988 475 1017 538 lc
1039 492 1093 536 son
1111 473 1155 534 des

196 595 211 635 n
235 569 369 645 cioches3
385 585 425 630 on
447 585 486 628 ne
500 584 610 649 pourra
624 565 667 628 les
684 583 797 628 sonner
810 583 881 628 sans
894 565 923 627 la
936 562 1113 648 permission
1125 560 1156 624 da

195 683 212 726 n
237 662 264 722 la
279 659 375 740 polico
390 655 494 720 locate.
513 677 528 715 n
1038 653 1044 666 ·

236 747 314 812 Huic
323 745 448 810 articulo
458 752 503 808 set
516 763 667 808 consonus
678 743 796 808 videtur
805 747 886 806 arm
902 743 1080 806 Concordati
1091 745 1154 805 {801

198 839 249 902 ubi
264 837 373 900 dicitur
389 855 397 898 ε
417 835 561 916 «Religio
574 832 760 897 Catholiua...
777 832 870 895 libere
885 831 916 893 iu
936 833 1031 894 Gallis
1048 849 1156 895 exerce·

199 951 213 987 a
239 927 319 990 bitur
330 945 338 988 t
350 925 448 989 cultus
458 923 682 1004 pubiionscrit,
698 919 800 982 babitu
815 923 1038 984 tomenratione
1050 921 1157 983 ordbr-

199 1039 214 1078 n
240 1013 469 1098 tr'onanr‚quood
478 1009 1159 1094 politium,quusGabetaiumpropabliebtrca·

199 1109 216 1166 ri
238 1105 393 1188 parilitate
415 1101 588 1163 necessarius
614 1099 807 1162 existimabit.
838 1121 853 1158 a
879 1102 946 1161 Non
973 1109 1074 1162 tamen
1101 1099 1159 1161 inde

200 1192 443 1258 concludendum
458 1191 595 1252 sufficere
612 1189 796 1252 licentiatos
817 1189 992 1270 Magistratu
1007 1189 1083 1252 civili
1099 1207 1159 1251 eon·

200 1297 315 1344 cessam
336 1279 374 1341 ad
392 1277 620 1360 legitimandnrn
635 1297 725 1341 usum
746 1296 962 1360 campanarum
979 1279 1010 1340 in
1028 1277 1159 1360 profanis,

201 1371 251 1431 sed
267 1369 303 1431 ad
319 1368 375 1430 hoo
389 1367 550 1448 requiritur
563 1368 652 1429 etiarn
668 1367 826 1448 permissio
840 1367 1010 1447 Superioris
1021 1367 1162 1430 eeclesias

201 1457 261 1519 tici.
285 1458 367 1519 Circa
389 1455 513 1517 modum
537 1453 675 1536 pulsandi
699 1473 881 1536 campanas,
900 1455 973 1517 vido
988 1456 1161 1518 decisionem

200 1546 321 1608 Consilii
333 1547 432 1608 Status
443 1545 473 1606 in
484 1545 632 1626 operecui
643 1543 815 1606 tituluszLe
826 1543 1112 1627 brainacenses
1154 1578 1163 1587 ·

200 1636 282 1714 pais,
298 1653 351 1717 pur
366 1635 406 1696 bi.
427 1632 464 1694 dc
483 1633 673 1714 Charopeaux
687 1681 694 1708 ‚
709 1640 784 1693 tom.
801 1637 836 1708 i,
851 1635 890 1695 20
904 1633 977 1695 ferr.
994 1637 1089 1708 1840;
1108 1632 1162 1694 ride

105 1736 106 1739 ’
202 1725 292 1788 etianr
307 1723 440 1787 Proeiect.
460 1722 494 1784 S.
511 1723 638 1804 Salpia,
659 1724 765 1783 110526
784 1721 815 1782 in
831 1721 910 1802 ποιά,
922 1725 1003 1784 -in
1025 1723 1162 1804 plerisque

203 1814 303 1876 Galliae
317 1807 720 1875 diocesibusconnectiones
734 1809 866 1872 existunt
875 1809 1042 1892 Episcopus
1057 1811 1129 1873 iuter
1140 1815 1163 1870 et

203 1901 362 1964 Praefectos
376 1901 475 1982 quoad
491 1919 580 1962 usurn
601 1917 817 1982 campanarum
834 1917 842 1960 t
858 1899 904 1960 his
924 1897 1162 1962 conventionibus

203 1991 323 2071 parochi
346 1999 423 2052 stare
448 1989 573 2064 debent;
599 1987 651 2051 sed
677 1989 799 2069 insuper
821 1987 980 2070 prudentia
1001 1989 1093 2071 exigit
1113 2005 1161 2048 nou

202 2081 320 2138 tantum
348 2084 382 2138 ut
408 2077 577 2155 hujusmodi
611 2077 825 2139 conventiones
856 2085 909 2140 aut
942 2078 1162 2141 consuetudines

204 2173 331 2246 receptae
351 2165 567 2240 observentur,
582 2165 634 2226 sed
653 2167 744 2228 etiarn
767 2174 800 2227 ut
821 2184 893 2228 usus
913 2185 1126 2248 carnpanarunr
1139 2165 1162 2224 in

204 2273 275 2316 casu
296 2253 531 2315 extraordinario
554 2273 615 2316 nou
635 2256 760 2316 omniuo
775 2254 986 2338 prohibeatur:
1011 2258 1048 2319 eb
1068 2255 1161 2336 nugis,

204 2342 360 2424 inquitDe
370 2342 479 2418 Bardi,
496 2341 576 2425 quod
588 2345 672 2424 juxta
687 2345 805 2420 Quarti,
821 2343 933 2406 abusus
946 2359 1161 2426 carnpcuaruu,

203 2433 320 2495 secluso
345 2431 485 2494 scandalo
512 2439 565 2494 aut
592 2441 787 2514 contemptu,
816 2433 932 2495 ridetur
966 2452 1034 2498 esso
1060 2434 1162 2496 taatbm

203 2521 325 2586 venialis
338 2522 433 2602 (saer.
450 2523 571 2604 Lamp,
587 2541 656 2604 pars
669 2525 699 2597 6,
717 2539 749 2582 n⁰
763 2527 813 2596 44,
825 2522 857 2582 in
872 2521 953 2601 fine).

244 2609 287 2674 De
301 2611 509 2674 benedictione
523 2611 717 2674 ecelesiarum
737 2611 873 2673 dicernus
894 2610 983 2689 inira,
1001 2609 1162 2674 disserendo

203 2701 241 2764 de
257 2703 330 2764 locis
344 2703 446 2764 sacris.

244 2795 286 2854 lie
301 2791 510 2853 benedictione
519 2789 589 2851 verb
598 2807 668 2851 curn
679 2787 874 2852 Sanctissinro
883 2789 1094 2868 Sacramenta,
1103 2786 1162 2850 diri·

204 2897 272 2941 urus
286 2898 376 2960 supra
391 2883 596 2956 (arao-3769).

243 2969 287 3028 De
303 2967 510 3030 benedictione
524 2976 624 3030 autern
643 2985 843 3050 sponsorum,
859 2987 951 3051 supra
964 2967 1160 3050 (erbo-trun

241 3066 332 3125 bi95.
349 3063 429 3125 Nota
444 3067 474 3124 1⁰
489 3063 574 3135 Oubd
589 3064 785 3128 benedicente
799 3065 946 3148 Episcopo
959 3083 1067 3128 ornnes
1081 3080 1160 3146 genu-

204 3152 324 3214 flectere
356 3151 490 3228 debent,
519 3153 719 3234 Dignitatibus
745 3160 775 3215 et
809 3155 969 3217 Canonicis
996 3150 1160 3217 cathedralis

204 3243 353 3322 exceptis,
368 3241 419 3321 qui
441 3247 542 3302 tamen
564 3261 596 3304 sc
611 3243 754 3305 inclinare
776 3241 887 3306 debent
910 3244 1010 3324 (apud
1033 3239 1160 3309 Gardeb„

205 3340 238 3392 n⁰
258 3335 338 3408 rto,
353 3330 390 3393 ad
404 3335 434 3407 ἓ,
451 3339 483 3391 n⁰
498 3333 587 3407 attia,
604 3331 641 3392 ad
661 3335 737 3407 7-9).
753 3333 873 3414 Triplex
887 3334 1010 3412 signum
1028 3331 1120 3395 crucis
1131 3326 1160 3388 ab

204 3421 360 3501 Episcopis
380 3419 574 3500 producitur,
588 3420 669 3502 quod
684 3419 749 3482 fieri
767 3425 872 3504 nequit
891 3423 981 3484 etiarn
995 3421 1034 3485 ab
1055 3416 1159 3482 Abbati·

204 3509 261 3572 bus
280 3509 334 3570 nisi
356 3507 562 3589 pontificaliter
584 3509 932 3588 celebrent.-Gardeli.‚
949 3520 982 3576 ηυ
1003 3511 1090 3584 3164;
1107 3505 1161 3569 utc-

208 3600 298 3660 tionn.
315 3597 362 3660 des
376 3595 486 3665 dicrota
496 3597 531 3662 D.
549 3599 776 3676 Boissonnct(r⁰
788 3600 988 3680 Benedictio,
1001 3600 1042 3663 η’·
1056 3601 1100 3674 13,
1110 3595 1157 3668 22).
