2420 3968
965 1 1048 12 ,,,,,
1053 1 1124 30 ΤΡ,

172 209 231 269 svo
392 219 529 265 annuens
548 187 656 264 nonos*
669 217 750 262 runis
770 179 921 263 ctione.

174 342 263 410 peras
278 322 317 388 eb
336 320 419 404 quod
439 321 473 383 in
492 319 585 383 choro
615 318 696 382 hora
719 318 854 382 minores
876 317 936 380 sint
968 314 1149 400 regulariter

176 412 333 498 persolutae
346 410 420 474 hora
433 409 606 474 undecima.

214 507 303 566 5084.
327 499 562 563 Controvertitur
574 503 676 561 autem
689 513 730 560 sn
741 495 896 560 recitando
908 494 1001 560 horas
1013 493 1149 559 minores

175 599 244 655 ante
268 607 355 654 suam
381 587 624 666 ordinationem,
648 585 853 650 subdiaconus
877 585 1062 650 satisfaceret
1086 603 1149 648 suae

175 679 350 762 obligationi
365 699 373 742 ι
389 677 576 761 probabilem
585 675 719 758 habets.
731 675 855 760 Lignor.
870 676 1053 738 sententiam
1068 673 1152 738 affir-

176 777 327 846 mantem,
343 767 397 832 sed
410 773 573 850 negantem
586 771 671 828 vocet
682 764 916 848 probabiliorem
928 763 1039 843 (ibid).

215 857 330 921 Pariter
343 855 572 920 controvertitur
584 873 623 917 en
637 855 689 936 qui
710 873 765 936 per
784 857 902 917 metum
923 853 1036 935 injuste
1048 853 1153 917 ineus-

176 965 246 1010 sum
268 945 407 1010 ordinem
433 945 666 1008 subdiaconatus
690 942 837 1024 suscepit,
858 947 997 1005 tencatur
1016 941 1154 1005 officium

177 1037 321 1099 recitare:
339 1035 485 1098 sententia
499 1051 613 1115 negans
626 1031 809 1114 probabilior
817 1029 934 1094 videtur
942 1029 1043 1094 eidem
1057 1033 1093 1094 S.
1105 1033 1153 1094 li·

178 1125 304 1205 guorio,
320 1125 391 1206 quia
405 1121 537 1186 Ecclesia
557 1119 773 1184 rationabiliter
792 1118 986 1202 praesumitur
1004 1119 1089 1185 nolle
1101 1139 1154 1184 eos

178 1213 311 1296 obligare
323 1213 354 1275 in
364 1213 423 1275 boc
436 1231 517 1274 casu.
532 1211 575 1288 (S.
590 1209 726 1290 Lignor,
742 1209 794 1270 lib.
808 1213 845 1286 t,
859 1219 894 1270 n⁰
909 1207 991 1289 itt.)
1079 1285 1087 1292 .

218 1306 307 1365 5085.
331 1337 369 1348 -
390 1306 422 1363 2⁰
444 1299 616 1362 Beneficiati
629 1299 680 1379 qui
693 1299 756 1376 jam
770 1297 883 1360 habent
894 1298 945 1376 jus
958 1298 991 1359 in
1005 1315 1040 1360 re
1052 1305 1086 1362 et
1094 1299 1154 1381 ple

180 1409 253 1451 num
276 1389 447 1452 dominium
461 1387 621 1465 beneficii,
643 1388 668 1448 si
689 1386 804 1450 fructus
823 1385 1008 1468 percipiant,
1022 1388 1070 1449 vel
1085 1408 1145 1470 per

178 1477 292 1558 cepturi
313 1478 373 1539 sint
396 1496 402 1538 :
426 1483 599 1539 constater
624 1475 712 1537 variis
735 1474 872 1556 capitulis
890 1473 968 1555 juris
990 1479 1152 1552 canonici,
1208 1499 1209 1518 t

179 1584 288 1648 nempe
301 1585 338 1628 en
348 1584 415 1648 cap.
428 1565 578 1641 Dolenter,
593 1571 623 1627 et
633 1583 699 1645 cap.
710 1563 880 1646 Presbyter,
897 1563 1152 1638 decelebmtione

179 1656 250 1716 item
270 1673 306 1718 ex
327 1655 440 1718 Concit.
463 1657 601 1716 Lateran.
617 1656 654 1730 ll,
671 1653 727 1715 sub
741 1654 842 1715 Leone
855 1654 898 1729 X,
915 1670 989 1715 sess.
1003 1658 1039 1732 9,
1053 1655 1075 1736 ξ
1089 1657 1153 1718 Sto

180 1745 287 1806 trimus
294 1743 414 1825 (labbe,
427 1751 502 1806 tom.
520 1742 730 1818 licebitl),
744 1740 917 1804 ubidicitur
932 1759 940 1800 :
958 1743 1152 1814 «statuimus

179 1855 194 1892 n
218 1853 340 1918 quoquc
363 1839 394 1896 et
414 1833 608 1908 ordinamus,
633 1837 665 1892 ut
687 1829 812 1912 quilibet
832 1829 948 1892 babens
968 1829 1152 1897 beneficium

179 1945 194 1980 n
219 1941 290 1985 curn
305 1925 377 1986 curt
390 1969 398 1998 ,
413 1921 458 1984 vel
472 1921 538 1984 sine
551 1922 642 1998 curt,
658 1919 683 1981 si
698 1925 766 2000 post
779 1935 831 1980 ser
844 1935 966 1981 menses
978 1920 1019 1982 ab
1030 1923 1151 1986 obtenb

179 2033 192 2068 c
220 2012 378 2089 lionesrcio,
394 2011 529 2072 divinum
543 2009 675 2073 officium
688 2027 750 2070 non
764 2007 891 2080 dixerit,
905 2007 1044 2089 legitimo
1060 2012 1146 2095 impe·

179 2121 193 2157 n
219 2099 353 2161 dimento
375 2107 531 2174 cessante,
556 2097 774 2161 beneficiorum
797 2115 921 2160 suorum
943 2095 1066 2161 tructus
1087 2119 1151 2164 suos

179 2210 193 2246 n
220 2207 280 2250 non
295 2187 384 2250 faciet
397 2205 453 2270 pro
476 2191 540 2250 rata
554 2187 725 2249 omissionis
738 2185 917 2248 recitationis
929 2185 1022 2249 cilicii
1032 2195 1064 2250 et
1084 2199 1153 2252 tem-

178 2297 193 2336 o
219 2277 318 2356 poris,
342 2275 394 2338 sed
417 2293 470 2338 eos
482 2283 627 2358 tanquam
645 2275 756 2353 injuste
779 2281 936 2357 perceptos
955 2275 987 2338 in
1007 2275 1152 2341 fabricam

179 2387 194 2424 o
219 2364 391 2446 hujusmodi
424 2365 641 2428 beneficiorum
667 2363 714 2426 vel
741 2381 910 2446 pauperum
943 2364 1153 2448 eleemosynas
1207 2399 1208 2406 .

179 2477 193 2514 n
218 2473 341 2536 erogare
355 2461 503 2518 teneatur.
520 2457 551 2517 Si
565 2455 636 2516 verd
654 2451 732 2515 ultra
745 2451 859 2515 dictum
872 2459 994 2534 tempus
1014 2455 1048 2516 in
1064 2457 1151 2518 sinnii

179 2568 194 2604 n
220 2543 418 2626 negligentis.
440 2543 657 2606 contumaciter
670 2541 888 2623 permanserit,
903 2541 1039 2624 legitima
1053 2547 1151 2608 moni-

179 2657 194 2692 n
219 2636 300 2696 tione
315 2631 522 2715 praecedente,
538 2631 686 2694 beneficio
700 2631 766 2712 ipso
779 2631 927 2712 privetur,
942 2633 1017 2694 oiim
1030 2643 1152 2717 propter

179 2746 194 2782 n
219 2723 351 2786 officium
370 2721 458 2784 detur
478 2719 671 2783 beneficium.
686 2719 871 2800 intelligutur
893 2723 997 2782 autem
1018 2721 1152 2788 officium

179 2835 193 2871 n
219 2814 377 2887 omittere,
401 2809 501 2892 quoad
524 2809 600 2886 hcc,
616 2816 650 2871 ut
670 2807 818 2870 beneficio
840 2805 948 2890 privari
963 2812 1077 2891 possit,
1097 2815 1151 2894 qui

179 2925 194 2962 n
220 2921 273 2983 per
286 2899 459 2982 quindecim
473 2898 557 2977 dies,
576 2895 650 2960 illud
672 2896 718 2959 bis
740 2897 844 2960 saltem
859 2915 921 2959 non
943 2898 1072 2980 dixerit,
1087 2903 1152 2966 Deo

179 3011 194 3048 e
220 2995 321 3050 tamen
335 2988 414 3050 ultre
428 2987 583 3069 praemissa
596 2986 634 3049 de
647 2985 725 3048 dicto
738 2985 901 3049 omissione
915 2987 1086 3053 redditurus
1101 3009 1146 3053 rs-

178 3099 193 3136 o
218 3077 331 3137 tionem
348 3093 356 3135 ι
372 3093 440 3155 quae
464 3094 553 3157 poena
568 3076 599 3138 in
614 3074 792 3138 habentibus
805 3075 893 3156 plura
903 3075 1052 3140 beneficia
1066 3077 1150 3141 reite·

179 3187 193 3222 n
219 3163 319 3225 rabilis
339 3163 426 3226 toties
445 3165 503 3242 sit,
522 3165 640 3246 quoties
662 3171 767 3227 contra
786 3162 884 3227 iacere
901 3167 1099 3230 convincetur.
1125 3189 1144 3227 r

179 3255 300 3312 Constat
313 3251 436 3332 insuper
449 3269 487 3313 ex
505 3253 591 3315 Bulla
605 3254 636 3315 S.
649 3252 694 3314 Pii
707 3255 733 3314 V
747 3251 802 3315 Ec
811 3254 970 3336 proximo,
986 3259 1055 3318 ¹35.
1071 3255 1149 3318 liidc

178 3339 253 3398 inira
267 3341 379 3417 (5099.)

216 3428 305 3487 5086.
329 3427 396 3487 Non
410 3431 551 3490 tenentur
573 3428 758 3490 beneficiarii
771 3428 862 3492 boras
878 3431 1005 3494 recitare
1018 3438 1082 3494 anta
1091 3447 1149 3498 ac

178 3517 294 3590 coptam
307 3513 544 3592 possessionem,
561 3521 612 3577 aut
625 3517 651 3578 si
670 3515 769 3579 nullos
780 3515 894 3582 fructus
906 3519 971 3582 sine
987 3524 1041 3583 sut
1055 3517 1147 3602 culpa

180 3597 361 3678 percipiant,
385 3617 442 3662 nec
461 3607 630 3684 percepturi
644 3603 724 3680 sint;
748 3607 874 3669 secussi
895 3625 951 3688 per
963 3607 1147 3690 ipsosstttret
