2420 3968
199 197 258 259 601
418 207 556 256 urrunsa
575 204 676 253 nortus
696 205 780 252 rurus
800 203 950 254 66666666.

199 331 215 368 6
239 313 334 370 mento
346 313 490 382 66666616,
505 305 622 367 tructus
635 320 707 366 suos
726 317 789 364 uon
805 299 924 364 iaciat»
939 321 949 378 ;
962 300 989 365 61
1003 321 1077 387 ergo
1094 301 1160 368 adsit

201 396 368 478 lep'timum
394 393 668 478 impedimentum,
700 389 909 454 beneficiarius
929 389 1047 455 tructus
1075 401 1161 476 potest

201 485 298 549 166666
324 504 405 556 suos,
426 483 594 547 omittendo
620 479 778 558 officium3
797 487 867 543 ante
888 487 992 544 sertem
1005 481 1162 546 Concilium

201 577 418 652 Lateranense,
445 572 547 637 nullus
566 577 631 636 erat
647 577 747 634 textus
765 568 842 650 juris
864 588 926 652 quo
944 567 1012 634 haec
1029 573 1163 636 restitutio

201 663 430 745 preciperetur,
446 661 499 725 sed
512 661 591 725 bene
611 662 708 744 potuit
729 657 865 722 Ecclesia
884 659 1091 724 omittentibus
1109 663 1161 725 olii·

201 753 284 815 cium
298 753 455 836 imponere
470 751 536 834 ipso
548 751 626 814 tacto
641 748 862 812 restitutionem
873 747 906 811 in
926 766 1051 831 pmnsm
1073 751 1163 835 culpe

202 839 271 904 bilis
284 842 467 906 omissionis.
489 840 574 904 «Sed
595 839 677 903 dices
697 837 807 920 (inquit
820 838 852 902 S.
868 837 1048 920 Lignorius,
1063 839 1114 904 lib.
1137 845 1165 920 3,

203 953 220 992 a
245 944 279 994 n⁰
293 935 363 1012 665)
385 933 410 995 61
433 930 579 994 restitutio
592 929 746 992 fructuum
763 926 950 1010 culpabiliter
971 929 1165 994 omittentibus

204 1043 220 1081 6
244 1027 290 1084 661
303 1040 404 1104 poena,
425 1039 480 1084 cur
492 1039 554 1084 non
577 1017 740 1102 requiritur
755 1018 902 1080 sententia
917 1016 1026 1081 saltem
1047 1018 1169 1082 dedara·

206 1133 221 1172 6
244 1111 322 1174 16616
335 1110 481 1190 criminis,
509 1115 542 1174 ut
559 1107 721 1172 declaravit
739 1105 909 1170 Alexander
925 1108 1029 1186 vll...,
1051 1107 1124 1172 dirnr
1143 1111 1168 1172 in

207 1221 221 1260 6
246 1200 388 1263 omnibus
414 1199 512 1282 poenis
535 1197 668 1279 positivis
691 1194 855 1278 requiritur
882 1197 1168 1261 sententiat-ite-

208 1311 222 1348 6
247 1287 582 1370 pondeturnonrequiri
593 1284 1169 1367 sententiumedquddbaecrestitutioest

207 1400 222 1438 6
247 1395 335 1459 poena
346 1376 593 1453 conditionalis„
608 1377 670 1438 sive
683 1375 754 1457 quis
774 1374 908 1438 recitatio
927 1374 1019 1439 officii
1043 1385 1092 1440 661
1110 1397 1171 1441 oon
1205 1409 1206 1424 2

206 1487 223 1527 6
246 1467 319 1528 ditio
332 1466 397 1528 6166
411 1469 471 1546 qut
485 1483 548 1527 non
561 1471 661 1547 potest
678 1463 888 1528 beneficiarius
900 1463 1027 1547 adipisci
1041 1463 1171 1544 fructus,
1206 1483 1207 1564 q

207 1577 222 1615 6
247 1555 316 1639 (seu
327 1556 392 1618 6166
402 1558 461 1637 qut
474 1553 507 1616 lit
517 1555 646 1637 incapax
657 1553 771 1618 iruotus
784 1553 982 1636 acquirendi),
995 1555 1076 1619 sicut
1086 1557 1174 1620 decis

208 1668 223 1705 6
249 1643 1176 1729 6661116166666666...8166616666666666,616.66111666666
1207 1643 1208 1726 l

209 1739 219 1814 (
249 1736 339 1890 510)3.
363 1823 596 1890 Controvertitur
614 1823 723 1906 pariter
745 1840 786 1887 an
805 1819 1019 1888 beneficiarius
1042 1825 1176 1889 omittens
1208 1801 1209 1872 l

210 1915 343 1979 officium
357 1914 436 1978 16166
448 1933 502 1978 666
512 1931 634 1976 menses
646 1912 685 1975 ab
695 1911 803 1996 adepto
814 1912 963 1976 beneticio
976 1933 1035 1978 suo
1048 1921 1172 1978 1666666

210 2007 247 2067 sd
265 2005 506 2068 restitutionem:
521 2001 704 2086 probabilior
723 2002 871 2065 sententia
891 2008 1002 2084 negat,
1031 2005 1108 2088 quia
1129 2005 1169 2065 be·

211 2095 383 2159 nefieiarius
392 2113 454 2158 666
467 2097 587 2158 tenetur
598 2091 636 2156 ad
649 2091 868 2156 restitutionem
878 2111 914 2155 66
928 2101 1019 2175 pacto
1033 2113 1109 2158 cum
1122 2095 1176 2156 iun

210 2183 313 2246 datore
324 2183 474 2262 beneficii,
489 2183 543 2247 sed
556 2201 594 2246 66
604 2181 875 2264 legeecolesiasticd
887 2185 906 2245 6
919 2183 1058 2248 Concilio
1071 2186 1180 2248 Latere

212 2275 297 2334 nensi
316 2275 342 2333 V
365 2273 520 2351 instituts;
542 2273 633 2355 porrd
654 2271 738 2351 juxta
764 2269 931 2335 Concilium
957 2273 1181 2352 Laterensem,

212 2362 356 2425 restitutio
365 2362 519 2426 fructuum
530 2380 591 2424 non
602 2359 728 2424 debetur
736 2361 794 2424 nisi
804 2368 869 2443 post
877 2379 930 2424 666
937 2379 1061 2426 menses
1071 2363 1182 2443 adepta

211 2451 408 2535 possessionis
421 2451 570 2514 beneficii.
591 2451 671 2532 Ergo
684 2449 1015 2514 etc-Advertendum
1028 2459 1076 2516 cst
1084 2457 1184 2514 tamen

213 2543 294 2623 qudd
309 2541 356 2604 isti
371 2561 432 2604 non
440 2545 620 2604 excusentur
633 2543 651 2603 6
662 2539 744 2622 gravi
755 2540 854 2622 culpo,
868 2547 901 2603 ut
908 2543 1055 2607 mouetS.
1066 2541 1139 2606 Pius
1147 2543 1184 2617 V,

213 2651 245 2694 nr
259 2631 345 2696 eutis
358 2649 448 2712 supra
465 2631 556 2693 relate
571 2633 685 2711 (5099).

253 2725 342 2785 slot.
370 2721 492 2794 Quaerit.
522 2724 553 2783 l·
575 2720 704 2783 Guinsm
735 2719 774 2784 sit
794 2719 931 2785 iacienda
966 2722 1119 2786 restitutio
1148 2719 1187 2784 ob

214 2813 408 2875 omissionem
419 2809 521 2874 officii

255 2905 343 2984 ltesp.
376 2899 557 2966 Faciendum
583 2917 670 2980 esse,
697 2917 735 2962 ex
761 2901 793 2963 S.
821 2900 866 2964 Pii
893 2901 920 2964 V
943 2903 1094 2980 Decreto,
1118 2921 1188 2986 pau-

217 2993 336 3072 peribus
355 2990 401 3052 vel
420 2991 553 3052 Febricae
567 2987 728 3068 beneficii,
750 2991 811 3054 sive
829 2989 976 3071 ecclesie,
999 2994 1061 3056 sive
1082 2991 1187 3056 domui

214 3078 368 3156 beneficii,
383 3077 444 3140 sive
458 3079 490 3140 in
503 3078 649 3160 sugendis
662 3078 760 3162 agris:
772 3096 834 3142 non
847 3081 918 3143 verb
931 3078 1055 3145 sabricae
1066 3081 1188 3146 alterius

214 3166 369 3245 ecclesiae,
384 3165 441 3228 6161
455 3167 709 3250 ecclesirpropria
722 3185 785 3232 non
798 3167 947 3252 indigeret
955 3171 1188 3236 restauratione.

181 3255 484 3336 ““,61611666616666
505 3257 706 3340 eleemosynis
728 3258 909 3341 indigerent.
933 3260 1066 3324 Nomine
1087 3270 1190 3324 sutem

217 3361 386 3424 pauperum
401 3343 525 3425 intelligi
540 3353 667 3427 possunt
680 3365 829 3430 pauperes
841 3351 1064 3434 cujuscumque
1077 3349 1189 3415 locist

214 3431 306 3492 etiarn
319 3431 526 3511 intelliguntur
538 3433 695 3514 defuncti,
708 3443 761 3499 aut
774 3437 838 3519 ipse
847 3437 1072 3518 beneficiarius,
1084 3440 1109 3501 61
1119 3439 1189 3500 sord

214 3537 330 3603 pauper
343 3521 398 3598 sit,
408 3519 467 3580 nisi
482 3519 514 3580 16
528 3519 666 3586 fraudem
675 3524 810 3589 officium
822 3527 974 3592 omisisset
986 3529 1086 3592 sciens
1100 3545 1187 3611 posse

218 3605 253 3669 ob
267 3611 470 3689 paupertatem
483 3606 539 3669 sibi
549 3609 678 3675 retinere
692 3611 817 3679 fructus.
833 3615 987 3700 Quidquid
999 3623 1186 3683 autemnon·
