2462 3972
238 215 294 276 701
456 237 592 284 uanuaur
612 233 711 286 sonus
730 239 813 287 sums
834 240 983 288 canorum.

236 335 353 402 rentur,
369 330 420 392 sed
436 332 539 396 fideles
552 340 654 398 tamen
668 337 834 402 oblationes
847 345 1008 402 consuetas
1023 345 1195 422 prestarent,

235 426 467 501 recusantesque
480 423 518 483 ab
533 425 689 507 Episcopis
700 427 766 510 cogi
789 435 930 508 possent:
942 447 1005 490 non
1019 426 1196 490 uerbdantur

234 511 266 568 ut
291 508 419 588 pretium
439 529 542 573 rerum
564 531 736 592 sacrarum,
761 517 792 578 in
815 535 877 599 quo
897 523 975 580 esset
989 516 1136 590 simonia,
1151 516 1195 578 scd

234 599 375 676 tanquam
387 601 546 678 praemium
561 601 687 679 laberis,
703 611 731 666 et
745 611 890 688 tanquam
905 605 1051 668 alimenta
1063 605 1195 667 ministris

232 681 341 746 debita.
358 683 429 750 Vide
444 691 546 752 Devoti
557 691 618 769 (tib.
637 697 674 769 1,
690 694 734 755 tit.
748 699 805 772 ti,
821 693 888 776 §fib

272 787 315 848 Dc
329 787 364 850 iis
385 787 424 851 ad
437 810 515 872 quos
528 792 693 856 oblationes
707 797 857 876 pertinent
876 795 1062 859 sufficienter
1073 795 1198 858 diximus

231 891 320 956 supra
336 879 439 958 (1381,
457 883 551 958 1389,
569 885 667 963 1390).
684 919 722 929 -
738 883 842 958 Quoad
862 885 1011 967 stipendia
1025 885 1192 954 missarum.

231 961 297 1026 uide
312 984 403 1048 supra
416 971 616 1050 (3493,etc.).
1226 1013 1227 1020 1

271 1071 360 1132 5355.
387 1071 464 1134 Nota
479 1077 510 1134 1ο
523 1073 602 1138 circa
617 1077 785 1158 prestanda
798 1078 839 1140 ob
856 1077 1057 1140 assistentiam
1070 1079 1194 1158 exequiis
1226 1069 1227 1152 i

232 1162 262 1218 et
276 1159 374 1221 missis
389 1179 444 1240 pro
456 1161 622 1244 defunctis,
638 1165 719 1248 qued
734 1167 807 1228 nihii
821 1165 929 1228 debeat
941 1167 1056 1248 percipi
1070 1185 1124 1248 pro
1138 1185 1196 1247 per-
1226 1167 1227 1180 ¹

232 1249 313 1308 sonis
330 1249 382 1330 qui
403 1268 464 1311 non
487 1251 634 1316 intersunt
656 1274 710 1336 per
723 1273 755 1318 se
778 1263 829 1318 aut
847 1274 901 1338 per
921 1255 1034 1330 atium,
1049 1254 1107 1316 nisi
1127 1253 1195 1316 ierit

231 1335 369 1399 absentes
382 1345 482 1401 essent
502 1340 542 1402 ob
563 1361 684 1422 gravem
699 1345 908 1407 necessitatem
923 1343 1080 1406 ministerii
1098 1363 1105 1404 :
1120 1344 1149 1404 in
1163 1364 1197 1406 eu

230 1425 1197 1514 enimcasumeritbiidelespraesumunturconsentirehuiusmodi

230 1513 392 1593 absentiae,
414 1517 438 1579 si
463 1518 529 1580 tatis
542 1519 639 1602 vigeat
660 1521 768 1585 alicubi
787 1522 985 1586 consuetudo.
1000 1521 1077 1583 Vide
1097 1521 1197 1584 Aba·

230 1603 299 1663 rn'st.
323 1613 445 1687 ternpor.
460 1606 685 1690 desperasses,
708 1613 769 1672 DD.
788 1611 868 1675 affre
884 1614 926 1694 (p.
946 1613 1025 1688 203,
1045 1614 1078 1670 1·
1101 1609 1194 1684 edit.t;

229 1697 259 1754 et
272 1693 425 1774 bequeux,
441 1697 575 1776 n01223‚
590 1699 620 1759 in
634 1699 703 1781 fine.

193 1829 197 1836 ·
269 1799 358 1858 5356.
382 1796 507 1860 Νο111ο
522 1799 604 1880 quud
624 1801 661 1862 ad
683 1802 840 1865 lucrandas
860 1802 1028 1864 oblationes
1042 1819 1098 1882 prn
1119 1799 1199 1862 tuna

230 1884 311 1948 ribus
322 1905 382 1947 non
397 1885 523 1948 sufficiat
537 1889 681 1953 interesse
693 1939 701 1970 ,
716 1901 767 1954 aut
781 1892 918 1974 privatim
933 1908 1020 1952 orara
1033 1908 1090 1971 pro
1103 1890 1196 1953 libitu.

229 1973 279 2035 sed
299 1981 343 2036 est
357 1975 557 2054 cantandum,
579 1979 768 2060 psallendum
789 1989 840 2043 aut
853 1981 912 2044 aiio
933 1979 1025 2042 modo
1043 1978 1196 2041 funeribus

229 2061 1194 2151 inserviendum.sacraenimmngr.artuumconsutta:«uuun
1227 2081 1228 2154 q

227 2173 242 2209 a
267 2153 416 2232 parochus
429 2154 539 2236 aliique
554 2157 737 2230 sacerdotes,
754 2159 888 2240 exequiis
907 2165 1098 2221 mortuorum
1110 2205 1118 2233 ,
1132 2157 1193 2218 utti-
1227 2209 1228 2216 ,

226 2261 241 2298 a
265 2239 381 2320 ciisque
404 2243 588 2322 quotidianis
612 2263 666 2327 pro
695 2247 801 2310 iisdem
825 2247 1018 2323 assistentes,
1041 2251 1189 2308 teneantur

226 2349 240 2386 a
266 2347 319 2408 per
333 2347 365 2390 se
388 2331 520 2394 officium
535 2332 745 2398 defunctorum
760 2337 946 2417 persoluere,
967 2337 1010 2397 ita
1032 2343 1061 2398 ut
1078 2333 1184 2394 seium-

227 2439 241 2474 u
267 2417 571 2499 insinuabimus,
603 2429 632 2502 et
660 2441 720 2485 non
744 2431 918 2500 cantantes,
946 2423 993 2485 vet
1025 2422 1192 2505 penitentes,

229 2531 243 2562 a
266 2507 381 2570 fructus
396 2527 457 2569 non
470 2509 580 2571 iaciant
593 2530 682 2573 suos:
698 2531 738 2574 an
757 2514 828 2576 verb
845 2511 973 2576 sufficiat
993 2519 1029 2574 ut
1042 2511 1177 2572 assistant
1190 2557 1196 2580 ι.

224 2623 230 2648 r
265 2603 294 2657 et
307 2597 409 2658 schnia
423 2597 557 2659 otticium
572 2601 733 2680 persolvat,
755 2602 825 2683 ipsis
839 2602 952 2664 interea
971 2620 1029 2682 pro
1043 2619 1103 2662 suu
1116 2599 1201 2660 libitu

226 2717 229 2734 ·
265 2685 337 2747 alias
352 2703 455 2768 preces
474 2687 688 2768 fundentibus,
710 2709 737 2752 v.
754 2711 784 2772 g.
808 2691 988 2754 breviarium
1004 2689 1202 2752 recitantibus

217 2793 227 2827 a
267 2794 320 2849 pro
333 2779 386 2836 sua
401 2775 573 2848 quetidiana
587 2778 646 2839 obli
670 2779 789 2841 atione?
803 2809 843 2826 -
853 2775 1118 2844 Respondcndum
1132 2797 1200 2840 cen-

221 2850 552 2934 uaurtzaifflrmutiat
694 2849 828 2929 primam
850 2855 1024 2930 pcrtaru,·
1066 2849 1177 2928 Nepet:

224 2969 236 3002 r
263 2941 359 3020 quoad
385 2939 547 3004 secundem
574 2961 589 2996 a
619 2958 629 2999 .·
658 2941 677 3000 9
706 2937 779 3000 maii
809 2936 895 3006 t857.
923 2936 986 3004 Sed
1015 2937 1091 3014 riide
1119 2939 1198 3001 intra

259 3117 298 3178 tn
320 3115 593 3178 confirmationem
622 3113 822 3197 praefatorum
852 3114 980 3197 allegari
1003 3125 1114 3198 potest
1143 3133 1206 3194 cap.

223 3203 333 3271 Cierici
348 3202 505 3277 tanausis
522 3204 550 3277 1,
567 3223 598 3282 q.
613 3203 641 3278 1,
658 3203 690 3264 in
706 3221 771 3284 quo
786 3201 948 3266 dicitur:«
967 3202 1084 3268 Clerici
1101 3218 1208 3268 omnes

226 3315 238 3347 ι
263 3292 317 3369 qni
342 3290 481 3353 ecclesia
508 3291 670 3371 vtqttuntar
695 3291 891 3364 deserviunt,
918 3293 1073 3372 stipendia
1100 3289 1209 3356 suanir

224 3401 238 3434 a
260 3377 407 3439 tatoribus
419 3377 527 3451 debita,
542 3377 704 3441 secundina
719 3377 838 3442 servitii
854 3379 904 3442 aui
917 3380 1064 3444 maritum
1084 3399 1146 3462 per
1160 3395 1206 3440 ur·

225 3486 236 3519 s
260 3463 454 3524 dinaticnem
469 3483 629 3527 canonum
644 3469 657 3524 1
675 3465 891 3530 sacerdotibus
903 3479 1171 3550 consequantur.
1195 3489 1205 3518 ι

259 3549 352 3611 tata.
376 3550 501 3622 Ouarit.
519 3557 551 3614 t⁰
565 3553 612 3612 rtn
631 3551 805 3635 Episcopus
824 3551 1003 3631 habentius
1027 3555 1209 3620 oblationes
