2462 3972
390 245 474 290 aissa
494 242 651 290 secururs.
951 225 1006 286 sar

43 344 90 404 alii
105 343 257 405 affirmant
269 349 299 406 et
319 343 366 406 alii
384 349 504 424 negant.
525 345 673 423 Negantes
688 341 825 404 nituntur
843 342 1010 405 canonibus

42 431 94 512 qui
107 437 148 495 40
157 451 254 494 annos
266 432 426 512 requirnnt
439 431 476 492 ad
486 429 740 512 praescriptionem
753 428 903 492 bonoram
917 429 1010 492 eccle·

41 519 228 582 siasticorum
249 521 313 581 sine
330 519 522 582 distinctione
542 520 621 580 inter
638 517 760 579 mobilia
782 523 811 580 et
831 518 1006 584 immobilia.

41 609 172 689 Utraque
182 609 328 670 sententia
342 615 386 670 est
399 609 469 670 satis
478 606 640 689 probabilis
647 607 730 686 juxta
740 609 770 669 S.
785 607 906 689 Lignor.
920 611 1008 692 Apud

39 713 94 757 nus
109 698 141 759 in
155 697 249 759 Gallia
263 696 383 758 mobilia
397 695 458 758 solt
473 696 661 777 possessione
674 695 909 777 praescribuntur
923 699 1005 776 (Cod.

38 785 108 862 cias
124 791 179 846 art.
195 789 298 864 9979),
314 785 405 847 modd
423 792 522 848 tamen
542 803 604 846 non
617 783 825 866 possideantur
843 785 930 849 titulo
943 808 1008 870 pre

38 873 119 934 cario
137 879 264 936 autnon
278 879 383 955 agatur
399 872 437 936 de
455 872 545 936 rebus
564 871 682 935 amissis
699 879 751 935 aut
766 873 846 936 furto
866 874 1004 957 sublatis,

38 981 91 1041 pro
105 963 290 1025 conscientia
302 969 404 1025 tamen
419 981 538 1044 semper
551 962 717 1024 necessaria
730 963 910 1044 supponitur
928 964 1006 1031 bona

36 1049 123 1113 fides.

75 1141 120 1201 De
134 1141 359 1222 prescriptione
378 1141 508 1204 limitum
526 1142 658 1204 diximus
669 1161 759 1224 supra
769 1145 865 1220 (358);
877 1143 915 1205 de
929 1163 1006 1225 prae·

35 1227 197 1308 scriptione
206 1229 305 1318 quoad
317 1249 410 1293 onera
424 1231 583 1292 missarum
592 1236 623 1293 et
636 1230 844 1294 conditionum
858 1231 1006 1296 fundatio·

35 1333 128 1392 num,
142 1334 233 1397 supra
254 1319 365 1396 (3520).
382 1320 466 1382 Circa
479 1319 669 1382 conditiones
685 1319 724 1382 ad
744 1319 909 1401 legitimam
926 1341 1005 1404 prae-

34 1403 228 1486 scriptionem
240 1407 407 1488 requisitas,
422 1407 490 1470 vide
503 1407 631 1471 dicenda
641 1406 718 1471 inira
732 1411 843 1490 (amr).

443 1613 524 1676 ΑΗΤ.
548 1615 595 1676 lll.

56 1763 94 1808 DE
115 1762 284 1818 obtrusus!
306 1765 383 1811 atus
404 1765 527 1811 aestuas
549 1765 824 1812 anrmmsranrlortls
844 1769 983 1818 nononvlt

440 1863 595 1908 ECGLESIAE.

68 2031 160 2090 5344.
176 2027 274 2090 Pauca
287 2027 395 2090 dicturi
410 2045 515 2090 sumus
529 2026 561 2086 in
572 2027 708 2107 praesenti
722 2026 1000 2092 articulotdiximus

30 2135 111 2178 enrm
121 2135 233 2198 supra:
757 2191 761 2200 Ι

70 2207 91 2266 Ι.
107 2204 193 2278 Quod
208 2205 246 2268 ad
259 2206 444 2288 Episcopum
458 2205 604 2288 pertineat
618 2223 779 2286 procurare
789 2207 999 2270 executionem

26 2291 197 2375 legatorum
206 2295 341 2377 piorum:
352 2294 420 2357 vide
432 2293 511 2358 dicta
525 2295 641 2376 (4049).

64 2385 102 2444 ll.
117 2385 194 2446 Item
207 2382 338 2446 diximus
354 2401 445 2464 supra
459 2385 569 2461 (4765,
589 2381 663 2463 etc.)
678 2382 860 2464 quibusnam
880 2383 997 2446 incum-

22 2471 101 2533 bant
114 2472 317 2554 reparationes
329 2477 383 2534 aut
395 2471 627 2535 restaurationes
638 2471 669 2530 in
683 2470 815 2532 ecclesiis
829 2470 973 2534 faciendae
989 2497 996 2534 :

20 2560 168 2640 quaedum
182 2563 299 2623 tantiam
312 2567 384 2624 sunt
396 2561 445 2623 hlc
465 2559 602 2622 addenda
617 2577 672 2640 pro
686 2557 780 2620 Gallia
795 2577 803 2618 ε
819 2576 855 2620 ex
875 2567 929 2620 art.
946 2565 996 2638 92,

18 2650 143 2712 Decreti
158 2653 197 2713 30
216 2649 283 2712 dec.
305 2653 399 2727 4809,
415 2648 537 2730 quando
554 2647 675 2709 fabricae
696 2645 827 2709 nonsibi
847 2647 998 2710 sufficiunt

18 2737 60 2798 ad
75 2738 173 2800 varias
186 2757 333 2820 expensas
351 2739 552 2814 necessarias,
565 2735 723 2798 subvenire
737 2735 810 2818 ipsis
822 2735 950 2816 debent,
967 2739 997 2800 in

16 2833 175 2906 quantum
189 2833 234 2890 est
247 2845 389 2906 necesse,
405 2827 639 2889 communitates
653 2825 704 2903 (les
717 2829 899 2902 communes).

76 2918 168 2978 5345.
199 2916 249 2978 Sic
276 2923 376 2978 autem
412 2922 458 2978 est
483 2913 710 2996 procedendum
739 2931 795 2996 pro
826 2913 997 2980 obtinendis

14 3005 199 3085 nujusmodi
212 3004 353 3068 subsidiis
372 3024 380 3066 :
403 3007 436 3066 lt
458 3007 550 3066 Actus
568 3003 777 3066 aestimatorius
795 3021 997 3085 expensarum

13 3093 127 3173 (decis)
146 3093 308 3157 coniicitur
321 3093 366 3157 rcl
380 3096 397 3156 b
410 3093 523 3172 Majore
536 3091 760 3155 communitatis
773 3093 814 3170 (le
833 3094 938 3172 moire)
951 3095 996 3158 vel

10 3187 32 3246 a
46 3183 233 3247 Praesidente
246 3182 378 3246 fabricae.
398 3187 430 3245 2·
444 3181 568 3244 Fabrica
585 3181 730 3244 deliberat
743 3181 823 3244 circa
839 3183 995 3247 utilitatem

9 3281 73 3334 aut
93 3273 304 3336 necessitatem
321 3271 547 3353 reparationum
566 3270 612 3332 vel
628 3269 907 3348 constructionum
923 3273 995 3335 item

8 3380 60 3422 an
76 3360 184 3423 babeat
201 3361 345 3443 pecunias
360 3359 557 3436 sufficientem
573 3359 598 3421 si
613 3359 684 3421 verb
701 3377 764 3420 non
782 3357 901 3438 babeat,
916 3361 996 3423 relit-

7 3467 82 3532 que
94 3455 198 3512 umen
212 3455 247 3513 ut
260 3449 333 3511 fiant
345 3449 549 3530 reparationes
567 3455 618 3511 aut
631 3447 866 3510 constructiones
884 3467 994 3530 propo·

7 3538 105 3613 sitae,
122 3539 225 3600 statuit
234 3555 390 3600 recursum
403 3555 470 3600 esse
485 3536 659 3599 habendum
673 3535 711 3597 ad
724 3536 991 3604 communitatem.

7 3625 59 3686 sd
73 3643 167 3702 quam
177 3627 352 3706 petitionem
360 3625 478 3706 dirigit,
487 3631 641 3706 rogansut
649 3626 743 3703 qulam
751 3621 993 3698 citissimbopers
