<?xml version="1.0" encoding="UTF-8"?>
<!DOCTYPE html PUBLIC "-//W3C//DTD XHTML 1.0 Transitional//EN"
    "http://www.w3.org/TR/xhtml1/DTD/xhtml1-transitional.dtd">
<html xmlns="http://www.w3.org/1999/xhtml" xml:lang="en" lang="en">
 <head>
  <title>
</title>
<meta http-equiv="Content-Type" content="text/html;charset=utf-8" />
  <meta name='ocr-system' content='tesseract 3.04.00' />
  <meta name='ocr-capabilities' content='ocr_page ocr_carea ocr_par ocr_line ocrx_word'/>
</head>
<body>
  <div class='ocr_page' id='page_1' title='image "./manualetotiusju00craigoog_0496.png"; bbox 0 0 2416 3954; ppageno 0'>
   <div class='ocr_carea' id='block_1_1' title="bbox 370 208 984 291">
    <p class='ocr_par' dir='ltr' id='par_1_1' title="bbox 370 208 984 291">
     <span class='ocr_line' id='line_1_1' title="bbox 370 208 984 291; baseline -0.031 0"><span class='ocrx_word' id='word_1_1' title='bbox 370 243 455 291; x_wconf 79' lang='lat' dir='ltr'>cmm</span> <span class='ocrx_word' id='word_1_2' title='bbox 474 233 631 286; x_wconf 82' lang='lat' dir='ltr'>suounucs.</span> <span class='ocrx_word' id='word_1_3' title='bbox 925 208 984 272; x_wconf 80' lang='lat' dir='ltr'>tus</span> 
     </span>
    </p>
   </div>
   <div class='ocr_carea' id='block_1_2' title="bbox 14 324 1022 3466">
    <p class='ocr_par' dir='ltr' id='par_1_2' title="bbox 31 324 987 792">
     <span class='ocr_line' id='line_1_2' title="bbox 32 324 987 440; baseline -0.039 -18"><span class='ocrx_word' id='word_1_4' title='bbox 32 358 113 440; x_wconf 82' lang='lat' dir='ltr'>signis</span> <span class='ocrx_word' id='word_1_5' title='bbox 124 353 297 419; x_wconf 75' lang='lat' dir='ltr'><strong>benefactor</strong></span> <span class='ocrx_word' id='word_1_6' title='bbox 310 352 410 431; x_wconf 90' lang='lat' dir='ltr'>posset</span> <span class='ocrx_word' id='word_1_7' title='bbox 424 343 478 403; x_wconf 87' lang='lat' dir='ltr'>sibi</span> <span class='ocrx_word' id='word_1_8' title='bbox 494 351 643 402; x_wconf 83' lang='lat' dir='ltr'>reservare</span> <span class='ocrx_word' id='word_1_9' title='bbox 655 331 893 414; x_wconf 80' lang='lat' dir='ltr'>imperpetuum</span> <span class='ocrx_word' id='word_1_10' title='bbox 908 324 987 386; x_wconf 85' lang='lat' dir='ltr'>sedis</span> 
     </span>
     <span class='ocr_line' id='line_1_3' title="bbox 33 420 986 511; baseline -0.035 -2"><span class='ocrx_word' id='word_1_11' title='bbox 33 456 74 510; x_wconf 88' lang='lat' dir='ltr'>rut</span> <span class='ocrx_word' id='word_1_12' title='bbox 87 445 196 508; x_wconf 80' lang='lat' dir='ltr'><strong>scamni</strong></span> <span class='ocrx_word' id='word_1_13' title='bbox 216 443 248 504; x_wconf 95' lang='lat' dir='ltr'>in</span> <span class='ocrx_word' id='word_1_14' title='bbox 262 435 407 511; x_wconf 80' lang='lat' dir='ltr'>ecclesit,</span> <span class='ocrx_word' id='word_1_15' title='bbox 422 433 500 493; x_wconf 88' lang='lat' dir='ltr'>sicut</span> <span class='ocrx_word' id='word_1_16' title='bbox 520 433 617 510; x_wconf 71' lang='lat' dir='ltr'>potest</span> <span class='ocrx_word' id='word_1_17' title='bbox 634 421 690 485; x_wconf 88' lang='lat' dir='ltr'>sibi</span> <span class='ocrx_word' id='word_1_18' title='bbox 711 420 822 501; x_wconf 77' lang='lat' dir='ltr'>pariter</span> <span class='ocrx_word' id='word_1_19' title='bbox 836 431 986 478; x_wconf 84' lang='lat' dir='ltr'>reservare</span> 
     </span>
     <span class='ocr_line' id='line_1_4' title="bbox 31 504 987 614; baseline -0.038 -15"><span class='ocrx_word' id='word_1_20' title='bbox 31 538 73 614; x_wconf 84' lang='lat' dir='ltr'>jus</span> <span class='ocrx_word' id='word_1_21' title='bbox 86 533 209 597; x_wconf 80' lang='lat' dir='ltr'>habendi</span> <span class='ocrx_word' id='word_1_22' title='bbox 234 532 427 614; x_wconf 89' lang='lat' dir='ltr'>prospectum</span> <span class='ocrx_word' id='word_1_23' title='bbox 451 537 506 582; x_wconf 86' lang='lat' dir='ltr'>seu</span> <span class='ocrx_word' id='word_1_24' title='bbox 528 516 698 596; x_wconf 77' lang='lat' dir='ltr'>ingressum</span> <span class='ocrx_word' id='word_1_25' title='bbox 713 511 745 570; x_wconf 89' lang='lat' dir='ltr'>in</span> <span class='ocrx_word' id='word_1_26' title='bbox 764 507 882 590; x_wconf 80' lang='lat' dir='ltr'>ipsam,</span> <span class='ocrx_word' id='word_1_27' title='bbox 902 504 987 584; x_wconf 77' lang='lat' dir='ltr'>Juxta</span> 
     </span>
     <span class='ocr_line' id='line_1_5' title="bbox 34 593 983 688; baseline -0.036 0"><span class='ocrx_word' id='word_1_28' title='bbox 34 641 218 688; x_wconf 83' lang='lat' dir='ltr'>communem</span> <span class='ocrx_word' id='word_1_29' title='bbox 239 621 303 682; x_wconf 86' lang='lat' dir='ltr'>DD.</span> <span class='ocrx_word' id='word_1_30' title='bbox 329 610 517 677; x_wconf 80' lang='lat' dir='ltr'>sententiam</span> <span class='ocrx_word' id='word_1_31' title='bbox 535 601 611 666; x_wconf 83' lang='lat' dir='ltr'>Vide</span> <span class='ocrx_word' id='word_1_32' title='bbox 632 593 983 676; x_wconf 61' lang='lat' dir='ltr'>concoquentem,</span> 
     </span>
     <span class='ocr_line' id='line_1_6' title="bbox 35 715 219 792; baseline -0.027 -14"><span class='ocrx_word' id='word_1_33' title='bbox 35 720 124 792; x_wconf 56' lang='lat' dir='ltr'>erto,</span> <span class='ocrx_word' id='word_1_34' title='bbox 139 723 174 775; x_wconf 81' lang='lat' dir='ltr'>n⁰</span> <span class='ocrx_word' id='word_1_35' title='bbox 187 715 219 776; x_wconf 82' lang='lat'>6.</span> 
     </span>
    </p>

    <p class='ocr_par' dir='ltr' id='par_1_3' title="bbox 14 778 993 1336">
     <span class='ocr_line' id='line_1_7' title="bbox 14 778 986 878; baseline -0.04 -5"><span class='ocrx_word' id='word_1_36' title='bbox 14 806 17 810; x_wconf 74' lang='grc'><strong>’</strong></span> <span class='ocrx_word' id='word_1_37' title='bbox 68 807 151 870; x_wconf 68' lang='grc'><strong>4863.</strong></span> <span class='ocrx_word' id='word_1_38' title='bbox 175 799 236 862; x_wconf 80' lang='lat' dir='ltr'>Etsi</span> <span class='ocrx_word' id='word_1_39' title='bbox 257 797 424 878; x_wconf 82' lang='lat' dir='ltr'><strong>Episcopus</strong></span> <span class='ocrx_word' id='word_1_40' title='bbox 446 787 492 850; x_wconf 86' lang='lat' dir='ltr'>rel</span> <span class='ocrx_word' id='word_1_41' title='bbox 518 789 617 848; x_wconf 89' lang='lat' dir='ltr'>rector</span> <span class='ocrx_word' id='word_1_42' title='bbox 629 778 723 863; x_wconf 87' lang='lat' dir='ltr'>possit</span> <span class='ocrx_word' id='word_1_43' title='bbox 741 792 880 838; x_wconf 84' lang='lat' dir='ltr'>revocure</span> <span class='ocrx_word' id='word_1_44' title='bbox 897 792 986 837; x_wconf 91' lang='lat' dir='ltr'>usum</span> 
     </span>
     <span class='ocr_line' id='line_1_8' title="bbox 37 863 988 969; baseline -0.043 -8"><span class='ocrx_word' id='word_1_45' title='bbox 37 897 163 961; x_wconf 84' lang='lat' dir='ltr'>sedilium</span> <span class='ocrx_word' id='word_1_46' title='bbox 181 895 199 954; x_wconf 82' lang='lat' dir='ltr'>tt</span> <span class='ocrx_word' id='word_1_47' title='bbox 222 889 320 969; x_wconf 89' lang='lat' dir='ltr'>scipso</span> <span class='ocrx_word' id='word_1_48' title='bbox 340 895 528 952; x_wconf 84' lang='lat' dir='ltr'>concessum,</span> <span class='ocrx_word' id='word_1_49' title='bbox 548 891 619 934; x_wconf 90' lang='lat' dir='ltr'>eum</span> <span class='ocrx_word' id='word_1_50' title='bbox 640 876 742 930; x_wconf 84' lang='lat' dir='ltr'>temen</span> <span class='ocrx_word' id='word_1_51' title='bbox 755 863 905 926; x_wconf 78' lang='lat' dir='ltr'>retrahere</span> <span class='ocrx_word' id='word_1_52' title='bbox 926 881 988 923; x_wconf 92' lang='lat' dir='ltr'>non</span> 
     </span>
     <span class='ocr_line' id='line_1_9' title="bbox 37 949 990 1064; baseline -0.043 -13"><span class='ocrx_word' id='word_1_53' title='bbox 37 988 132 1064; x_wconf 87' lang='lat' dir='ltr'>debet,</span> <span class='ocrx_word' id='word_1_54' title='bbox 148 979 207 1045; x_wconf 87' lang='lat' dir='ltr'>nisi</span> <span class='ocrx_word' id='word_1_55' title='bbox 219 979 304 1058; x_wconf 80' lang='lat' dir='ltr'>juxte</span> <span class='ocrx_word' id='word_1_56' title='bbox 325 968 478 1035; x_wconf 89' lang='lat' dir='ltr'>servitium</span> <span class='ocrx_word' id='word_1_57' title='bbox 495 963 540 1025; x_wconf 83' lang='lat' dir='ltr'>rrt</span> <span class='ocrx_word' id='word_1_58' title='bbox 554 957 749 1023; x_wconf 89' lang='lat' dir='ltr'>commodum</span> <span class='ocrx_word' id='word_1_59' title='bbox 769 951 918 1028; x_wconf 62' lang='lat' dir='ltr'>ecclesia),</span> <span class='ocrx_word' id='word_1_60' title='bbox 944 949 990 1011; x_wconf 83' lang='lat' dir='ltr'>ret</span> 
     </span>
     <span class='ocr_line' id='line_1_10' title="bbox 37 1038 992 1157; baseline -0.041 -18"><span class='ocrx_word' id='word_1_61' title='bbox 37 1078 85 1139; x_wconf 90' lang='lat' dir='ltr'>nisi</span> <span class='ocrx_word' id='word_1_62' title='bbox 98 1073 166 1157; x_wconf 89' lang='lat' dir='ltr'>quis</span> <span class='ocrx_word' id='word_1_63' title='bbox 182 1066 394 1153; x_wconf 69' lang='lat' dir='ltr'>proprietatem</span> <span class='ocrx_word' id='word_1_64' title='bbox 419 1052 474 1118; x_wconf 89' lang='lat' dir='ltr'>sibi</span> <span class='ocrx_word' id='word_1_65' title='bbox 494 1049 709 1135; x_wconf 82' lang='lat' dir='ltr'>praetenderet:</span> <span class='ocrx_word' id='word_1_66' title='bbox 725 1043 812 1125; x_wconf 89' lang='lat' dir='ltr'>quio,</span> <span class='ocrx_word' id='word_1_67' title='bbox 831 1057 868 1102; x_wconf 82' lang='lat' dir='ltr'>ex</span> <span class='ocrx_word' id='word_1_68' title='bbox 889 1038 992 1119; x_wconf 72' lang='lat' dir='ltr'>regule</span> 
     </span>
     <span class='ocr_line' id='line_1_11' title="bbox 35 1127 993 1246; baseline -0.047 -16"><span class='ocrx_word' id='word_1_69' title='bbox 35 1167 101 1246; x_wconf 85' lang='lat' dir='ltr'>juris</span> <span class='ocrx_word' id='word_1_70' title='bbox 112 1169 164 1241; x_wconf 73' lang='lat' dir='ltr'>rt,</span> <span class='ocrx_word' id='word_1_71' title='bbox 179 1161 211 1222; x_wconf 93' lang='lat' dir='ltr'>in</span> <span class='ocrx_word' id='word_1_72' title='bbox 225 1163 257 1220; x_wconf 80' lang='lat'>6⁰</span> <span class='ocrx_word' id='word_1_73' title='bbox 275 1174 282 1215; x_wconf 90' lang='lat'><strong>:</strong></span> <span class='ocrx_word' id='word_1_74' title='bbox 303 1145 414 1232; x_wconf 77' lang='lat' dir='ltr'>equod</span> <span class='ocrx_word' id='word_1_75' title='bbox 432 1141 524 1206; x_wconf 87' lang='lat' dir='ltr'>semel</span> <span class='ocrx_word' id='word_1_76' title='bbox 539 1137 664 1221; x_wconf 76' lang='lat' dir='ltr'>placuit,</span> <span class='ocrx_word' id='word_1_77' title='bbox 685 1132 816 1214; x_wconf 81' lang='lat' dir='ltr'>emplius</span> <span class='ocrx_word' id='word_1_78' title='bbox 836 1127 993 1210; x_wconf 77' lang='lat' dir='ltr'>displicere</span> 
     </span>
     <span class='ocr_line' id='line_1_12' title="bbox 38 1227 707 1336; baseline -0.052 -17"><span class='ocrx_word' id='word_1_79' title='bbox 38 1273 91 1318; x_wconf 91' lang='lat' dir='ltr'>non</span> <span class='ocrx_word' id='word_1_80' title='bbox 104 1253 240 1336; x_wconf 75' lang='lat' dir='ltr'>potest.»</span> <span class='ocrx_word' id='word_1_81' title='bbox 257 1239 411 1324; x_wconf 79' lang='lat' dir='ltr'>(Ferraris,</span> <span class='ocrx_word' id='word_1_82' title='bbox 428 1233 483 1308; x_wconf 76' lang='lat' dir='ltr'>tu,</span> <span class='ocrx_word' id='word_1_83' title='bbox 494 1229 534 1292; x_wconf 85' lang='lat' dir='ltr'>n&#39;·</span> <span class='ocrx_word' id='word_1_84' title='bbox 550 1231 585 1290; x_wconf 89' lang='lat' dir='ltr'>tt</span> <span class='ocrx_word' id='word_1_85' title='bbox 601 1233 632 1290; x_wconf 87' lang='lat' dir='ltr'>et</span> <span class='ocrx_word' id='word_1_86' title='bbox 645 1227 707 1303; x_wconf 78' lang='lat' dir='ltr'>te.)</span> 
     </span>
    </p>

    <p class='ocr_par' dir='ltr' id='par_1_4' title="bbox 37 1306 997 1689">
     <span class='ocr_line' id='line_1_13' title="bbox 70 1306 997 1414; baseline -0.047 -5"><span class='ocrx_word' id='word_1_87' title='bbox 70 1348 158 1408; x_wconf 73' lang='lat' dir='ltr'>tout.</span> <span class='ocrx_word' id='word_1_88' title='bbox 180 1339 248 1401; x_wconf 92' lang='lat' dir='ltr'>Non</span> <span class='ocrx_word' id='word_1_89' title='bbox 263 1333 389 1414; x_wconf 90' lang='lat' dir='ltr'>possunt</span> <span class='ocrx_word' id='word_1_90' title='bbox 410 1327 510 1385; x_wconf 84' lang='lat' dir='ltr'>nutem</span> <span class='ocrx_word' id='word_1_91' title='bbox 524 1331 710 1402; x_wconf 74' lang='lat' dir='ltr'>possessores</span> <span class='ocrx_word' id='word_1_92' title='bbox 722 1309 861 1374; x_wconf 86' lang='lat' dir='ltr'>sedilium</span> <span class='ocrx_word' id='word_1_93' title='bbox 881 1306 913 1368; x_wconf 93' lang='lat' dir='ltr'>in</span> <span class='ocrx_word' id='word_1_94' title='bbox 932 1307 997 1366; x_wconf 88' lang='lat' dir='ltr'>toto</span> 
     </span>
     <span class='ocr_line' id='line_1_14' title="bbox 37 1400 994 1512; baseline -0.047 -14"><span class='ocrx_word' id='word_1_95' title='bbox 37 1433 76 1498; x_wconf 79' lang='lat' dir='ltr'>ret</span> <span class='ocrx_word' id='word_1_96' title='bbox 90 1435 120 1495; x_wconf 94' lang='lat' dir='ltr'>in</span> <span class='ocrx_word' id='word_1_97' title='bbox 134 1433 237 1512; x_wconf 83' lang='lat' dir='ltr'>parte,</span> <span class='ocrx_word' id='word_1_98' title='bbox 252 1423 372 1484; x_wconf 91' lang='lat' dir='ltr'>ittorum</span> <span class='ocrx_word' id='word_1_99' title='bbox 386 1429 475 1476; x_wconf 91' lang='lat' dir='ltr'>usum</span> <span class='ocrx_word' id='word_1_100' title='bbox 488 1416 539 1471; x_wconf 85' lang='lat' dir='ltr'>aut</span> <span class='ocrx_word' id='word_1_101' title='bbox 552 1406 642 1468; x_wconf 85' lang='lat' dir='ltr'>situm</span> <span class='ocrx_word' id='word_1_102' title='bbox 656 1402 721 1464; x_wconf 85' lang='lat' dir='ltr'>ntiis</span> <span class='ocrx_word' id='word_1_103' title='bbox 733 1400 840 1463; x_wconf 88' lang='lat' dir='ltr'>cedere</span> <span class='ocrx_word' id='word_1_104' title='bbox 859 1400 912 1458; x_wconf 81' lang='lat' dir='ltr'>out</span> <span class='ocrx_word' id='word_1_105' title='bbox 924 1410 994 1474; x_wconf 88' lang='lat' dir='ltr'>quo·</span> 
     </span>
     <span class='ocr_line' id='line_1_15' title="bbox 38 1483 995 1604; baseline -0.048 -16"><span class='ocrx_word' id='word_1_106' title='bbox 38 1519 185 1604; x_wconf 90' lang='lat' dir='ltr'>quomodo</span> <span class='ocrx_word' id='word_1_107' title='bbox 203 1509 369 1578; x_wconf 82' lang='lat' dir='ltr'>concedere</span> <span class='ocrx_word' id='word_1_108' title='bbox 388 1502 446 1566; x_wconf 91' lang='lat' dir='ltr'>nisi</span> <span class='ocrx_word' id='word_1_109' title='bbox 463 1497 629 1579; x_wconf 87' lang='lat' dir='ltr'>Episcopus</span> <span class='ocrx_word' id='word_1_110' title='bbox 642 1489 818 1554; x_wconf 85' lang='lat' dir='ltr'>consentiat.</span> <span class='ocrx_word' id='word_1_111' title='bbox 834 1483 995 1564; x_wconf 69' lang='lat' dir='ltr'>(terroris,</span> 
     </span>
     <span class='ocr_line' id='line_1_16' title="bbox 39 1609 187 1689; baseline -0.014 -16"><span class='ocrx_word' id='word_1_112' title='bbox 39 1613 86 1689; x_wconf 80' lang='lat' dir='ltr'>it,</span> <span class='ocrx_word' id='word_1_113' title='bbox 101 1609 187 1687; x_wconf 72' lang='lat' dir='ltr'>n09.)</span> 
     </span>
    </p>

    <p class='ocr_par' dir='ltr' id='par_1_5' title="bbox 39 1661 1004 2122">
     <span class='ocr_line' id='line_1_17' title="bbox 72 1661 996 1764; baseline -0.043 -3"><span class='ocrx_word' id='word_1_114' title='bbox 72 1703 162 1764; x_wconf 71' lang='lat' dir='ltr'>tttt5.</span> <span class='ocrx_word' id='word_1_115' title='bbox 184 1717 200 1755; x_wconf 81' lang='lat' dir='ltr'>n</span> <span class='ocrx_word' id='word_1_116' title='bbox 225 1693 281 1756; x_wconf 81' lang='lat' dir='ltr'>tus</span> <span class='ocrx_word' id='word_1_117' title='bbox 298 1679 430 1748; x_wconf 79' lang='lat' dir='ltr'>habendi</span> <span class='ocrx_word' id='word_1_118' title='bbox 448 1675 552 1740; x_wconf 81' lang='lat' dir='ltr'>sedilia</span> <span class='ocrx_word' id='word_1_119' title='bbox 573 1672 620 1734; x_wconf 88' lang='lat' dir='ltr'>vet</span> <span class='ocrx_word' id='word_1_120' title='bbox 643 1667 799 1752; x_wconf 81' lang='lat' dir='ltr'>sepulchra</span> <span class='ocrx_word' id='word_1_121' title='bbox 813 1665 844 1727; x_wconf 94' lang='lat' dir='ltr'>in</span> <span class='ocrx_word' id='word_1_122' title='bbox 858 1661 996 1730; x_wconf 73' lang='lat' dir='ltr'>ecclesio,</span> 
     </span>
     <span class='ocr_line' id='line_1_18' title="bbox 39 1751 1001 1852; baseline -0.043 -1"><span class='ocrx_word' id='word_1_123' title='bbox 39 1815 52 1851; x_wconf 76' lang='lat' dir='ltr'>r</span> <span class='ocrx_word' id='word_1_124' title='bbox 73 1798 255 1852; x_wconf 87' lang='lat' dir='ltr'>concessum</span> <span class='ocrx_word' id='word_1_125' title='bbox 277 1774 365 1840; x_wconf 81' lang='lat' dir='ltr'>elicui</span> <span class='ocrx_word' id='word_1_126' title='bbox 385 1768 505 1832; x_wconf 82' lang='lat' dir='ltr'>tamitiae</span> <span class='ocrx_word' id='word_1_127' title='bbox 524 1763 570 1825; x_wconf 88' lang='lat' dir='ltr'>vel</span> <span class='ocrx_word' id='word_1_128' title='bbox 588 1756 853 1830; x_wconf 86' lang='lat' dir='ltr'>descendentibus,</span> <span class='ocrx_word' id='word_1_129' title='bbox 872 1751 1001 1814; x_wconf 74' lang='lat' dir='ltr'>extincte</span> 
     </span>
     <span class='ocr_line' id='line_1_19' title="bbox 39 1841 1002 1952; baseline -0.049 -7"><span class='ocrx_word' id='word_1_130' title='bbox 39 1905 52 1942; x_wconf 82' lang='lat' dir='ltr'>r</span> <span class='ocrx_word' id='word_1_131' title='bbox 73 1876 188 1942; x_wconf 83' lang='lat' dir='ltr'>iumititt</span> <span class='ocrx_word' id='word_1_132' title='bbox 199 1920 209 1952; x_wconf 92' lang='lat'>,</span> <span class='ocrx_word' id='word_1_133' title='bbox 222 1867 328 1932; x_wconf 83' lang='lat' dir='ltr'>transit</span> <span class='ocrx_word' id='word_1_134' title='bbox 336 1862 374 1924; x_wconf 82' lang='lat' dir='ltr'>ed</span> <span class='ocrx_word' id='word_1_135' title='bbox 388 1855 521 1920; x_wconf 83' lang='lat' dir='ltr'>haeredes</span> <span class='ocrx_word' id='word_1_136' title='bbox 534 1857 708 1924; x_wconf 85' lang='lat' dir='ltr'>extraneos,</span> <span class='ocrx_word' id='word_1_137' title='bbox 723 1845 780 1906; x_wconf 90' lang='lat' dir='ltr'>nisi</span> <span class='ocrx_word' id='word_1_138' title='bbox 794 1841 919 1904; x_wconf 72' lang='lat' dir='ltr'>tentative</span> <span class='ocrx_word' id='word_1_139' title='bbox 933 1857 1002 1902; x_wconf 90' lang='lat' dir='ltr'>con·</span> 
     </span>
     <span class='ocr_line' id='line_1_20' title="bbox 39 1929 1004 2032; baseline -0.041 -4"><span class='ocrx_word' id='word_1_140' title='bbox 39 1992 52 2028; x_wconf 83' lang='lat' dir='ltr'>n</span> <span class='ocrx_word' id='word_1_141' title='bbox 75 1983 196 2032; x_wconf 81' lang='lat' dir='ltr'>cessum</span> <span class='ocrx_word' id='word_1_142' title='bbox 210 1959 314 2022; x_wconf 80' lang='lat' dir='ltr'>suisset</span> <span class='ocrx_word' id='word_1_143' title='bbox 326 1951 384 2014; x_wconf 90' lang='lat' dir='ltr'>ittis</span> <span class='ocrx_word' id='word_1_144' title='bbox 397 1949 435 2010; x_wconf 92' lang='lat' dir='ltr'>de</span> <span class='ocrx_word' id='word_1_145' title='bbox 443 1943 555 2006; x_wconf 72' lang='lat' dir='ltr'>familie</span> <span class='ocrx_word' id='word_1_146' title='bbox 567 1939 728 2010; x_wconf 81' lang='lat' dir='ltr'>duntaxat,</span> <span class='ocrx_word' id='word_1_147' title='bbox 742 1932 788 1994; x_wconf 84' lang='lat' dir='ltr'>rei</span> <span class='ocrx_word' id='word_1_148' title='bbox 798 1931 869 1993; x_wconf 87' lang='lat' dir='ltr'>sotis</span> <span class='ocrx_word' id='word_1_149' title='bbox 881 1929 1004 1992; x_wconf 90' lang='lat' dir='ltr'>descen·</span> 
     </span>
     <span class='ocr_line' id='line_1_21' title="bbox 40 2022 866 2122; baseline -0.047 -4"><span class='ocrx_word' id='word_1_150' title='bbox 40 2083 53 2118; x_wconf 79' lang='lat' dir='ltr'>n</span> <span class='ocrx_word' id='word_1_151' title='bbox 72 2055 227 2120; x_wconf 89' lang='lat' dir='ltr'>dentibus.</span> <span class='ocrx_word' id='word_1_152' title='bbox 243 2069 258 2108; x_wconf 80' lang='lat' dir='ltr'>o</span> <span class='ocrx_word' id='word_1_153' title='bbox 276 2039 437 2122; x_wconf 79' lang='lat' dir='ltr'>(Frueris.</span> <span class='ocrx_word' id='word_1_154' title='bbox 452 2036 481 2095; x_wconf 81' lang='lat' dir='ltr'>r⁰</span> <span class='ocrx_word' id='word_1_155' title='bbox 495 2029 622 2104; x_wconf 82' lang='lat' dir='ltr'>ecclesio,</span> <span class='ocrx_word' id='word_1_156' title='bbox 633 2032 687 2087; x_wconf 83' lang='lat' dir='ltr'>art.</span> <span class='ocrx_word' id='word_1_157' title='bbox 705 2029 735 2102; x_wconf 84' lang='lat'>5,</span> <span class='ocrx_word' id='word_1_158' title='bbox 751 2032 786 2083; x_wconf 81' lang='lat' dir='ltr'>n⁰</span> <span class='ocrx_word' id='word_1_159' title='bbox 799 2022 866 2099; x_wconf 71' lang='lat'><strong>26.)</strong></span> 
     </span>
    </p>

    <p class='ocr_par' dir='ltr' id='par_1_6' title="bbox 40 2107 1007 2494">
     <span class='ocr_line' id='line_1_22' title="bbox 76 2107 1005 2210; baseline -0.046 -1"><span class='ocrx_word' id='word_1_160' title='bbox 76 2149 170 2208; x_wconf 69' lang='lat'><strong>4826.</strong></span> <span class='ocrx_word' id='word_1_161' title='bbox 197 2163 212 2198; x_wconf 81' lang='lat' dir='ltr'>r</span> <span class='ocrx_word' id='word_1_162' title='bbox 232 2139 278 2198; x_wconf 84' lang='lat' dir='ltr'>Ex</span> <span class='ocrx_word' id='word_1_163' title='bbox 287 2125 413 2210; x_wconf 87' lang='lat' dir='ltr'>simplici</span> <span class='ocrx_word' id='word_1_164' title='bbox 426 2117 644 2186; x_wconf 89' lang='lat' dir='ltr'>consuetudine</span> <span class='ocrx_word' id='word_1_165' title='bbox 657 2111 779 2175; x_wconf 90' lang='lat' dir='ltr'>sedendi</span> <span class='ocrx_word' id='word_1_166' title='bbox 790 2111 822 2172; x_wconf 90' lang='lat' dir='ltr'>in</span> <span class='ocrx_word' id='word_1_167' title='bbox 835 2115 917 2172; x_wconf 92' lang='lat' dir='ltr'>certo</span> <span class='ocrx_word' id='word_1_168' title='bbox 939 2107 1005 2169; x_wconf 88' lang='lat' dir='ltr'>ioco</span> 
     </span>
     <span class='ocr_line' id='line_1_23' title="bbox 40 2196 1007 2298; baseline -0.042 -2"><span class='ocrx_word' id='word_1_169' title='bbox 40 2259 53 2296; x_wconf 77' lang='grc' dir='ltr'>ι</span> <span class='ocrx_word' id='word_1_170' title='bbox 78 2254 143 2298; x_wconf 94' lang='lat' dir='ltr'>non</span> <span class='ocrx_word' id='word_1_171' title='bbox 155 2228 288 2293; x_wconf 84' lang='lat' dir='ltr'>infertur.</span> <span class='ocrx_word' id='word_1_172' title='bbox 297 2221 368 2298; x_wconf 86' lang='lat' dir='ltr'>..jus</span> <span class='ocrx_word' id='word_1_173' title='bbox 381 2208 559 2297; x_wconf 91' lang='lat' dir='ltr'>prohibendi</span> <span class='ocrx_word' id='word_1_174' title='bbox 573 2225 611 2268; x_wconf 90' lang='lat' dir='ltr'>ne</span> <span class='ocrx_word' id='word_1_175' title='bbox 622 2205 704 2267; x_wconf 87' lang='lat' dir='ltr'>ottori</span> <span class='ocrx_word' id='word_1_176' title='bbox 713 2203 743 2264; x_wconf 92' lang='lat' dir='ltr'>in</span> <span class='ocrx_word' id='word_1_177' title='bbox 753 2201 870 2268; x_wconf 86' lang='lat' dir='ltr'>diverso</span> <span class='ocrx_word' id='word_1_178' title='bbox 879 2196 1007 2260; x_wconf 85' lang='lat' dir='ltr'>etetiom</span> 
     </span>
     <span class='ocr_line' id='line_1_24' title="bbox 42 2283 1007 2410; baseline -0.047 -21"><span class='ocrx_word' id='word_1_179' title='bbox 42 2349 56 2386; x_wconf 82' lang='lat' dir='ltr'>r</span> <span class='ocrx_word' id='word_1_180' title='bbox 78 2315 282 2410; x_wconf 62' lang='lat' dir='ltr'>praestantiori</span> <span class='ocrx_word' id='word_1_181' title='bbox 297 2303 477 2374; x_wconf 81' lang='lat' dir='ltr'>concedetur</span> <span class='ocrx_word' id='word_1_182' title='bbox 490 2297 576 2360; x_wconf 85' lang='lat' dir='ltr'>sedes</span> <span class='ocrx_word' id='word_1_183' title='bbox 588 2301 618 2356; x_wconf 88' lang='lat' dir='ltr'>et</span> <span class='ocrx_word' id='word_1_184' title='bbox 630 2293 820 2375; x_wconf 70' lang='lat' dir='ltr'>sepulture.»</span> <span class='ocrx_word' id='word_1_185' title='bbox 842 2283 1007 2367; x_wconf 71' lang='lat' dir='ltr'>perraris,</span> 
     </span>
     <span class='ocr_line' id='line_1_25' title="bbox 41 2408 743 2494; baseline -0.047 -17"><span class='ocrx_word' id='word_1_186' title='bbox 41 2415 95 2494; x_wconf 64' lang='lat' dir='ltr'>ib„</span> <span class='ocrx_word' id='word_1_187' title='bbox 110 2408 221 2486; x_wconf 63' lang='lat' dir='ltr'>ww.)</span> <span class='ocrx_word' id='word_1_188' title='bbox 738 2423 743 2431; x_wconf 78' lang='grc'><strong>-</strong></span> 
     </span>
    </p>

    <p class='ocr_par' dir='ltr' id='par_1_7' title="bbox 84 2459 1011 2564">
     <span class='ocr_line' id='line_1_26' title="bbox 84 2459 1011 2564; baseline -0.051 1"><span class='ocrx_word' id='word_1_189' title='bbox 84 2525 100 2564; x_wconf 78' lang='grc' dir='ltr'>ι</span> <span class='ocrx_word' id='word_1_190' title='bbox 120 2501 170 2564; x_wconf 82' lang='lat' dir='ltr'>Ex</span> <span class='ocrx_word' id='word_1_191' title='bbox 182 2485 400 2560; x_wconf 88' lang='lat' dir='ltr'>consuetudine</span> <span class='ocrx_word' id='word_1_192' title='bbox 413 2485 514 2546; x_wconf 86' lang='lat' dir='ltr'>cutem</span> <span class='ocrx_word' id='word_1_193' title='bbox 527 2473 651 2540; x_wconf 81' lang='lat' dir='ltr'>sedendi</span> <span class='ocrx_word' id='word_1_194' title='bbox 668 2472 700 2534; x_wconf 90' lang='lat' dir='ltr'>in</span> <span class='ocrx_word' id='word_1_195' title='bbox 714 2475 796 2533; x_wconf 90' lang='lat' dir='ltr'>certo</span> <span class='ocrx_word' id='word_1_196' title='bbox 809 2465 877 2526; x_wconf 93' lang='lat' dir='ltr'>loco</span> <span class='ocrx_word' id='word_1_197' title='bbox 895 2459 1011 2523; x_wconf 83' lang='lat' dir='ltr'>ratione</span> 
     </span>
    </p>

    <p class='ocr_par' dir='ltr' id='par_1_8' title="bbox 43 2553 1012 2676">
     <span class='ocr_line' id='line_1_27' title="bbox 43 2553 1012 2676; baseline -0.052 -21"><span class='ocrx_word' id='word_1_198' title='bbox 43 2617 57 2654; x_wconf 82' lang='lat' dir='ltr'>r</span> <span class='ocrx_word' id='word_1_199' title='bbox 82 2580 334 2676; x_wconf 79' lang='lat' dir='ltr'>praeeminentiae,</span> <span class='ocrx_word' id='word_1_200' title='bbox 344 2571 498 2636; x_wconf 84' lang='lat' dir='ltr'>interdicte</span> <span class='ocrx_word' id='word_1_201' title='bbox 512 2571 650 2629; x_wconf 89' lang='lat' dir='ltr'>censetur</span> <span class='ocrx_word' id='word_1_202' title='bbox 661 2559 780 2621; x_wconf 80' lang='lat' dir='ltr'>situatio</span> <span class='ocrx_word' id='word_1_203' title='bbox 793 2553 1012 2630; x_wconf 86' lang='lat' dir='ltr'>cujuscumque</span> 
     </span>
    </p>

    <p class='ocr_par' dir='ltr' id='par_1_9' title="bbox 44 2631 1013 2744">
     <span class='ocr_line' id='line_1_28' title="bbox 44 2631 1013 2744; baseline -0.051 -3"><span class='ocrx_word' id='word_1_204' title='bbox 44 2705 57 2741; x_wconf 85' lang='lat' dir='ltr'>n</span> <span class='ocrx_word' id='word_1_205' title='bbox 83 2677 211 2743; x_wconf 86' lang='lat' dir='ltr'>atterius</span> <span class='ocrx_word' id='word_1_206' title='bbox 224 2668 321 2744; x_wconf 89' lang='lat' dir='ltr'>sedis,</span> <span class='ocrx_word' id='word_1_207' title='bbox 336 2682 374 2727; x_wconf 82' lang='lat' dir='ltr'>ex</span> <span class='ocrx_word' id='word_1_208' title='bbox 386 2664 446 2744; x_wconf 82' lang='lat' dir='ltr'>qut</span> <span class='ocrx_word' id='word_1_209' title='bbox 459 2652 667 2740; x_wconf 72' lang='lat' dir='ltr'>prejudicium</span> <span class='ocrx_word' id='word_1_210' title='bbox 681 2638 915 2728; x_wconf 87' lang='lat' dir='ltr'>praeeminentiae</span> <span class='ocrx_word' id='word_1_211' title='bbox 923 2631 1013 2716; x_wconf 91' lang='lat' dir='ltr'>primi</span> 
     </span>
    </p>

    <p class='ocr_par' dir='ltr' id='par_1_10' title="bbox 46 2723 1014 2832">
     <span class='ocr_line' id='line_1_29' title="bbox 46 2723 1014 2832; baseline -0.053 -2"><span class='ocrx_word' id='word_1_212' title='bbox 46 2794 60 2830; x_wconf 80' lang='lat' dir='ltr'>n</span> <span class='ocrx_word' id='word_1_213' title='bbox 84 2769 251 2832; x_wconf 78' lang='lat' dir='ltr'>inferatur:</span> <span class='ocrx_word' id='word_1_214' title='bbox 266 2761 393 2829; x_wconf 80' lang='lat' dir='ltr'>Rota...;</span> <span class='ocrx_word' id='word_1_215' title='bbox 403 2744 569 2810; x_wconf 92' lang='lat' dir='ltr'>dummodo</span> <span class='ocrx_word' id='word_1_216' title='bbox 583 2740 699 2822; x_wconf 93' lang='lat' dir='ltr'>primus</span> <span class='ocrx_word' id='word_1_217' title='bbox 712 2727 924 2812; x_wconf 76' lang='lat' dir='ltr'>assignaturius</span> <span class='ocrx_word' id='word_1_218' title='bbox 943 2723 1014 2783; x_wconf 87' lang='lat' dir='ltr'>citm</span> 
     </span>
    </p>

    <p class='ocr_par' dir='ltr' id='par_1_11' title="bbox 46 2810 1013 2939">
     <span class='ocr_line' id='line_1_30' title="bbox 46 2810 1013 2939; baseline -0.054 -18"><span class='ocrx_word' id='word_1_219' title='bbox 46 2882 60 2919; x_wconf 79' lang='grc' dir='ltr'><strong>ι</strong></span> <span class='ocrx_word' id='word_1_220' title='bbox 82 2861 156 2939; x_wconf 72' lang='lat' dir='ltr'>Jure</span> <span class='ocrx_word' id='word_1_221' title='bbox 179 2847 303 2916; x_wconf 87' lang='lat' dir='ltr'>sedendi</span> <span class='ocrx_word' id='word_1_222' title='bbox 318 2846 349 2906; x_wconf 91' lang='lat' dir='ltr'>in</span> <span class='ocrx_word' id='word_1_223' title='bbox 363 2847 445 2904; x_wconf 90' lang='lat' dir='ltr'>certo</span> <span class='ocrx_word' id='word_1_224' title='bbox 459 2836 525 2897; x_wconf 86' lang='lat' dir='ltr'>toro</span> <span class='ocrx_word' id='word_1_225' title='bbox 545 2825 715 2911; x_wconf 83' lang='lat' dir='ltr'>acquisierit</span> <span class='ocrx_word' id='word_1_226' title='bbox 728 2820 819 2884; x_wconf 82' lang='lat' dir='ltr'>etiem</span> <span class='ocrx_word' id='word_1_227' title='bbox 839 2817 889 2894; x_wconf 87' lang='lat' dir='ltr'>jus</span> <span class='ocrx_word' id='word_1_228' title='bbox 910 2810 1013 2895; x_wconf 91' lang='lat' dir='ltr'>prohi-</span> 
     </span>
    </p>

    <p class='ocr_par' dir='ltr' id='par_1_12' title="bbox 48 2900 1014 3108">
     <span class='ocr_line' id='line_1_31' title="bbox 48 2900 1013 3008; baseline -0.049 -2"><span class='ocrx_word' id='word_1_229' title='bbox 48 2971 62 3006; x_wconf 68' lang='grc' dir='ltr'><strong>υ</strong></span> <span class='ocrx_word' id='word_1_230' title='bbox 86 2941 183 3008; x_wconf 89' lang='lat' dir='ltr'>bendi</span> <span class='ocrx_word' id='word_1_231' title='bbox 203 2956 242 3002; x_wconf 88' lang='lat' dir='ltr'>ne</span> <span class='ocrx_word' id='word_1_232' title='bbox 264 2935 339 2998; x_wconf 83' lang='lat' dir='ltr'>etius</span> <span class='ocrx_word' id='word_1_233' title='bbox 358 2931 443 2992; x_wconf 85' lang='lat' dir='ltr'>iocus</span> <span class='ocrx_word' id='word_1_234' title='bbox 462 2921 598 3003; x_wconf 91' lang='lat' dir='ltr'>superior</span> <span class='ocrx_word' id='word_1_235' title='bbox 615 2912 699 2978; x_wconf 80' lang='lat' dir='ltr'>atteri</span> <span class='ocrx_word' id='word_1_236' title='bbox 719 2904 864 2990; x_wconf 77' lang='lat' dir='ltr'>assignari</span> <span class='ocrx_word' id='word_1_237' title='bbox 884 2900 1013 2985; x_wconf 74' lang='lat' dir='ltr'>possit.»</span> 
     </span>
     <span class='ocr_line' id='line_1_32' title="bbox 51 2994 1014 3108; baseline -0.052 -8"><span class='ocrx_word' id='word_1_238' title='bbox 51 3035 94 3098; x_wconf 74' lang='lat' dir='ltr'>Ad</span> <span class='ocrx_word' id='word_1_239' title='bbox 112 3035 174 3096; x_wconf 91' lang='lat' dir='ltr'>hoc</span> <span class='ocrx_word' id='word_1_240' title='bbox 188 3025 350 3108; x_wconf 85' lang='lat' dir='ltr'>requiritur</span> <span class='ocrx_word' id='word_1_241' title='bbox 363 3015 445 3100; x_wconf 90' lang='lat' dir='ltr'>qudd</span> <span class='ocrx_word' id='word_1_242' title='bbox 458 3009 584 3076; x_wconf 86' lang='lat' dir='ltr'>ecclesia</span> <span class='ocrx_word' id='word_1_243' title='bbox 597 3005 642 3067; x_wconf 86' lang='lat' dir='ltr'>vel</span> <span class='ocrx_word' id='word_1_244' title='bbox 657 3003 799 3064; x_wconf 88' lang='lat' dir='ltr'>interesse</span> <span class='ocrx_word' id='word_1_245' title='bbox 812 2994 945 3069; x_wconf 81' lang='lat' dir='ltr'>habens,</span> <span class='ocrx_word' id='word_1_246' title='bbox 968 3007 1014 3052; x_wconf 81' lang='lat' dir='ltr'>ac·</span> 
     </span>
    </p>

    <p class='ocr_par' dir='ltr' id='par_1_13' title="bbox 50 3081 926 3208">
     <span class='ocr_line' id='line_1_33' title="bbox 50 3081 926 3208; baseline -0.05 -21"><span class='ocrx_word' id='word_1_247' title='bbox 50 3122 201 3208; x_wconf 77' lang='lat' dir='ltr'>quieverit</span> <span class='ocrx_word' id='word_1_248' title='bbox 213 3105 418 3198; x_wconf 85' lang='lat' dir='ltr'>prohibitioni.</span> <span class='ocrx_word' id='word_1_249' title='bbox 435 3097 597 3180; x_wconf 77' lang='lat' dir='ltr'>(FerrariS,</span> <span class='ocrx_word' id='word_1_250' title='bbox 611 3092 666 3165; x_wconf 76' lang='lat' dir='ltr'>it..</span> <span class='ocrx_word' id='word_1_251' title='bbox 682 3090 723 3152; x_wconf 72' lang='grc' dir='ltr'>η’·</span> <span class='ocrx_word' id='word_1_252' title='bbox 735 3093 783 3163; x_wconf 89' lang='lat' dir='ltr'>t8,</span> <span class='ocrx_word' id='word_1_253' title='bbox 798 3089 849 3162; x_wconf 66' lang='lat'>20,</span> <span class='ocrx_word' id='word_1_254' title='bbox 864 3081 926 3161; x_wconf 73' lang='lat' dir='ltr'>rt.)</span> 
     </span>
    </p>

    <p class='ocr_par' dir='ltr' id='par_1_14' title="bbox 51 3177 1022 3466">
     <span class='ocr_line' id='line_1_34' title="bbox 90 3177 1020 3288; baseline -0.049 -13"><span class='ocrx_word' id='word_1_255' title='bbox 90 3216 127 3275; x_wconf 88' lang='lat' dir='ltr'>tn</span> <span class='ocrx_word' id='word_1_256' title='bbox 137 3210 194 3270; x_wconf 81' lang='lat' dir='ltr'>hdo</span> <span class='ocrx_word' id='word_1_257' title='bbox 202 3177 1020 3288; x_wconf 81' lang='lat' dir='ltr'>hypothesi,poninonpotestnomsedesunteveterem,</span> 
     </span>
     <span class='ocr_line' id='line_1_35' title="bbox 51 3259 1022 3366; baseline -0.051 1"><span class='ocrx_word' id='word_1_258' title='bbox 51 3301 108 3366; x_wconf 86' lang='lat' dir='ltr'>etsi</span> <span class='ocrx_word' id='word_1_259' title='bbox 129 3297 227 3360; x_wconf 82' lang='lat' dir='ltr'>oblata</span> <span class='ocrx_word' id='word_1_260' title='bbox 251 3287 341 3353; x_wconf 88' lang='lat' dir='ltr'>tuerit</span> <span class='ocrx_word' id='word_1_261' title='bbox 358 3280 497 3347; x_wconf 79' lang='lat' dir='ltr'>notandis</span> <span class='ocrx_word' id='word_1_262' title='bbox 523 3273 659 3358; x_wconf 79' lang='lat' dir='ltr'>pecunie</span> <span class='ocrx_word' id='word_1_263' title='bbox 684 3283 820 3340; x_wconf 85' lang='lat' dir='ltr'>summo,</span> <span class='ocrx_word' id='word_1_264' title='bbox 842 3263 875 3324; x_wconf 91' lang='lat' dir='ltr'>in</span> <span class='ocrx_word' id='word_1_265' title='bbox 897 3259 1022 3342; x_wconf 76' lang='lat' dir='ltr'>gretiam</span> 
     </span>
     <span class='ocr_line' id='line_1_36' title="bbox 53 3346 1022 3466; baseline -0.054 -9"><span class='ocrx_word' id='word_1_266' title='bbox 53 3390 193 3456; x_wconf 79' lang='lat' dir='ltr'>rcctesire</span> <span class='ocrx_word' id='word_1_267' title='bbox 208 3393 369 3466; x_wconf 78' lang='lat' dir='ltr'>pauperis:</span> <span class='ocrx_word' id='word_1_268' title='bbox 393 3387 465 3454; x_wconf 83' lang='lat' dir='ltr'>quio</span> <span class='ocrx_word' id='word_1_269' title='bbox 491 3363 616 3430; x_wconf 80' lang='lat' dir='ltr'>ecclesia</span> <span class='ocrx_word' id='word_1_270' title='bbox 635 3367 738 3443; x_wconf 88' lang='lat' dir='ltr'>utpote</span> <span class='ocrx_word' id='word_1_271' title='bbox 753 3353 875 3437; x_wconf 77' lang='lat' dir='ltr'>justitiae</span> <span class='ocrx_word' id='word_1_272' title='bbox 894 3346 1022 3422; x_wconf 81' lang='lat' dir='ltr'>outuix,</span> 
     </span>
    </p>
   </div>
   <div class='ocr_carea' id='block_1_3' title="bbox 50 3434 1025 3728">
    <p class='ocr_par' dir='ltr' id='par_1_15' title="bbox 50 3434 1025 3728">
     <span class='ocr_line' id='line_1_37' title="bbox 50 3434 1024 3564; baseline -0.05 -19"><span class='ocrx_word' id='word_1_273' title='bbox 50 3484 104 3564; x_wconf 87' lang='lat' dir='ltr'>jus</span> <span class='ocrx_word' id='word_1_274' title='bbox 134 3471 313 3557; x_wconf 79' lang='lat' dir='ltr'>acquisitum</span> <span class='ocrx_word' id='word_1_275' title='bbox 332 3461 449 3528; x_wconf 76' lang='lat' dir='ltr'>auterre</span> <span class='ocrx_word' id='word_1_276' title='bbox 475 3473 537 3519; x_wconf 90' lang='lat' dir='ltr'>non</span> <span class='ocrx_word' id='word_1_277' title='bbox 560 3452 667 3528; x_wconf 89' lang='lat' dir='ltr'>debet,</span> <span class='ocrx_word' id='word_1_278' title='bbox 692 3465 749 3510; x_wconf 91' lang='lat' dir='ltr'>nec</span> <span class='ocrx_word' id='word_1_279' title='bbox 765 3446 817 3525; x_wconf 86' lang='lat' dir='ltr'>jus</span> <span class='ocrx_word' id='word_1_280' title='bbox 839 3434 963 3504; x_wconf 83' lang='lat' dir='ltr'>sedendi</span> <span class='ocrx_word' id='word_1_281' title='bbox 993 3434 1024 3496; x_wconf 91' lang='lat' dir='ltr'>in</span> 
     </span>
     <span class='ocr_line' id='line_1_38' title="bbox 51 3521 1025 3636; baseline -0.061 1"><span class='ocrx_word' id='word_1_282' title='bbox 51 3577 142 3636; x_wconf 81' lang='lat' dir='ltr'>certo</span> <span class='ocrx_word' id='word_1_283' title='bbox 167 3566 234 3628; x_wconf 89' lang='lat' dir='ltr'>loco</span> <span class='ocrx_word' id='word_1_284' title='bbox 252 3557 357 3622; x_wconf 91' lang='lat' dir='ltr'>tottere</span> <span class='ocrx_word' id='word_1_285' title='bbox 377 3545 480 3630; x_wconf 87' lang='lat' dir='ltr'>nequit</span> <span class='ocrx_word' id='word_1_286' title='bbox 492 3549 614 3626; x_wconf 89' lang='lat' dir='ltr'>propter</span> <span class='ocrx_word' id='word_1_287' title='bbox 628 3535 888 3619; x_wconf 87' lang='lat' dir='ltr'>supervenientem</span> <span class='ocrx_word' id='word_1_288' title='bbox 901 3521 1025 3586; x_wconf 88' lang='lat' dir='ltr'>obtotio·</span> 
     </span>
     <span class='ocr_line' id='line_1_39' title="bbox 56 3621 821 3728; baseline -0.063 -1"><span class='ocrx_word' id='word_1_289' title='bbox 56 3676 145 3728; x_wconf 87' lang='lat' dir='ltr'>nem.</span> <span class='ocrx_word' id='word_1_290' title='bbox 159 3657 203 3718; x_wconf 81' lang='lat' dir='ltr'>lte</span> <span class='ocrx_word' id='word_1_291' title='bbox 216 3653 304 3726; x_wconf 82' lang='lat' dir='ltr'>Rota,</span> <span class='ocrx_word' id='word_1_292' title='bbox 318 3663 366 3726; x_wconf 83' lang='lat' dir='ltr'>ep.</span> <span class='ocrx_word' id='word_1_293' title='bbox 382 3635 516 3702; x_wconf 81' lang='lat' dir='ltr'>Ferraris</span> <span class='ocrx_word' id='word_1_294' title='bbox 529 3629 592 3708; x_wconf 71' lang='lat' dir='ltr'>tid„</span> <span class='ocrx_word' id='word_1_295' title='bbox 610 3625 651 3688; x_wconf 86' lang='lat' dir='ltr'>n¹·</span> <span class='ocrx_word' id='word_1_296' title='bbox 667 3629 705 3686; x_wconf 86' lang='lat' dir='ltr'>tu</span> <span class='ocrx_word' id='word_1_297' title='bbox 718 3627 748 3684; x_wconf 89' lang='lat' dir='ltr'>et</span> <span class='ocrx_word' id='word_1_298' title='bbox 762 3621 821 3698; x_wconf 83' lang='lat' dir='ltr'>tr).</span> 
     </span>
    </p>
   </div>
   <div class='ocr_carea' id='block_1_4' title="bbox 0 0 1234 3954">
    <p class='ocr_par' dir='ltr' id='par_1_16' title="bbox 0 0 1234 3954">
     <span class='ocr_line' id='line_1_40' title="bbox 0 0 1234 3954; baseline 0 0"><span class='ocrx_word' id='word_1_299' title='bbox 0 0 1234 3954; x_wconf 95' lang='lat' dir='ltr'> </span> 
     </span>
    </p>
   </div>
  </div>
 </body>
</html>
