2498 3966
286 247 370 295 urana
392 245 552 295 susumus.
576 261 614 282 -
636 245 828 295 srrnnnrcas.
989 238 1045 297 783

69 358 119 421 vel
131 357 250 439 absque
275 359 457 422 necessitate
480 375 626 422 recursus
652 358 692 422 ad
714 355 746 422 S.
777 355 900 430 Sedem,
925 355 1046 435 possint

66 448 185 528 judicia
199 447 283 520 ferri,
302 449 349 508 vel
362 457 456 520 certe,
474 449 498 510 si
516 448 741 511 recurrendum
759 447 809 521 sit,
838 451 937 507 status
959 461 1046 524 quae-

68 538 181 602 stionis
196 538 238 600 ita
254 537 587 619 dilucideexponatur,
605 547 640 601 ut
654 536 800 620 impediri
816 534 949 616 longiori
959 550 1045 596 mora

67 627 227 694 sententia
241 645 305 690 non
316 628 439 690 debeat.
458 627 585 710 ltaque:

113 743 128 774 s
143 719 171 778 l.
189 715 267 780 Cum
285 719 324 780 de
333 717 720 800 coniuglsmortequaestic
733 714 920 786 instituitur,
937 721 1049 776 notan-

24 822 27 827 ’
67 811 148 872 dum
181 809 283 887 primo
311 807 392 886 loco,
432 807 519 888 quod
554 815 780 888 argumentum
810 821 828 867 a
853 803 919 866 sola
948 802 1047 884 ipsius

68 897 484 976 absentiaquantacumque
510 896 594 970 (licet
625 915 643 959 a
668 895 793 976 legibus
814 892 961 956 civilibus
983 891 1047 953 lere

70 987 191 1068 ubique
200 985 439 1066 admittatur),a
458 982 1046 1048 sacriscanonibusminimesulliciens

70 1078 111 1141 ad
122 1077 242 1158 justam
256 1075 475 1156 probationem
487 1075 633 1138 babetur.
647 1074 739 1138 Unde
753 1093 778 1134 s.
794 1091 842 1135 m.
861 1071 933 1134 Pius
950 1069 986 1132 tt
1008 1070 1046 1131 ad

69 1165 350 1246 archiepiscopum
366 1163 564 1244 Pragensem,
578 1165 628 1228 die
643 1167 678 1226 ll
690 1163 766 1227 tutti
777 1162 866 1234 1789,
876 1161 1046 1241 rescripsit,

69 1255 170 1320 solam
193 1255 336 1332 conjugis
363 1253 537 1316 absentiam
559 1263 654 1336 atque
668 1253 886 1318 omnimodum
912 1251 978 1330 ejus
1006 1251 1047 1311 si-

70 1345 205 1408 lentium
222 1343 296 1405 satis
307 1353 531 1424 argumentum
543 1361 609 1406 uon
624 1361 690 1407 esse
701 1343 883 1405 admortem
899 1357 1048 1418 compro-

69 1434 222 1508 bandam,
239 1451 280 1494 ne
294 1442 361 1494 tum
373 1432 500 1513 quidem
512 1433 693 1495 cumedicto
708 1432 793 1514 regio
804 1432 918 1512 coniux
935 1430 1047 1493 absens

70 1532 219 1586 evocatus
233 1518 393 1604 (idemque
408 1521 681 1602 perrodicendum
694 1531 751 1598 est,
769 1522 794 1583 si
822 1540 879 1603 per
904 1520 1047 1602 publicas
1064 1579 1065 1582 ,

70 1611 291 1696 ephemerides
307 1611 337 1671 id
368 1609 485 1672 factum
519 1611 583 1692 sit),
606 1611 730 1672 nullum
757 1610 871 1672 suimet
892 1610 1045 1673 indicium

71 1701 204 1767 dederit.
221 1697 307 1774 Quod
324 1699 410 1760 enim
423 1700 721 1780 noneomparuerit,
738 1699 823 1760 idem
836 1697 880 1759 ait
892 1697 1044 1774 Pontifex,

71 1809 138 1855 nnn
149 1789 252 1870 magis
265 1805 350 1850 mors
365 1788 396 1848 iu
413 1805 507 1850 causa
520 1806 586 1850 esse
598 1789 713 1870 potuit,
724 1805 822 1870 quam
846 1786 914 1867 ejus
932 1797 1047 1849 contu-

70 1897 184 1944 macra.

113 1969 173 2032 »2.
202 1967 294 2043 Hinc,
331 1967 370 2030 ad
416 1967 634 2049 praescriptum
674 1967 857 2032 eorumdem
886 1984 1045 2030 sacrorum

71 2076 243 2130 canonum,
269 2055 497 2119 documentum
527 2057 745 2120 authenticum
765 2056 870 2119 obitus
904 2055 1047 2137 diligenti

69 2147 176 2213 studio
203 2145 326 2227 exquiri
360 2145 493 2207 omniuo
533 2145 647 2224 debet3
674 2153 838 2208 exaratum
871 2145 989 2208 scilicet
1009 2166 1047 2208 ex

70 2239 199 2316 regestis
213 2234 370 2318 paroeciae,
388 2232 437 2296 vel
453 2233 652 2309 xenodochii,
671 2233 718 2296 rel
738 2234 927 2310 militiae,vel
939 2235 1045 2311 etlam,

70 2331 95 2390 si
112 2327 223 2392 baberi
234 2332 370 2406 nequeat
380 2323 421 2386 ab
435 2325 624 2388 auctoritate
631 2323 851 2402 ecclesiastica,
863 2323 1048 2388 aGubernio

69 2417 154 2481 civili
169 2415 229 2478 loci
244 2415 277 2477 in
293 2431 367 2496 quo,
379 2422 413 2476 ut
428 2415 631 2496 supponitur,
648 2433 782 2496 persona
796 2413 923 2475 obierit.

113 2533 126 2564 ι
144 2507 173 2568 3.
189 2503 488 2583 Porroquandcque
500 2507 557 2566 boc
569 2504 795 2565 documentum
807 2503 915 2564 baberi
927 2504 1045 2583 neqult3

69 2616 134 2681 quo
156 2614 230 2658 casu
247 2594 375 2657 testium
391 2593 641 2673 depositionibus
656 2591 870 2674 supplendum
886 2593 959 2654 erit.
974 2593 1047 2655 Tes-

69 2701 116 2752 tes
126 2703 199 2748 vero
214 2683 396 2748 duosaltem
412 2698 480 2744 esse
495 2681 621 2753 debent,
629 2681 739 2762 jurati,
756 2681 818 2744 lide
833 2681 931 2761 digni,
946 2691 976 2744 et
992 2684 1046 2762 qui

68 2783 109 2840 de
130 2775 211 2838 lacto
225 2773 353 2854 proprio
368 2770 541 2853 deponant,
568 2771 755 2834 defunctum
777 2771 997 2852 cognoverint,
1011 2791 1047 2835 ac

69 2870 133 2932 sint
147 2865 273 2927 interse
298 2862 470 2925 concordes
483 2862 587 2943 quoad
601 2863 704 2926 locum
727 2869 758 2924 et
778 2878 906 2924 eausam
929 2862 1045 2937 obitus,

68 2959 212 3035 aliasque
239 2950 464 3015 substantiales
493 2951 756 3016 circumstantias.
778 2951 838 3022 Oui
864 2951 1045 3032 insuper,si

67 3043 209 3111 deiuneti
225 3042 397 3124 propinqui
409 3041 484 3114 sint,
500 3050 555 3104 aut
571 3041 646 3104 socii
669 3039 987 3116 itineris,industrlae,
1000 3041 1046 3105 rel

67 3137 163 3200 etiarn
181 3131 314 3207 militioe,
330 3148 367 3194 eo
383 3131 482 3213 magis
503 3130 633 3213 plurimi
650 3129 830 3194 laciendum
844 3130 904 3194 erit
918 3131 1045 3196 illorum

67 3222 300 3288 testimonium.

108 3318 173 3376 nd.
195 3311 355 3375 interdum
371 3330 456 3376 unus
471 3317 594 3374 tantum
610 3311 695 3375 testis
711 3309 943 3374 examinandus
958 3329 1045 3391 repe·

64 3405 159 3480 ritur,
175 3409 214 3476 et,
231 3401 302 3463 lieet
318 3400 358 3462 ab
370 3402 458 3463 omni
470 3401 541 3480 jure
557 3399 775 3463 testimonium
792 3400 888 3462 unius
899 3398 939 3462 ad
952 3399 1045 3480 plene

65 3489 268 3575 probandum
283 3507 345 3553 non
362 3489 555 3561 admittatur,
582 3497 732 3564 attamen,
748 3507 790 3552 ne
812 3487 941 3568 conjux,
967 3487 1044 3548 allas

65 3581 196 3663 nuptias
209 3579 290 3644 inire
307 3589 488 3660 peroptans,
505 3577 600 3640 vitam
616 3577 761 3641 coelibem
787 3594 880 3656 agere
899 3583 1042 3655 cogatur,
