<?xml version="1.0" encoding="UTF-8"?>
<!DOCTYPE html PUBLIC "-//W3C//DTD XHTML 1.0 Transitional//EN"
    "http://www.w3.org/TR/xhtml1/DTD/xhtml1-transitional.dtd">
<html xmlns="http://www.w3.org/1999/xhtml" xml:lang="en" lang="en">
 <head>
  <title>
</title>
<meta http-equiv="Content-Type" content="text/html;charset=utf-8" />
  <meta name='ocr-system' content='tesseract 3.04.00' />
  <meta name='ocr-capabilities' content='ocr_page ocr_carea ocr_par ocr_line ocrx_word'/>
</head>
<body>
  <div class='ocr_page' id='page_1' title='image "./manualetotiusju00craigoog_0238.png"; bbox 0 0 2434 3940; ppageno 0'>
   <div class='ocr_carea' id='block_1_1' title="bbox 338 267 951 332">
    <p class='ocr_par' dir='ltr' id='par_1_1' title="bbox 338 267 951 332">
     <span class='ocr_line' id='line_1_1' title="bbox 338 267 951 332; baseline -0.002 -1"><span class='ocrx_word' id='word_1_1' title='bbox 338 284 422 332; x_wconf 83' lang='lat' dir='ltr'><strong>urnua</strong></span> <span class='ocrx_word' id='word_1_2' title='bbox 443 283 600 331; x_wconf 77' lang='lat' dir='ltr'><strong>secururs.</strong></span> <span class='ocrx_word' id='word_1_3' title='bbox 898 267 951 332; x_wconf 83' lang='lat' dir='ltr'><strong>aar</strong></span> 
     </span>
    </p>
   </div>
   <div class='ocr_carea' id='block_1_2' title="bbox 24 379 972 3570">
    <p class='ocr_par' dir='ltr' id='par_1_2' title="bbox 26 379 958 551">
     <span class='ocr_line' id='line_1_2' title="bbox 27 379 958 464; baseline 0.005 -25"><span class='ocrx_word' id='word_1_4' title='bbox 27 381 234 459; x_wconf 70' lang='lat' dir='ltr'><strong>controvertitur,</strong></span> <span class='ocrx_word' id='word_1_5' title='bbox 249 385 281 445; x_wconf 87' lang='lat' dir='ltr'><strong>et</strong></span> <span class='ocrx_word' id='word_1_6' title='bbox 292 381 436 446; x_wconf 86' lang='lat' dir='ltr'><strong>Declarat.</strong></span> <span class='ocrx_word' id='word_1_7' title='bbox 452 382 484 444; x_wconf 80' lang='lat' dir='ltr'><strong>S.</strong></span> <span class='ocrx_word' id='word_1_8' title='bbox 498 383 609 461; x_wconf 77' lang='lat' dir='ltr'><strong>congr.</strong></span> <span class='ocrx_word' id='word_1_9' title='bbox 621 380 713 444; x_wconf 81' lang='lat' dir='ltr'><strong>Gonc.</strong></span> <span class='ocrx_word' id='word_1_10' title='bbox 729 379 958 464; x_wconf 80' lang='lat' dir='ltr'><strong>afferunturpro</strong></span> 
     </span>
     <span class='ocr_line' id='line_1_3' title="bbox 26 470 427 551; baseline 0.015 -25"><span class='ocrx_word' id='word_1_11' title='bbox 26 477 150 532; x_wconf 87' lang='lat' dir='ltr'><strong>etrnntra.</strong></span> <span class='ocrx_word' id='word_1_12' title='bbox 165 472 206 548; x_wconf 88' lang='lat' dir='ltr'><strong>(S.</strong></span> <span class='ocrx_word' id='word_1_13' title='bbox 221 470 357 551; x_wconf 64' lang='lat' dir='ltr'><strong>Liguor,</strong></span> <span class='ocrx_word' id='word_1_14' title='bbox 373 471 427 548; x_wconf 83' lang='lat' dir='ltr'><strong>ib.)</strong></span> 
     </span>
    </p>

    <p class='ocr_par' dir='ltr' id='par_1_3' title="bbox 27 558 964 1440">
     <span class='ocr_line' id='line_1_4' title="bbox 53 558 956 624; baseline 0.006 -8"><span class='ocrx_word' id='word_1_15' title='bbox 53 559 227 622; x_wconf 68' lang='lat' dir='ltr'><strong>tona-11.</strong></span> <span class='ocrx_word' id='word_1_16' title='bbox 249 559 480 622; x_wconf 83' lang='lat' dir='ltr'><strong>Cr&#39;rcnrnstontin</strong></span> <span class='ocrx_word' id='word_1_17' title='bbox 502 559 570 622; x_wconf 86' lang='lat' dir='ltr'><strong>loci.</strong></span> <span class='ocrx_word' id='word_1_18' title='bbox 600 561 643 620; x_wconf 87' lang='lat' dir='ltr'><strong>Ex</strong></span> <span class='ocrx_word' id='word_1_19' title='bbox 666 558 799 622; x_wconf 83' lang='lat' dir='ltr'>Concilio</span> <span class='ocrx_word' id='word_1_20' title='bbox 824 559 956 624; x_wconf 87' lang='lat' dir='ltr'><strong>Trident.</strong></span> 
     </span>
     <span class='ocr_line' id='line_1_5' title="bbox 27 646 957 724; baseline 0.006 -20"><span class='ocrx_word' id='word_1_21' title='bbox 27 663 95 724; x_wconf 81' lang='lat' dir='ltr'><strong>supro</strong></span> <span class='ocrx_word' id='word_1_22' title='bbox 120 647 225 724; x_wconf 88' lang='lat' dir='ltr'><strong>relato,</strong></span> <span class='ocrx_word' id='word_1_23' title='bbox 252 647 423 710; x_wconf 87' lang='lat' dir='ltr'><strong>bannorum</strong></span> <span class='ocrx_word' id='word_1_24' title='bbox 455 648 698 712; x_wconf 81' lang='lat' dir='ltr'><strong>denuntiationes</strong></span> <span class='ocrx_word' id='word_1_25' title='bbox 726 646 790 710; x_wconf 87' lang='lat' dir='ltr'><strong>lieri</strong></span> <span class='ocrx_word' id='word_1_26' title='bbox 818 649 957 710; x_wconf 89' lang='lat' dir='ltr'><strong>debent:</strong></span> 
     </span>
     <span class='ocr_line' id='line_1_6' title="bbox 28 731 961 818; baseline 0.006 -26"><span class='ocrx_word' id='word_1_27' title='bbox 28 731 52 792; x_wconf 88' lang='lat' dir='ltr'><strong>ln</strong></span> <span class='ocrx_word' id='word_1_28' title='bbox 70 734 184 809; x_wconf 67' lang='lat' dir='ltr'><strong>orthod,</strong></span> <span class='ocrx_word' id='word_1_29' title='bbox 210 736 290 797; x_wconf 80' lang='lat' dir='ltr'><strong>inter</strong></span> <span class='ocrx_word' id='word_1_30' title='bbox 308 737 465 800; x_wconf 84' lang='lat' dir='ltr'><strong>mr&#39;ssorum</strong></span> <span class='ocrx_word' id='word_1_31' title='bbox 489 737 645 805; x_wconf 68' lang='lat' dir='ltr'><strong>solennia,</strong></span> <span class='ocrx_word' id='word_1_32' title='bbox 664 742 692 798; x_wconf 90' lang='lat' dir='ltr'><strong>et</strong></span> <span class='ocrx_word' id='word_1_33' title='bbox 716 735 856 798; x_wconf 80' lang='lat' dir='ltr'><strong>inmissa</strong></span> <span class='ocrx_word' id='word_1_34' title='bbox 876 755 961 818; x_wconf 89' lang='lat' dir='ltr'><strong>paro-</strong></span> 
     </span>
     <span class='ocr_line' id='line_1_7' title="bbox 28 819 961 908; baseline 0.006 -28"><span class='ocrx_word' id='word_1_35' title='bbox 28 819 89 884; x_wconf 85' lang='lat' dir='ltr'><strong>chiali</strong></span> <span class='ocrx_word' id='word_1_36' title='bbox 101 825 139 887; x_wconf 89' lang='lat' dir='ltr'><strong>rel</strong></span> <span class='ocrx_word' id='word_1_37' title='bbox 152 826 354 902; x_wconf 80' lang='lat' dir='ltr'><strong>conventuali,</strong></span> <span class='ocrx_word' id='word_1_38' title='bbox 365 827 486 888; x_wconf 89' lang='lat' dir='ltr'><strong>arbitrio</strong></span> <span class='ocrx_word' id='word_1_39' title='bbox 493 823 627 908; x_wconf 84' lang='lat' dir='ltr'><strong>parochi,</strong></span> <span class='ocrx_word' id='word_1_40' title='bbox 636 825 725 886; x_wconf 91' lang='lat' dir='ltr'><strong>etiam</strong></span> <span class='ocrx_word' id='word_1_41' title='bbox 740 825 961 887; x_wconf 72' lang='lat' dir='ltr'><strong>contradicente</strong></span> 
     </span>
     <span class='ocr_line' id='line_1_8' title="bbox 28 909 961 993; baseline 0.006 -25"><span class='ocrx_word' id='word_1_42' title='bbox 28 909 140 993; x_wconf 78' lang='lat' dir='ltr'><strong>Capitulo,</strong></span> <span class='ocrx_word' id='word_1_43' title='bbox 153 922 186 977; x_wconf 90' lang='lat' dir='ltr'><strong>ut</strong></span> <span class='ocrx_word' id='word_1_44' title='bbox 199 913 361 976; x_wconf 81' lang='lat' dir='ltr'><strong>declaravit</strong></span> <span class='ocrx_word' id='word_1_45' title='bbox 372 917 403 978; x_wconf 92' lang='lat' dir='ltr'><strong>S.</strong></span> <span class='ocrx_word' id='word_1_46' title='bbox 420 915 453 978; x_wconf 86' lang='lat' dir='ltr'><strong>C.</strong></span> <span class='ocrx_word' id='word_1_47' title='bbox 464 950 502 961; x_wconf 89' lang='lat'>—</span> <span class='ocrx_word' id='word_1_48' title='bbox 513 913 709 976; x_wconf 88' lang='lat' dir='ltr'><strong>Probabiliter</strong></span> <span class='ocrx_word' id='word_1_49' title='bbox 718 913 825 976; x_wconf 92' lang='lat' dir='ltr'><strong>dicunt</strong></span> <span class='ocrx_word' id='word_1_50' title='bbox 838 913 961 992; x_wconf 89' lang='lat' dir='ltr'><strong>Sancb.,</strong></span> 
     </span>
     <span class='ocr_line' id='line_1_9' title="bbox 28 993 962 1084; baseline -0.001 -19"><span class='ocrx_word' id='word_1_51' title='bbox 28 993 142 1082; x_wconf 69' lang='lat' dir='ltr'><strong>Bariana,</strong></span> <span class='ocrx_word' id='word_1_52' title='bbox 156 1007 228 1074; x_wconf 83' lang='lat' dir='ltr'><strong>etc..</strong></span> <span class='ocrx_word' id='word_1_53' title='bbox 243 1021 332 1084; x_wconf 81' lang='lat' dir='ltr'><strong>posse</strong></span> <span class='ocrx_word' id='word_1_54' title='bbox 350 1005 441 1066; x_wconf 89' lang='lat' dir='ltr'><strong>etiam</strong></span> <span class='ocrx_word' id='word_1_55' title='bbox 454 1002 518 1066; x_wconf 89' lang='lat' dir='ltr'><strong>lieri</strong></span> <span class='ocrx_word' id='word_1_56' title='bbox 540 1003 571 1064; x_wconf 91' lang='lat' dir='ltr'><strong>iu</strong></span> <span class='ocrx_word' id='word_1_57' title='bbox 592 1001 718 1064; x_wconf 76' lang='lat' dir='ltr'><strong>ecclesia</strong></span> <span class='ocrx_word' id='word_1_58' title='bbox 735 1010 871 1084; x_wconf 91' lang='lat' dir='ltr'><strong>tempore</strong></span> <span class='ocrx_word' id='word_1_59' title='bbox 889 1021 962 1064; x_wconf 91' lang='lat' dir='ltr'><strong>eon-</strong></span> 
     </span>
     <span class='ocr_line' id='line_1_10' title="bbox 28 1086 963 1174; baseline 0.009 -30"><span class='ocrx_word' id='word_1_60' title='bbox 28 1086 107 1167; x_wconf 85' lang='lat' dir='ltr'><strong>c&#39;onis,</strong></span> <span class='ocrx_word' id='word_1_61' title='bbox 120 1093 162 1155; x_wconf 87' lang='lat' dir='ltr'><strong>rel</strong></span> <span class='ocrx_word' id='word_1_62' title='bbox 175 1093 395 1174; x_wconf 82' lang='lat' dir='ltr'><strong>processionis,</strong></span> <span class='ocrx_word' id='word_1_63' title='bbox 411 1093 473 1155; x_wconf 87' lang='lat' dir='ltr'><strong>imb</strong></span> <span class='ocrx_word' id='word_1_64' title='bbox 487 1091 589 1174; x_wconf 88' lang='lat' dir='ltr'><strong>plures</strong></span> <span class='ocrx_word' id='word_1_65' title='bbox 603 1090 686 1154; x_wconf 91' lang='lat' dir='ltr'><strong>aiunt</strong></span> <span class='ocrx_word' id='word_1_66' title='bbox 700 1110 788 1173; x_wconf 86' lang='lat' dir='ltr'><strong>posse</strong></span> <span class='ocrx_word' id='word_1_67' title='bbox 802 1090 866 1154; x_wconf 88' lang='lat' dir='ltr'><strong>lieri</strong></span> <span class='ocrx_word' id='word_1_68' title='bbox 881 1097 963 1154; x_wconf 83' lang='lat' dir='ltr'><strong>extra</strong></span> 
     </span>
     <span class='ocr_line' id='line_1_11' title="bbox 29 1177 964 1263; baseline 0.01 -30"><span class='ocrx_word' id='word_1_69' title='bbox 29 1177 146 1240; x_wconf 76' lang='lat' dir='ltr'><strong>artesiam</strong></span> <span class='ocrx_word' id='word_1_70' title='bbox 168 1181 199 1242; x_wconf 92' lang='lat' dir='ltr'><strong>in</strong></span> <span class='ocrx_word' id='word_1_71' title='bbox 222 1181 290 1244; x_wconf 91' lang='lat' dir='ltr'><strong>loco</strong></span> <span class='ocrx_word' id='word_1_72' title='bbox 313 1182 415 1263; x_wconf 78' lang='lat' dir='ltr'><strong>magui</strong></span> <span class='ocrx_word' id='word_1_73' title='bbox 442 1183 627 1244; x_wconf 77' lang='lat' dir='ltr'><strong>concursus:</strong></span> <span class='ocrx_word' id='word_1_74' title='bbox 653 1186 683 1242; x_wconf 90' lang='lat' dir='ltr'><strong>ct</strong></span> <span class='ocrx_word' id='word_1_75' title='bbox 703 1179 856 1262; x_wconf 80' lang='lat' dir='ltr'><strong>probabile</strong></span> <span class='ocrx_word' id='word_1_76' title='bbox 879 1185 964 1262; x_wconf 88' lang='lat' dir='ltr'><strong>putat</strong></span> 
     </span>
     <span class='ocr_line' id='line_1_12' title="bbox 28 1263 963 1352; baseline 0.013 -33"><span class='ocrx_word' id='word_1_77' title='bbox 28 1263 47 1322; x_wconf 80' lang='lat' dir='ltr'><strong>l.</strong></span> <span class='ocrx_word' id='word_1_78' title='bbox 59 1267 158 1347; x_wconf 79' lang='lat' dir='ltr'><strong>liguor.</strong></span> <span class='ocrx_word' id='word_1_79' title='bbox 175 1269 233 1333; x_wconf 90' lang='lat' dir='ltr'><strong>hoc</strong></span> <span class='ocrx_word' id='word_1_80' title='bbox 252 1269 318 1331; x_wconf 86' lang='lat' dir='ltr'><strong>lieri</strong></span> <span class='ocrx_word' id='word_1_81' title='bbox 337 1289 424 1351; x_wconf 86' lang='lat' dir='ltr'><strong>posse</strong></span> <span class='ocrx_word' id='word_1_82' title='bbox 444 1269 557 1352; x_wconf 83' lang='lat' dir='ltr'><strong>absque</strong></span> <span class='ocrx_word' id='word_1_83' title='bbox 578 1269 683 1330; x_wconf 89' lang='lat' dir='ltr'><strong>saltem</strong></span> <span class='ocrx_word' id='word_1_84' title='bbox 702 1270 841 1348; x_wconf 86' lang='lat' dir='ltr'><strong>mortali,</strong></span> <span class='ocrx_word' id='word_1_85' title='bbox 856 1269 963 1332; x_wconf 73' lang='lat' dir='ltr'><strong>etsinb</strong></span> 
     </span>
     <span class='ocr_line' id='line_1_13' title="bbox 28 1353 745 1440; baseline 0.015 -32"><span class='ocrx_word' id='word_1_86' title='bbox 28 1353 97 1434; x_wconf 75' lang='lat' dir='ltr'><strong>culpo,</strong></span> <span class='ocrx_word' id='word_1_87' title='bbox 110 1359 131 1418; x_wconf 86' lang='lat' dir='ltr'><strong>si</strong></span> <span class='ocrx_word' id='word_1_88' title='bbox 144 1359 221 1421; x_wconf 87' lang='lat' dir='ltr'><strong>adsit</strong></span> <span class='ocrx_word' id='word_1_89' title='bbox 235 1359 337 1440; x_wconf 84' lang='lat' dir='ltr'><strong>aliqua</strong></span> <span class='ocrx_word' id='word_1_90' title='bbox 351 1377 453 1422; x_wconf 89' lang='lat' dir='ltr'><strong>causa.</strong></span> <span class='ocrx_word' id='word_1_91' title='bbox 469 1359 545 1434; x_wconf 70' lang='lat' dir='ltr'><strong>(Lib.</strong></span> <span class='ocrx_word' id='word_1_92' title='bbox 562 1361 592 1434; x_wconf 85' lang='lat'><strong>6,</strong></span> <span class='ocrx_word' id='word_1_93' title='bbox 607 1371 639 1419; x_wconf 87' lang='lat' dir='ltr'><strong>u⁰</strong></span> <span class='ocrx_word' id='word_1_94' title='bbox 653 1359 745 1436; x_wconf 81' lang='lat' dir='ltr'><strong>99t.)</strong></span> 
     </span>
    </p>

    <p class='ocr_par' dir='ltr' id='par_1_4' title="bbox 24 1445 966 2328">
     <span class='ocr_line' id='line_1_14' title="bbox 52 1445 964 1530; baseline 0.01 -28"><span class='ocrx_word' id='word_1_95' title='bbox 52 1449 122 1508; x_wconf 78' lang='lat' dir='ltr'><strong>rona</strong></span> <span class='ocrx_word' id='word_1_96' title='bbox 134 1471 148 1506; x_wconf 88' lang='lat' dir='ltr'><strong>o</strong></span> <span class='ocrx_word' id='word_1_97' title='bbox 158 1451 309 1530; x_wconf 84' lang='lat' dir='ltr'><strong>Tempore</strong></span> <span class='ocrx_word' id='word_1_98' title='bbox 323 1450 415 1530; x_wconf 87' lang='lat' dir='ltr'><strong>pestis</strong></span> <span class='ocrx_word' id='word_1_99' title='bbox 424 1495 433 1524; x_wconf 92' lang='lat'><strong>,</strong></span> <span class='ocrx_word' id='word_1_100' title='bbox 443 1449 467 1510; x_wconf 90' lang='lat' dir='ltr'><strong>si</strong></span> <span class='ocrx_word' id='word_1_101' title='bbox 479 1452 632 1528; x_wconf 88' lang='lat' dir='ltr'><strong>nequeant</strong></span> <span class='ocrx_word' id='word_1_102' title='bbox 645 1445 709 1508; x_wconf 89' lang='lat' dir='ltr'><strong>lieri</strong></span> <span class='ocrx_word' id='word_1_103' title='bbox 723 1446 964 1512; x_wconf 83' lang='lat' dir='ltr'><strong>denuntiationes</strong></span> 
     </span>
     <span class='ocr_line' id='line_1_15' title="bbox 28 1530 962 1618; baseline 0.017 -34"><span class='ocrx_word' id='word_1_104' title='bbox 28 1549 36 1584; x_wconf 77' lang='lat' dir='ltr'><strong>n</strong></span> <span class='ocrx_word' id='word_1_105' title='bbox 53 1530 73 1590; x_wconf 89' lang='lat' dir='ltr'><strong>in</strong></span> <span class='ocrx_word' id='word_1_106' title='bbox 85 1537 212 1614; x_wconf 74' lang='lat' dir='ltr'><strong>ecclesia,</strong></span> <span class='ocrx_word' id='word_1_107' title='bbox 223 1545 255 1600; x_wconf 89' lang='lat' dir='ltr'><strong>et</strong></span> <span class='ocrx_word' id='word_1_108' title='bbox 266 1555 326 1598; x_wconf 90' lang='lat' dir='ltr'><strong>uon</strong></span> <span class='ocrx_word' id='word_1_109' title='bbox 339 1537 454 1618; x_wconf 87' lang='lat' dir='ltr'><strong>possint</strong></span> <span class='ocrx_word' id='word_1_110' title='bbox 467 1535 568 1598; x_wconf 90' lang='lat' dir='ltr'><strong>induci</strong></span> <span class='ocrx_word' id='word_1_111' title='bbox 579 1536 681 1616; x_wconf 88' lang='lat' dir='ltr'><strong>sponsi</strong></span> <span class='ocrx_word' id='word_1_112' title='bbox 690 1535 727 1596; x_wconf 88' lang='lat' dir='ltr'><strong>nd</strong></span> <span class='ocrx_word' id='word_1_113' title='bbox 737 1538 962 1600; x_wconf 85' lang='lat' dir='ltr'><strong>matrimonium</strong></span> 
     </span>
     <span class='ocr_line' id='line_1_16' title="bbox 27 1618 965 1707; baseline 0.011 -30"><span class='ocrx_word' id='word_1_114' title='bbox 27 1637 35 1672; x_wconf 80' lang='lat' dir='ltr'><strong>r</strong></span> <span class='ocrx_word' id='word_1_115' title='bbox 51 1618 284 1702; x_wconf 82' lang='lat' dir='ltr'><strong>didemndum...,</strong></span> <span class='ocrx_word' id='word_1_116' title='bbox 300 1625 466 1707; x_wconf 85' lang='lat' dir='ltr'><strong>Episcopus</strong></span> <span class='ocrx_word' id='word_1_117' title='bbox 482 1631 578 1706; x_wconf 89' lang='lat' dir='ltr'><strong>potest</strong></span> <span class='ocrx_word' id='word_1_118' title='bbox 591 1623 637 1684; x_wconf 87' lang='lat' dir='ltr'><strong>rel</strong></span> <span class='ocrx_word' id='word_1_119' title='bbox 655 1625 871 1705; x_wconf 86' lang='lat' dir='ltr'><strong>permitterent</strong></span> <span class='ocrx_word' id='word_1_120' title='bbox 891 1625 965 1687; x_wconf 89' lang='lat' dir='ltr'><strong>tiant</strong></span> 
     </span>
     <span class='ocr_line' id='line_1_17' title="bbox 27 1707 965 1794; baseline 0.004 -24"><span class='ocrx_word' id='word_1_121' title='bbox 27 1707 276 1776; x_wconf 70' lang='lat' dir='ltr'><strong>»denuntiationes</strong></span> <span class='ocrx_word' id='word_1_122' title='bbox 304 1731 357 1794; x_wconf 85' lang='lat' dir='ltr'><strong>per</strong></span> <span class='ocrx_word' id='word_1_123' title='bbox 382 1731 488 1775; x_wconf 86' lang='lat' dir='ltr'><strong>rocem</strong></span> <span class='ocrx_word' id='word_1_124' title='bbox 523 1711 689 1794; x_wconf 80' lang='lat' dir='ltr'><strong>praecunia,</strong></span> <span class='ocrx_word' id='word_1_125' title='bbox 718 1718 769 1772; x_wconf 88' lang='lat' dir='ltr'><strong>aut</strong></span> <span class='ocrx_word' id='word_1_126' title='bbox 791 1731 844 1793; x_wconf 91' lang='lat' dir='ltr'><strong>per</strong></span> <span class='ocrx_word' id='word_1_127' title='bbox 870 1713 965 1775; x_wconf 87' lang='lat' dir='ltr'><strong>edicta</strong></span> 
     </span>
     <span class='ocr_line' id='line_1_18' title="bbox 27 1794 966 1884; baseline 0.002 -24"><span class='ocrx_word' id='word_1_128' title='bbox 27 1794 101 1862; x_wconf 80' lang='lat' dir='ltr'><strong>tlocn</strong></span> <span class='ocrx_word' id='word_1_129' title='bbox 118 1803 239 1884; x_wconf 88' lang='lat' dir='ltr'><strong>publico</strong></span> <span class='ocrx_word' id='word_1_130' title='bbox 260 1801 367 1881; x_wconf 84' lang='lat' dir='ltr'><strong>affixa,</strong></span> <span class='ocrx_word' id='word_1_131' title='bbox 380 1809 410 1864; x_wconf 88' lang='lat' dir='ltr'><strong>et</strong></span> <span class='ocrx_word' id='word_1_132' title='bbox 428 1801 485 1864; x_wconf 90' lang='lat' dir='ltr'><strong>hoc</strong></span> <span class='ocrx_word' id='word_1_133' title='bbox 505 1799 536 1862; x_wconf 92' lang='lat' dir='ltr'><strong>in</strong></span> <span class='ocrx_word' id='word_1_134' title='bbox 555 1817 751 1881; x_wconf 88' lang='lat' dir='ltr'><strong>quocumque</strong></span> <span class='ocrx_word' id='word_1_135' title='bbox 772 1799 836 1876; x_wconf 90' lang='lat' dir='ltr'><strong>die,</strong></span> <span class='ocrx_word' id='word_1_136' title='bbox 851 1801 896 1862; x_wconf 86' lang='lat' dir='ltr'><strong>rel</strong></span> <span class='ocrx_word' id='word_1_137' title='bbox 916 1819 966 1864; x_wconf 88' lang='lat' dir='ltr'><strong>eas</strong></span> 
     </span>
     <span class='ocr_line' id='line_1_19' title="bbox 28 1886 965 1970; baseline 0.006 -24"><span class='ocrx_word' id='word_1_138' title='bbox 28 1891 199 1970; x_wconf 77' lang='lat' dir='ltr'><strong>tramittere,</strong></span> <span class='ocrx_word' id='word_1_139' title='bbox 218 1890 302 1955; x_wconf 92' lang='lat' dir='ltr'><strong>etad</strong></span> <span class='ocrx_word' id='word_1_140' title='bbox 318 1891 346 1952; x_wconf 94' lang='lat' dir='ltr'><strong>id</strong></span> <span class='ocrx_word' id='word_1_141' title='bbox 362 1897 479 1952; x_wconf 91' lang='lat' dir='ltr'><strong>tenetur</strong></span> <span class='ocrx_word' id='word_1_142' title='bbox 493 1889 516 1951; x_wconf 91' lang='lat' dir='ltr'><strong>si</strong></span> <span class='ocrx_word' id='word_1_143' title='bbox 533 1895 638 1969; x_wconf 82' lang='lat' dir='ltr'><strong>urgeat</strong></span> <span class='ocrx_word' id='word_1_144' title='bbox 653 1886 848 1949; x_wconf 87' lang='lat' dir='ltr'><strong>necessitas...</strong></span> <span class='ocrx_word' id='word_1_145' title='bbox 866 1890 896 1951; x_wconf 85' lang='lat' dir='ltr'><strong>st</strong></span> <span class='ocrx_word' id='word_1_146' title='bbox 913 1908 965 1952; x_wconf 90' lang='lat' dir='ltr'><strong>ne-</strong></span> 
     </span>
     <span class='ocr_line' id='line_1_20' title="bbox 26 1975 964 2061; baseline 0.002 -22"><span class='ocrx_word' id='word_1_147' title='bbox 26 1979 103 2055; x_wconf 80' lang='lat' dir='ltr'><strong>¹quit</strong></span> <span class='ocrx_word' id='word_1_148' title='bbox 119 1979 190 2042; x_wconf 87' lang='lat' dir='ltr'><strong>adiri</strong></span> <span class='ocrx_word' id='word_1_149' title='bbox 214 1979 403 2061; x_wconf 84' lang='lat' dir='ltr'><strong>Episcopus,</strong></span> <span class='ocrx_word' id='word_1_150' title='bbox 427 1977 576 2061; x_wconf 90' lang='lat' dir='ltr'><strong>parochus</strong></span> <span class='ocrx_word' id='word_1_151' title='bbox 597 1975 675 2037; x_wconf 83' lang='lat' dir='ltr'><strong>bene</strong></span> <span class='ocrx_word' id='word_1_152' title='bbox 698 1982 812 2056; x_wconf 86' lang='lat' dir='ltr'><strong>potest,</strong></span> <span class='ocrx_word' id='word_1_153' title='bbox 835 1985 864 2039; x_wconf 91' lang='lat' dir='ltr'><strong>et</strong></span> <span class='ocrx_word' id='word_1_154' title='bbox 886 1979 964 2060; x_wconf 74' lang='lat' dir='ltr'><strong>iusta</strong></span> 
     </span>
     <span class='ocr_line' id='line_1_21' title="bbox 25 2066 965 2150; baseline 0.006 -24"><span class='ocrx_word' id='word_1_155' title='bbox 25 2079 35 2118; x_wconf 80' lang='lat' dir='ltr'><strong>t</strong></span> <span class='ocrx_word' id='word_1_156' title='bbox 51 2077 156 2148; x_wconf 82' lang='lat' dir='ltr'><strong>urgente</strong></span> <span class='ocrx_word' id='word_1_157' title='bbox 168 2073 283 2142; x_wconf 74' lang='lat' dir='ltr'><strong>cansa,</strong></span> <span class='ocrx_word' id='word_1_158' title='bbox 299 2069 389 2132; x_wconf 85' lang='lat' dir='ltr'><strong>ctiam</strong></span> <span class='ocrx_word' id='word_1_159' title='bbox 403 2073 523 2130; x_wconf 89' lang='lat' dir='ltr'><strong>tenetur</strong></span> <span class='ocrx_word' id='word_1_160' title='bbox 537 2066 740 2146; x_wconf 77' lang='lat' dir='ltr'><strong>conjungere,</strong></span> <span class='ocrx_word' id='word_1_161' title='bbox 756 2075 915 2150; x_wconf 88' lang='lat' dir='ltr'><strong>postquam</strong></span> <span class='ocrx_word' id='word_1_162' title='bbox 929 2070 965 2132; x_wconf 90' lang='lat' dir='ltr'><strong>sit</strong></span> 
     </span>
     <span class='ocr_line' id='line_1_22' title="bbox 24 2153 961 2314; baseline 0.01 -102"><span class='ocrx_word' id='word_1_163' title='bbox 24 2157 140 2314; x_wconf 60' lang='lat' dir='ltr'><strong>portior</strong></span> <span class='ocrx_word' id='word_1_164' title='bbox 178 2158 277 2221; x_wconf 86' lang='lat' dir='ltr'><strong>iactus</strong></span> <span class='ocrx_word' id='word_1_165' title='bbox 327 2156 446 2219; x_wconf 92' lang='lat' dir='ltr'><strong>nullum</strong></span> <span class='ocrx_word' id='word_1_166' title='bbox 485 2155 607 2217; x_wconf 84' lang='lat' dir='ltr'><strong>subesse</strong></span> <span class='ocrx_word' id='word_1_167' title='bbox 648 2153 909 2236; x_wconf 89' lang='lat' dir='ltr'><strong>impedimentum.</strong></span> <span class='ocrx_word' id='word_1_168' title='bbox 946 2181 961 2220; x_wconf 85' lang='lat' dir='ltr'><strong>o</strong></span> 
     </span>
     <span class='ocr_line' id='line_1_23' title="bbox 35 2241 208 2328; baseline 0.052 -30"><span class='ocrx_word' id='word_1_169' title='bbox 35 2241 57 2298; x_wconf 67' lang='grc' dir='ltr'><strong>ὃ.</strong></span> <span class='ocrx_word' id='word_1_170' title='bbox 71 2243 133 2325; x_wconf 77' lang='lat' dir='ltr'><strong>ttg,</strong></span> <span class='ocrx_word' id='word_1_171' title='bbox 148 2247 208 2328; x_wconf 85' lang='lat' dir='ltr'><strong>n&#39;b.)</strong></span> 
     </span>
    </p>

    <p class='ocr_par' dir='ltr' id='par_1_5' title="bbox 25 2331 970 3304">
     <span class='ocr_line' id='line_1_24' title="bbox 53 2331 965 2420; baseline 0.009 -27"><span class='ocrx_word' id='word_1_172' title='bbox 53 2333 123 2396; x_wconf 85' lang='lat' dir='ltr'><strong>tnnr.</strong></span> <span class='ocrx_word' id='word_1_173' title='bbox 139 2337 263 2398; x_wconf 88' lang='lat' dir='ltr'><strong>Certum</strong></span> <span class='ocrx_word' id='word_1_174' title='bbox 277 2339 323 2397; x_wconf 87' lang='lat' dir='ltr'><strong>est</strong></span> <span class='ocrx_word' id='word_1_175' title='bbox 335 2334 577 2396; x_wconf 87' lang='lat' dir='ltr'><strong>donunnrarrones</strong></span> <span class='ocrx_word' id='word_1_176' title='bbox 590 2350 655 2396; x_wconf 89' lang='lat' dir='ltr'><strong>esse</strong></span> <span class='ocrx_word' id='word_1_177' title='bbox 668 2331 819 2398; x_wconf 85' lang='lat' dir='ltr'><strong>iaciendas</strong></span> <span class='ocrx_word' id='word_1_178' title='bbox 833 2336 863 2398; x_wconf 91' lang='lat' dir='ltr'><strong>in</strong></span> <span class='ocrx_word' id='word_1_179' title='bbox 878 2355 965 2420; x_wconf 90' lang='lat' dir='ltr'><strong>paro-</strong></span> 
     </span>
     <span class='ocr_line' id='line_1_25' title="bbox 26 2415 965 2512; baseline 0.017 -38"><span class='ocrx_word' id='word_1_180' title='bbox 26 2415 72 2480; x_wconf 81' lang='lat' dir='ltr'><strong>rlia</strong></span> <span class='ocrx_word' id='word_1_181' title='bbox 82 2425 233 2506; x_wconf 88' lang='lat' dir='ltr'><strong>utriusque</strong></span> <span class='ocrx_word' id='word_1_182' title='bbox 247 2423 467 2496; x_wconf 87' lang='lat' dir='ltr'><strong>contrahentis,</strong></span> <span class='ocrx_word' id='word_1_183' title='bbox 484 2423 554 2512; x_wconf 90' lang='lat' dir='ltr'><strong>quia</strong></span> <span class='ocrx_word' id='word_1_184' title='bbox 572 2422 615 2484; x_wconf 88' lang='lat' dir='ltr'><strong>sic</strong></span> <span class='ocrx_word' id='word_1_185' title='bbox 634 2421 689 2484; x_wconf 87' lang='lat' dir='ltr'><strong>lert</strong></span> <span class='ocrx_word' id='word_1_186' title='bbox 705 2425 910 2488; x_wconf 89' lang='lat' dir='ltr'><strong>consuetudo:</strong></span> <span class='ocrx_word' id='word_1_187' title='bbox 926 2427 965 2490; x_wconf 89' lang='lat' dir='ltr'><strong>ita</strong></span> 
     </span>
     <span class='ocr_line' id='line_1_26' title="bbox 25 2511 965 2594; baseline 0.012 -29"><span class='ocrx_word' id='word_1_188' title='bbox 25 2514 218 2589; x_wconf 81' lang='lat' dir='ltr'><strong>mnrrnuniter3</strong></span> <span class='ocrx_word' id='word_1_189' title='bbox 240 2511 365 2594; x_wconf 85' lang='lat' dir='ltr'><strong>quidam</strong></span> <span class='ocrx_word' id='word_1_190' title='bbox 379 2518 481 2572; x_wconf 87' lang='lat' dir='ltr'><strong>tamen</strong></span> <span class='ocrx_word' id='word_1_191' title='bbox 504 2511 656 2593; x_wconf 85' lang='lat' dir='ltr'><strong>excipiunt</strong></span> <span class='ocrx_word' id='word_1_192' title='bbox 675 2529 779 2574; x_wconf 89' lang='lat' dir='ltr'><strong>casum</strong></span> <span class='ocrx_word' id='word_1_193' title='bbox 800 2531 861 2593; x_wconf 90' lang='lat' dir='ltr'><strong>quo</strong></span> <span class='ocrx_word' id='word_1_194' title='bbox 880 2533 965 2594; x_wconf 91' lang='lat' dir='ltr'><strong>paro·</strong></span> 
     </span>
     <span class='ocr_line' id='line_1_27' title="bbox 26 2593 967 2682; baseline 0.009 -28"><span class='ocrx_word' id='word_1_195' title='bbox 26 2593 77 2658; x_wconf 81' lang='lat' dir='ltr'><strong>ulie</strong></span> <span class='ocrx_word' id='word_1_196' title='bbox 88 2608 183 2664; x_wconf 89' lang='lat' dir='ltr'><strong>essent</strong></span> <span class='ocrx_word' id='word_1_197' title='bbox 196 2601 285 2663; x_wconf 83' lang='lat' dir='ltr'><strong>valde</strong></span> <span class='ocrx_word' id='word_1_198' title='bbox 299 2600 488 2682; x_wconf 80' lang='lat' dir='ltr'><strong>propinquae.</strong></span> <span class='ocrx_word' id='word_1_199' title='bbox 505 2599 536 2662; x_wconf 89' lang='lat' dir='ltr'><strong>Si</strong></span> <span class='ocrx_word' id='word_1_200' title='bbox 549 2601 620 2662; x_wconf 86' lang='lat' dir='ltr'><strong>verb</strong></span> <span class='ocrx_word' id='word_1_201' title='bbox 633 2619 714 2663; x_wconf 91' lang='lat' dir='ltr'><strong>unus</strong></span> <span class='ocrx_word' id='word_1_202' title='bbox 728 2618 908 2680; x_wconf 82' lang='lat' dir='ltr'><strong>sponsorum</strong></span> <span class='ocrx_word' id='word_1_203' title='bbox 922 2603 967 2662; x_wconf 88' lang='lat' dir='ltr'><strong>vel</strong></span> 
     </span>
     <span class='ocr_line' id='line_1_28' title="bbox 27 2686 968 2769; baseline 0.006 -25"><span class='ocrx_word' id='word_1_204' title='bbox 27 2692 121 2766; x_wconf 71' lang='lat' dir='ltr'><strong>uterque</strong></span> <span class='ocrx_word' id='word_1_205' title='bbox 139 2689 178 2752; x_wconf 90' lang='lat' dir='ltr'><strong>de</strong></span> <span class='ocrx_word' id='word_1_206' title='bbox 200 2689 283 2751; x_wconf 84' lang='lat' dir='ltr'><strong>brevi</strong></span> <span class='ocrx_word' id='word_1_207' title='bbox 305 2694 440 2752; x_wconf 89' lang='lat' dir='ltr'><strong>moratur</strong></span> <span class='ocrx_word' id='word_1_208' title='bbox 460 2689 491 2750; x_wconf 91' lang='lat' dir='ltr'><strong>in</strong></span> <span class='ocrx_word' id='word_1_209' title='bbox 509 2688 595 2762; x_wconf 87' lang='lat' dir='ltr'><strong>loco,</strong></span> <span class='ocrx_word' id='word_1_210' title='bbox 610 2689 701 2769; x_wconf 72' lang='lat' dir='ltr'><strong>longe</strong></span> <span class='ocrx_word' id='word_1_211' title='bbox 720 2686 903 2769; x_wconf 79' lang='lat' dir='ltr'><strong>prolnabilitrs</strong></span> <span class='ocrx_word' id='word_1_212' title='bbox 925 2694 968 2750; x_wconf 90' lang='lat' dir='ltr'><strong>est</strong></span> 
     </span>
     <span class='ocr_line' id='line_1_29' title="bbox 28 2774 967 2856; baseline 0.01 -26"><span class='ocrx_word' id='word_1_213' title='bbox 28 2787 66 2834; x_wconf 89' lang='lat' dir='ltr'><strong>ron</strong></span> <span class='ocrx_word' id='word_1_214' title='bbox 77 2777 209 2842; x_wconf 82' lang='lat' dir='ltr'><strong>sufficere</strong></span> <span class='ocrx_word' id='word_1_215' title='bbox 221 2778 286 2840; x_wconf 85' lang='lat' dir='ltr'><strong>lieri</strong></span> <span class='ocrx_word' id='word_1_216' title='bbox 296 2785 369 2841; x_wconf 92' lang='lat' dir='ltr'><strong>tunc</strong></span> <span class='ocrx_word' id='word_1_217' title='bbox 382 2777 624 2841; x_wconf 85' lang='lat' dir='ltr'><strong>denuntiationes</strong></span> <span class='ocrx_word' id='word_1_218' title='bbox 638 2777 669 2838; x_wconf 91' lang='lat' dir='ltr'><strong>in</strong></span> <span class='ocrx_word' id='word_1_219' title='bbox 684 2795 720 2838; x_wconf 91' lang='lat' dir='ltr'><strong>eo</strong></span> <span class='ocrx_word' id='word_1_220' title='bbox 735 2777 801 2838; x_wconf 87' lang='lat' dir='ltr'><strong>loco</strong></span> <span class='ocrx_word' id='word_1_221' title='bbox 814 2774 967 2856; x_wconf 86' lang='lat' dir='ltr'><strong>durrtaxat,</strong></span> 
     </span>
     <span class='ocr_line' id='line_1_30' title="bbox 28 2861 968 2948; baseline 0.011 -28"><span class='ocrx_word' id='word_1_222' title='bbox 28 2861 58 2920; x_wconf 72' lang='lat' dir='ltr'><strong>cst</strong></span> <span class='ocrx_word' id='word_1_223' title='bbox 70 2873 133 2928; x_wconf 88' lang='lat' dir='ltr'><strong>sunt</strong></span> <span class='ocrx_word' id='word_1_224' title='bbox 145 2868 275 2930; x_wconf 89' lang='lat' dir='ltr'><strong>omninb</strong></span> <span class='ocrx_word' id='word_1_225' title='bbox 289 2864 433 2930; x_wconf 85' lang='lat' dir='ltr'><strong>laciendae</strong></span> <span class='ocrx_word' id='word_1_226' title='bbox 447 2867 478 2928; x_wconf 94' lang='lat' dir='ltr'><strong>in</strong></span> <span class='ocrx_word' id='word_1_227' title='bbox 494 2866 634 2948; x_wconf 78' lang='lat' dir='ltr'><strong>parochia</strong></span> <span class='ocrx_word' id='word_1_228' title='bbox 646 2865 728 2928; x_wconf 91' lang='lat' dir='ltr'><strong>unde</strong></span> <span class='ocrx_word' id='word_1_229' title='bbox 741 2865 888 2945; x_wconf 87' lang='lat' dir='ltr'><strong>discessit,</strong></span> <span class='ocrx_word' id='word_1_230' title='bbox 900 2865 968 2947; x_wconf 87' lang='lat' dir='ltr'><strong>quia</strong></span> 
     </span>
     <span class='ocr_line' id='line_1_31' title="bbox 29 2945 969 3038; baseline 0.012 -28"><span class='ocrx_word' id='word_1_231' title='bbox 29 2945 71 3013; x_wconf 88' lang='lat' dir='ltr'><strong>deo</strong></span> <span class='ocrx_word' id='word_1_232' title='bbox 83 2953 156 3018; x_wconf 89' lang='lat' dir='ltr'><strong>liunt</strong></span> <span class='ocrx_word' id='word_1_233' title='bbox 175 2955 421 3018; x_wconf 89' lang='lat' dir='ltr'><strong>denuntiationes</strong></span> <span class='ocrx_word' id='word_1_234' title='bbox 434 2962 467 3018; x_wconf 92' lang='lat' dir='ltr'><strong>ut</strong></span> <span class='ocrx_word' id='word_1_235' title='bbox 486 2956 664 3038; x_wconf 82' lang='lat' dir='ltr'><strong>detegantur</strong></span> <span class='ocrx_word' id='word_1_236' title='bbox 686 2953 920 3037; x_wconf 89' lang='lat' dir='ltr'><strong>impedimenta,</strong></span> <span class='ocrx_word' id='word_1_237' title='bbox 935 2976 969 3021; x_wconf 89' lang='lat' dir='ltr'><strong>ac</strong></span> 
     </span>
     <span class='ocr_line' id='line_1_32' title="bbox 30 3042 970 3126; baseline 0.012 -28"><span class='ocrx_word' id='word_1_238' title='bbox 30 3042 125 3112; x_wconf 78' lang='lat' dir='ltr'><strong>troinde</strong></span> <span class='ocrx_word' id='word_1_239' title='bbox 138 3053 211 3109; x_wconf 85' lang='lat' dir='ltr'><strong>suut</strong></span> <span class='ocrx_word' id='word_1_240' title='bbox 220 3045 365 3106; x_wconf 78' lang='lat' dir='ltr'><strong>faciendae</strong></span> <span class='ocrx_word' id='word_1_241' title='bbox 375 3046 406 3106; x_wconf 91' lang='lat' dir='ltr'><strong>in</strong></span> <span class='ocrx_word' id='word_1_242' title='bbox 422 3044 488 3107; x_wconf 90' lang='lat' dir='ltr'><strong>loco</strong></span> <span class='ocrx_word' id='word_1_243' title='bbox 502 3045 553 3106; x_wconf 90' lang='lat' dir='ltr'><strong>ubi</strong></span> <span class='ocrx_word' id='word_1_244' title='bbox 568 3045 668 3126; x_wconf 90' lang='lat' dir='ltr'><strong>sponsi</strong></span> <span class='ocrx_word' id='word_1_245' title='bbox 684 3043 796 3107; x_wconf 89' lang='lat' dir='ltr'><strong>diutiirs</strong></span> <span class='ocrx_word' id='word_1_246' title='bbox 810 3051 970 3109; x_wconf 84' lang='lat' dir='ltr'><strong>suntcom·</strong></span> 
     </span>
     <span class='ocr_line' id='line_1_33' title="bbox 31 3133 968 3218; baseline 0.016 -32"><span class='ocrx_word' id='word_1_247' title='bbox 31 3133 235 3196; x_wconf 79' lang='lat' dir='ltr'><strong>nnattvtdes.</strong></span> <span class='ocrx_word' id='word_1_248' title='bbox 247 3133 383 3216; x_wconf 64' lang='lat' dir='ltr'><strong>Liguor,</strong></span> <span class='ocrx_word' id='word_1_249' title='bbox 394 3133 446 3203; x_wconf 80' lang='lat' dir='ltr'><strong>id..</strong></span> <span class='ocrx_word' id='word_1_250' title='bbox 459 3137 528 3208; x_wconf 77' lang='lat'><strong>9913</strong></span> <span class='ocrx_word' id='word_1_251' title='bbox 541 3140 570 3194; x_wconf 90' lang='lat' dir='ltr'><strong>et</strong></span> <span class='ocrx_word' id='word_1_252' title='bbox 578 3152 667 3215; x_wconf 91' lang='lat' dir='ltr'><strong>supra</strong></span> <span class='ocrx_word' id='word_1_253' title='bbox 675 3133 753 3196; x_wconf 84' lang='lat' dir='ltr'><strong>dicto</strong></span> <span class='ocrx_word' id='word_1_254' title='bbox 763 3138 968 3218; x_wconf 56' lang='grc'><strong>(13894383).</strong></span> 
     </span>
     <span class='ocr_line' id='line_1_34' title="bbox 40 3211 970 3304; baseline 0.012 -26"><span class='ocrx_word' id='word_1_255' title='bbox 40 3211 44 3222; x_wconf 89' lang='grc'><strong>’</strong></span> <span class='ocrx_word' id='word_1_256' title='bbox 63 3236 132 3283; x_wconf 87' lang='lat' dir='ltr'><strong>unus</strong></span> <span class='ocrx_word' id='word_1_257' title='bbox 149 3229 205 3285; x_wconf 91' lang='lat' dir='ltr'><strong>aut</strong></span> <span class='ocrx_word' id='word_1_258' title='bbox 221 3229 349 3304; x_wconf 87' lang='lat' dir='ltr'><strong>uterque</strong></span> <span class='ocrx_word' id='word_1_259' title='bbox 367 3222 548 3285; x_wconf 89' lang='lat' dir='ltr'><strong>contrahens</strong></span> <span class='ocrx_word' id='word_1_260' title='bbox 565 3223 680 3302; x_wconf 72' lang='lat' dir='ltr'><strong>aequale</strong></span> <span class='ocrx_word' id='word_1_261' title='bbox 704 3223 821 3286; x_wconf 89' lang='lat' dir='ltr'><strong>circiter</strong></span> <span class='ocrx_word' id='word_1_262' title='bbox 843 3222 970 3290; x_wconf 89' lang='lat' dir='ltr'><strong>domici-</strong></span> 
     </span>
    </p>

    <p class='ocr_par' dir='ltr' id='par_1_6' title="bbox 64 3309 972 3570">
     <span class='ocr_line' id='line_1_35' title="bbox 96 3309 972 3393; baseline 0.014 -25"><span class='ocrx_word' id='word_1_263' title='bbox 96 3309 125 3371; x_wconf 91' lang='lat' dir='ltr'><strong>iu</strong></span> <span class='ocrx_word' id='word_1_264' title='bbox 145 3311 267 3374; x_wconf 90' lang='lat' dir='ltr'><strong>duabus</strong></span> <span class='ocrx_word' id='word_1_265' title='bbox 286 3310 435 3392; x_wconf 88' lang='lat' dir='ltr'><strong>parochiis</strong></span> <span class='ocrx_word' id='word_1_266' title='bbox 449 3311 555 3371; x_wconf 89' lang='lat' dir='ltr'><strong>habeat</strong></span> <span class='ocrx_word' id='word_1_267' title='bbox 571 3357 578 3388; x_wconf 92' lang='lat'><strong>,</strong></span> <span class='ocrx_word' id='word_1_268' title='bbox 594 3310 625 3370; x_wconf 92' lang='lat' dir='ltr'><strong>in</strong></span> <span class='ocrx_word' id='word_1_269' title='bbox 643 3315 770 3393; x_wconf 79' lang='lat' dir='ltr'><strong>utraque</strong></span> <span class='ocrx_word' id='word_1_270' title='bbox 788 3313 887 3376; x_wconf 89' lang='lat' dir='ltr'><strong>banna</strong></span> <span class='ocrx_word' id='word_1_271' title='bbox 902 3325 972 3380; x_wconf 91' lang='lat' dir='ltr'><strong>suut</strong></span> 
     </span>
     <span class='ocr_line' id='line_1_36' title="bbox 64 3398 971 3482; baseline 0.013 -26"><span class='ocrx_word' id='word_1_272' title='bbox 64 3398 245 3479; x_wconf 76' lang='lat' dir='ltr'><strong>mulgendo:</strong></span> <span class='ocrx_word' id='word_1_273' title='bbox 267 3400 307 3462; x_wconf 90' lang='lat' dir='ltr'><strong>ita</strong></span> <span class='ocrx_word' id='word_1_274' title='bbox 333 3399 536 3462; x_wconf 88' lang='lat' dir='ltr'><strong>connmuniter</strong></span> <span class='ocrx_word' id='word_1_275' title='bbox 565 3405 670 3462; x_wconf 89' lang='lat' dir='ltr'><strong>contra</strong></span> <span class='ocrx_word' id='word_1_276' title='bbox 703 3402 860 3482; x_wconf 90' lang='lat' dir='ltr'><strong>quosdam.</strong></span> <span class='ocrx_word' id='word_1_277' title='bbox 896 3404 971 3470; x_wconf 86' lang='lat' dir='ltr'><strong>Vide</strong></span> 
     </span>
     <span class='ocr_line' id='line_1_37' title="bbox 78 3485 358 3570; baseline 0.025 -26"><span class='ocrx_word' id='word_1_278' title='bbox 78 3485 134 3548; x_wconf 72' lang='lat' dir='ltr'><strong>&#39;tre</strong></span> <span class='ocrx_word' id='word_1_279' title='bbox 150 3488 215 3567; x_wconf 78' lang='lat' dir='ltr'><strong>(iln,</strong></span> <span class='ocrx_word' id='word_1_280' title='bbox 232 3499 266 3550; x_wconf 87' lang='lat' dir='ltr'><strong>n·</strong></span> <span class='ocrx_word' id='word_1_281' title='bbox 279 3489 358 3570; x_wconf 82' lang='grc'><strong>389).</strong></span> 
     </span>
    </p>
   </div>
   <div class='ocr_carea' id='block_1_3' title="bbox 49 3569 971 3748">
    <p class='ocr_par' dir='ltr' id='par_1_7' title="bbox 49 3569 971 3748">
     <span class='ocr_line' id='line_1_38' title="bbox 49 3569 971 3668; baseline 0.007 -35"><span class='ocrx_word' id='word_1_282' title='bbox 49 3569 242 3668; x_wconf 66' lang='lat' dir='ltr'><strong>Quandonam</strong></span> <span class='ocrx_word' id='word_1_283' title='bbox 262 3583 364 3641; x_wconf 86' lang='lat' dir='ltr'><strong>autern</strong></span> <span class='ocrx_word' id='word_1_284' title='bbox 385 3575 487 3640; x_wconf 86' lang='lat' dir='ltr'><strong>banna</strong></span> <span class='ocrx_word' id='word_1_285' title='bbox 511 3577 639 3642; x_wconf 88' lang='lat' dir='ltr'><strong>debeant</strong></span> <span class='ocrx_word' id='word_1_286' title='bbox 659 3579 804 3663; x_wconf 90' lang='lat' dir='ltr'><strong>publicari</strong></span> <span class='ocrx_word' id='word_1_287' title='bbox 825 3581 858 3643; x_wconf 90' lang='lat' dir='ltr'><strong>iu</strong></span> <span class='ocrx_word' id='word_1_288' title='bbox 882 3597 971 3662; x_wconf 86' lang='lat' dir='ltr'><strong>poro·</strong></span> 
     </span>
     <span class='ocr_line' id='line_1_39' title="bbox 86 3663 970 3748; baseline -0.021 -7"><span class='ocrx_word' id='word_1_289' title='bbox 86 3663 168 3741; x_wconf 75' lang='lat' dir='ltr'><strong>pride</strong></span> <span class='ocrx_word' id='word_1_290' title='bbox 180 3665 376 3728; x_wconf 68' lang='lat' dir='ltr'><strong>naaman-</strong></span> <span class='ocrx_word' id='word_1_291' title='bbox 385 3665 480 3730; x_wconf 82' lang='lat' dir='ltr'><strong>Variae</strong></span> <span class='ocrx_word' id='word_1_292' title='bbox 493 3675 564 3730; x_wconf 83' lang='lat' dir='ltr'><strong>sunt</strong></span> <span class='ocrx_word' id='word_1_293' title='bbox 572 3667 653 3748; x_wconf 86' lang='lat' dir='ltr'><strong>apud</strong></span> <span class='ocrx_word' id='word_1_294' title='bbox 668 3685 723 3730; x_wconf 89' lang='lat' dir='ltr'><strong>nos</strong></span> <span class='ocrx_word' id='word_1_295' title='bbox 736 3669 815 3730; x_wconf 86' lang='lat' dir='ltr'><strong>circa</strong></span> <span class='ocrx_word' id='word_1_296' title='bbox 829 3667 887 3728; x_wconf 82' lang='lat' dir='ltr'><strong>troc</strong></span> <span class='ocrx_word' id='word_1_297' title='bbox 900 3679 970 3724; x_wconf 86' lang='lat' dir='ltr'><strong>con-</strong></span> 
     </span>
    </p>
   </div>
   <div class='ocr_carea' id='block_1_4' title="bbox 0 0 1229 3940">
    <p class='ocr_par' dir='ltr' id='par_1_8' title="bbox 0 0 1229 3940">
     <span class='ocr_line' id='line_1_40' title="bbox 0 0 1229 3940; baseline 0 0"><span class='ocrx_word' id='word_1_298' title='bbox 0 0 1229 3940; x_wconf 95' lang='lat' dir='ltr'><strong> </strong></span> 
     </span>
    </p>
   </div>
  </div>
 </body>
</html>
