2434 3940
185 169 242 231 {82
267 223 271 232 .
403 185 543 234 uenulae
563 185 663 234 rorrus
683 184 765 232 tuats
787 181 934 230 ennonrer.

182 305 198 342 u
223 281 296 362 diti,
311 281 458 347 suadente
477 284 618 363 diabolo,
638 289 760 366 peceato
777 280 914 344 confiteri
938 297 1000 343 non
1023 279 1153 356 audent,

181 390 200 434 b
225 378 315 434 etc.»

225 470 329 542 Quoad
342 470 481 535 ordinem
494 473 526 534 in
539 471 728 535 confessione
742 467 924 531 servandum
932 473 963 530 et
972 467 1067 550 ipsius
1074 485 1154 532 onere

189 562 323 637 monins,
338 560 405 624 vide
419 563 462 624 lle
475 561 589 640 Herdt,
605 559 692 638 ibid,
707 562 766 636 ΙΙΙ,
783 561 832 621 lv.

202 716 265 734 „-

559 869 706 939 CAPUT
731 869 793 936 vt.

465 1032 508 1084 nu
531 1029 875 1084 nannum-uncrronn.

618 1225 699 1288 liti.
717 1225 739 1288 Ι.

396 1374 436 1424 nr
460 1373 553 1434 rrsrns
576 1373 693 1419 nurum
714 1373 749 1418 m
769 1371 952 1421 errncrrans.

231 1520 321 1581 3912.
344 1514 606 1580 Extrema-Unctio
631 1537 646 1576 u
668 1524 711 1578 est
739 1515 962 1578 Sacramentum
984 1535 1068 1580 novae
1095 1517 1163 1599 lepis

194 1630 209 1664 ι
232 1627 288 1690 quo
299 1626 355 1690 per
367 1605 424 1669 olei
439 1604 582 1667 benedieti
595 1605 757 1667 unctionem
771 1613 800 1667 et
812 1603 970 1668 sacerdotis
982 1607 1162 1680 orationem,

133 1759 135 1762 .
193 1721 207 1754 n
231 1695 395 1760 christiano
407 1692 567 1779 periculose
581 1693 755 1776 oeprotonti,
773 1695 881 1757 anime
893 1703 980 1776 utque
994 1693 1082 1756 etiam
1105 1715 1165 1758 cor·

194 1811 208 1846 e
230 1787 331 1869 poris,
346 1786 374 1848 si
386 1787 493 1848 animoa
505 1782 598 1846 soluti
610 1781 763 1866 eopeda'ot,
781 1783 893 1846 sunites
911 1783 1075 1866 confertur.
1092 1807 1110 1846 b
1128 1787 1165 1848 lta

192 1875 356 1958 'theologia
369 1877 527 1938 Tolosana.

234 1979 322 2037 3913.
349 1977 392 2036 De
413 1975 471 2038 tide
498 1983 543 2038 ost
569 1971 935 2036 Extremum-Unctionem
958 1989 1024 2035 esse
1052 1975 1124 2036 verb
1141 1979 1167 2036 et

193 2063 314 2146 proprie
336 2073 557 2126 sacramentum
583 2081 668 2125 novae
691 2061 791 2142 legis,
816 2062 835 2123 b
859 2059 975 2124 Christo
996 2062 1169 2126 institutum

195 2151 324 2231 (Concil.
335 2151 431 2230 Trid,
446 2169 520 2216 sess.
535 2159 567 2232 l,
582 2171 650 2215 oan.
668 2155 697 2229 l,
712 2157 743 2214 et
756 2169 828 2212 sess.
847 2154 898 2224 ll,
914 2169 982 2214 ean.
1000 2154 1041 2230 l),
1056 2157 1088 2214 et
1101 2153 1168 2236 qui·

194 2239 264 2300 dem
279 2243 346 2320 post
360 2239 424 2319 eJ'ns
446 2243 709 2318 resurrectionem,
719 2247 752 2302 ut
776 2245 879 2302 tenent
892 2241 1019 2320 Sunrez,
1035 2243 1169 2322 Laynrnn

194 2345 266 2392 oum
282 2328 475 2406 Salmantio.;
491 2331 675 2394 insinuatum
690 2335 791 2392 autem
806 2331 823 2392 a
837 2331 868 2392 S.
889 2331 1001 2408 Marco,
1017 2330 1070 2393 sed
1084 2349 1167 2394 eom·

195 2417 371 2479 mendatum
393 2426 423 2480 et
444 2425 668 2502 promulgatum
688 2422 705 2480 l
724 2420 755 2481 S.
780 2419 908 2495 laoobo,
923 2437 989 2500 oap.
1011 2423 1047 2496 5,
1062 2439 1091 2481 v.
1121 2425 1170 2499 ll,

194 2505 246 2568 ubi
261 2507 390 2570 dieitur:
405 2509 601 2573 nlnlirmatur
611 2509 678 2592 quis
688 2509 718 2570 in
730 2507 836 2570 vobist
845 2508 971 2571 lnduoat
980 2508 1171 2590 presbyteros

195 2615 211 2656 ι
235 2597 377 2660 lloelesire
396 2606 425 2661 et
445 2607 532 2662 orent
550 2618 639 2682 super
658 2617 750 2676 eum,
774 2605 923 2679 ungentes
940 2617 1011 2660 eum
1032 2598 1123 2677 oleo,
1143 2605 1172 2663 el

196 2703 211 2754 t
235 2687 330 2750 oratio
350 2687 420 2752 lidei
439 2690 561 2753 salvabit
584 2688 758 2765 infirmum,
773 2695 803 2749 et
816 2688 965 2750 alleviabit
977 2705 1050 2752 eum
1063 2689 1173 2752 Domi·

194 2797 211 2838 r
236 2795 309 2856 nus;
325 2784 354 2848 et
368 2777 392 2840 si
405 2778 577 2860 inpeccatis
590 2779 627 2842 sit
640 2826 648 2857 ,
664 2777 853 2840 remittentur
866 2776 932 2840 ei.»

235 2879 325 2939 39ll.
350 2877 470 2939 Certum
493 2883 559 2957 est,
580 2877 678 2959 inquit
696 2877 726 2939 S.
748 2875 868 2958 Liguon
898 2875 961 2955 (lib.
976 2879 1014 2954 6,
1031 2887 1065 2940 n·
1077 2879 1172 2958 706),

197 2965 255 3028 hoe
273 2971 495 3026 sacramentum
517 2985 614 3028 unuin
633 2984 718 3042 esse,
743 2965 812 3027 licet
825 2965 962 3047 pluribus
974 2967 1173 3031 unctionibus

197 3052 435 3131 administretur,
451 3055 522 3134 quia
535 3073 642 3118 omnes
657 3055 815 3118 unctiones
824 3053 862 3116 ad
876 3073 969 3118 unam
979 3053 1174 3137 significatio·

198 3159 269 3208 nem
285 3139 436 3202 interioris
453 3143 577 3207 melote
591 3147 752 3226 pertinent.
769 3145 1028 3228 Communiirsque
1041 3145 1173 3208 sentitur

196 3235 301 3292 eontra
315 3229 416 3307 Elbel,
429 3231 518 3294 Croix
532 3241 561 3295 et
575 3234 676 3316 plures
689 3233 775 3313 alios,
790 3253 921 3316 quorum
935 3243 1036 3297 tamen
1050 3241 1173 3296 senten-

95 3321 98 3324 '
196 3316 237 3378 tia
259 3323 304 3378 est
326 3317 507 3399 probabilis,
531 3340 592 3384 non
616 3322 745 3385 conferri
777 3323 903 3406 gratiam
927 3323 1080 3405 partialem
1115 3343 1174 3404 per

196 3405 361 3485 quamlibet
374 3409 564 3488 unctionem,
579 3409 631 3473 sed
646 3413 677 3472 in
692 3412 797 3474 ultime
811 3416 928 3475 tantiam
938 3411 1173 3478 contenisimul

198 3499 289 3554 totam
316 3495 440 3575 gratiam
463 3501 730 3579 sacramentalem
762 3501 872 3564 auxilia
898 3509 1001 3566 tamen
1027 3501 1174 3584 specialia

199 3581 267 3645 huic
285 3584 387 3664 gratie
411 3603 528 3649 annexa
549 3606 603 3650 seu
624 3587 662 3650 ab
683 3589 718 3652 et
732 3588 944 3671 dependentia,
960 3611 1021 3656 nou
1034 3589 1172 3655 conferri
