2420 3968
402 211 487 260 tinen
508 205 665 262 asenneus.
963 201 1021 268 ota

109 309 256 374 venialiter
269 316 384 376 tantiam
400 323 505 396 peccat
525 316 577 397 qui
594 316 712 379 mutilat
725 315 853 399 syllabas
871 318 959 381 itaut
977 329 1021 383 ta-

72 414 131 458 nnen
150 399 301 465 verborum
323 421 429 466 sensus
447 411 513 466 'non
528 413 757 486 corrumpatur,
776 405 823 468 vel
841 405 865 468 si
888 407 918 468 in
932 411 1022 489 parva

70 488 218 566 quantitate
231 501 461 575 corrumpatur,
476 494 522 556 vol
541 494 566 555 si
581 493 638 556 boc
651 494 738 558 iaciat
753 495 968 574 involuntarie,
984 498 1024 561 ob

72 574 318 660 inadvcrtentianr,
342 581 523 659 balbutiem,
539 583 731 646 inveteratam
750 584 1022 666 consuetudinem,

70 679 129 762 quae
141 665 293 734 difficulter
306 671 383 734 vinci
395 677 504 753 posset.
521 673 651 734 Eoontra
664 659 799 735 mortalis
813 680 892 736 esset
906 676 1023 738 mutila·

66 755 105 831 tio
124 755 147 816 si
167 765 241 822 esset
263 779 373 842 magna
396 766 426 824 et
447 778 554 823 sensus
578 761 748 824 notabiliter
767 769 986 844 perverteretur
1013 785 1021 826 ε

69 857 123 924 qno
138 863 205 909 casu
226 850 318 932 repeti
333 849 423 912 debet
436 867 505 931 pars
523 850 675 927 mutilata,
691 850 738 913 vel
751 851 838 929 cujus
853 869 959 916 sensns
980 862 1026 916 est

69 942 242 1016 conuptus:
268 944 298 1002 et
318 939 376 1002 hoc
398 938 514 1002 etiamsi
529 938 726 1002 involuntarie
748 939 918 1002 accideret:
939 943 1025 1021 jnxta

71 1025 159 1086 tamen
179 1029 457 1092 communissimam
471 1029 662 1105 sententiam,
676 1028 746 1091 satis
761 1027 952 1111 probabiliter
966 1031 1024 1092 im-

70 1109 156 1189 pletur
173 1115 334 1200 obligatio,
354 1117 476 1202 quando
490 1123 624 1181 servatur
637 1117 738 1199 aliqua
760 1116 938 1199 significatio
958 1137 1025 1181 ver·

70 1197 185 1282 borum,
199 1207 253 1269 etsi
275 1207 305 1268 in
325 1207 448 1269 notabili
468 1207 632 1290 quantitate
646 1207 833 1270 mutilentur.
853 1207 888 1268 ln
903 1206 1024 1288 publico
1117 1263 1121 1276 ,

68 1287 172 1440 {oolliba
184 1298 277 1377 qulam
290 1296 323 1358 in
337 1297 450 1378 privato
464 1296 581 1377 peccari
595 1302 692 1377 potest
706 1295 870 1359 mortaliter
883 1295 923 1358 ob
936 1313 1024 1359 scan-

86 1397 169 1447 aum.

102 1491 183 1554 5138.
206 1490 364 1554 Probabile
377 1495 422 1554 est
434 1489 515 1573 quod
526 1490 710 1554 nonteneris
723 1494 869 1572 repetere,
886 1489 911 1553 si
920 1489 1027 1554 recites
1117 1563 1119 1568 ,

68 1591 132 1638 eum
143 1581 222 1643 socio
236 1580 290 1664 qui
304 1580 464 1643 obtruncat
477 1579 616 1661 syllabas,
629 1579 654 1642 si
668 1597 774 1642 sensns
786 1577 955 1642 notabiliter
964 1597 1025 1642 non

68 1673 204 1748 mutetur,
218 1669 265 1733 vel
288 1669 313 1732 si
327 1668 366 1732 da
379 1668 437 1731 hoo
458 1685 520 1730 non
543 1673 682 1730 constet:
702 1674 832 1729 attamen
847 1668 878 1728 S.
904 1667 1024 1747 Lignor.

68 1763 143 1834 putat
156 1777 215 1822 non
236 1757 405 1822 excusarit
427 1755 533 1818 veniali
549 1755 600 1838 qui
616 1757 720 1818 recitat
740 1773 813 1817 curn
826 1754 908 1816 socio
928 1754 1027 1816 taliter

67 1846 231 1927 mutilante,
248 1847 307 1910 nisi
329 1845 408 1910 adsit
424 1844 525 1926 aliqua
547 1859 639 1906 causa
651 1861 817 1918 excusans,
843 1841 989 1905 nimirum
1002 1843 1027 1905 si

66 1929 197 2016 Supelibr
214 1937 264 2002 vel
277 1935 334 2000 alia
348 1951 477 2018 persona
491 1932 576 1996 valde
590 1931 688 2014 gravis
702 1932 815 1995 invitet.

98 2043 182 2106 5139.
204 2043 330 2105 Certum
352 2044 397 2100 est
420 2054 483 2100 non
505 2033 674 2098 satislaoere
698 2033 834 2116 eosqui,
858 2033 1027 2098 alternatim

65 2131 219 2209 recitando,
233 2147 295 2193 non
303 2132 461 2211 expectant
469 2141 572 2188 versus
581 2123 692 2186 absolvi
701 2171 709 2202 ,
718 2123 743 2185 si
752 2121 908 2186 hocliatin
918 2123 1029 2206 magna

67 2221 232 2299 quantitate.
249 2219 292 2298 (S.
306 2218 442 2298 Lignea,
458 2213 511 2277 lib.
527 2217 562 2292 1,
579 2225 613 2276 n⁰
627 2215 710 2291 165.)

99 2335 183 2396 5110.
207 2330 267 2404 Qui
280 2328 397 2393 dubitat
408 2343 448 2390 an
457 2322 570 2407 aliquid
584 2323 728 2402 omiserit,
741 2324 821 2386 certe
830 2341 893 2386 non
909 2327 1030 2387 tenetur

63 2417 130 2482 illud
143 2421 290 2496 recitare,
314 2417 339 2481 si
352 2418 390 2480 sit
404 2413 612 2497 scrupulosum
628 2411 653 2474 si
667 2411 733 2473 talis
755 2429 818 2474 non
832 2411 889 2490 sit,
905 2429 968 2474 non
981 2418 1029 2474 te-

63 2515 144 2572 netur
165 2511 258 2573 etiam
284 2505 359 2570 illud
385 2505 510 2568 recitare
540 2501 565 2564 si
592 2500 699 2562 babeat
721 2499 853 2582 aliquam
880 2499 1029 2560 rationem

64 2599 245 2677 probabilem
258 2595 341 2680 quod
353 2595 454 2658 reverit
468 2590 646 2656 recitaverit.
659 2587 786 2669 (Bouin,
801 2587 846 2650 De
862 2585 1025 2667 Capitulis,

63 2691 161 2766 pam
182 2689 242 2766 ⁵1⁰.)

95 2775 166 2838 5ttt
177 2811 235 2840 .-
248 2775 303 2840 111.
321 2777 502 2840 Recitandae
518 2786 593 2840 sunt
607 2779 693 2842 borae
710 2778 795 2842 mollo
810 2775 962 2848 continno,
984 2791 1034 2836 or-

61 2863 155 2930 tanate
173 2886 210 2932 oc
229 2867 474 2946 temporedelito.

96 2956 368 3022 {ottobonianae
377 2976 386 3017 .·
396 2956 768 3020 οοωηιιιηθεεῑιευάεεὲ
781 2953 1035 3034 blatutinopossa

60 3044 122 3106 sine
146 3047 212 3108 ulli
240 3047 335 3108 causa
362 3045 527 3128 separari:
563 3046 596 3108 in
627 3063 691 3129 quo
734 3064 819 3119 casu,
859 3044 1035 3108 «matuti-

62 3153 174 3198 »num
197 3133 452 3198 concludendum
482 3153 556 3198 curn
583 3135 782 3200 orationeda
806 3133 909 3198 ollioio
938 3133 1033 3208 diei3

60 3243 75 3278 v
97 3223 217 3286 Laudes
233 3215 427 3286 inchoandas
443 3230 477 3285 ut
492 3223 521 3284 in
535 3225 688 3288 Psalterio
699 3249 728 3300 a,
739 3225 902 3305 respondit
914 3222 1032 3288 S-le.
1112 3269 1116 3276 -

60 3309 89 3371 in
106 3312 395 3395 Moriunopolitano.
413 3311 451 3375 18
466 3313 640 3390 maiil883,
657 3315 697 3378 ad
714 3319 746 3377 1.
763 3345 800 3363 -
830 3313 1036 3376 Probabiliter

60 3421 189 3486 quoque
213 3411 281 3467 ase
296 3401 430 3466 invicem
455 3404 593 3486 separari
629 3409 762 3486 possunt
784 3402 947 3477 Nocturni,
977 3401 1034 3464 sal·

61 3499 121 3554 tem
135 3494 162 3556 ai
184 3510 248 3557 non
272 3500 459 3574 separentur
487 3492 560 3572 plus
583 3493 678 3574 quani
701 3492 805 3556 tribus
819 3492 918 3566 boris,
944 3490 1035 3570 juxta

60 3583 226 3661 annonam
265 3585 379 3656 ritum;
407 3599 497 3644 secus
519 3581 571 3642 alii
600 3584 721 3658 dicunt,
754 3581 807 3645 sed
831 3595 941 3643 omnes
963 3595 1038 3639 con·

179 3707 260 3754 mill.
841 3686 879 3748 18
943 3759 947 3765 ¹
