2462 3972
200 211 259 268 ott
418 221 553 267 uenulae
573 220 674 266 renus
693 220 775 265 rums
796 219 941 266 caucum.

200 317 275 398 legis
288 315 382 379 civilis
395 315 567 397 prescripta
582 315 799 391 instituuntur,
815 314 1012 397 regulantur,
1027 315 1166 378 adminis-

200 411 281 468 trant
296 405 375 468 bona
391 423 399 466 τ
415 423 478 467 unc
491 403 583 466 verbo
592 404 718 466 omniuo
732 403 889 482 subjacent
898 404 1108 467 decisionibus
1117 407 1168 468 Gu

201 493 308 570 bernii,
318 500 350 556 et
362 493 463 574 quoad
476 509 583 556 eorum
594 492 781 556 existentiam
788 501 818 554 et
827 493 927 575 quoad
937 511 1048 556 omnes
1057 493 1169 556 illorum

200 581 466 645 administrationis
480 588 575 645 uetus.
598 580 681 642 Idem
694 587 740 642 est
752 580 916 644 dicendum
929 581 969 644 de
986 581 1168 644 ddministra

202 670 335 733 tionibus
347 669 541 752 hospitalium
554 689 623 751 quae
636 669 763 732 omuino
785 669 868 734 laicae
885 669 968 751 apud
990 689 1050 733 nos
1067 671 1170 734 effecta

202 766 274 822 sunt
287 767 317 822 et
330 762 347 822 b
366 759 430 822 sola
452 760 627 822 auctoritate
646 757 724 820 civili
739 759 962 822 constituuntur
975 767 1008 822 et
1021 768 1162 841 reguntur

243 851 333 910 cata.
356 849 407 911 Sic
420 855 522 912 autem
535 846 655 908 fabricae
669 845 855 928 parochiales
869 846 1052 912 ordinantur
1066 849 1099 910 in
1112 849 1168 910 Gal·

50 961 55 968 ·
106 985 110 992 .
204 939 244 1000 bh
258 955 296 999 ex
309 939 438 999 Decreta
461 939 500 998 30
521 933 754 997 decembalbbb
771 940 935 998 :constant
954 933 1170 1018 duabusparti·

158 1083 163 1092 .
192 1023 1169 1105 ‚bustConsilionempelleConsetl)etCollegioblatrieulariomm

206 1113 244 1194 (ta
258 1115 366 1176 bureau
377 1115 425 1176 des
435 1110 652 1194 marpuillierr)
668 1129 677 1174 r
692 1111 731 1174 ad
740 1111 872 1193 primum
883 1121 998 1194 spectat
1008 1113 1171 1176 deliberatio

207 1211 236 1267 ct
250 1211 379 1286 potestas
392 1200 574 1264 decernendi
592 1201 672 1262 circa
685 1218 721 1263 ea
734 1219 804 1284 qum
823 1199 961 1264 iacienda
974 1208 1050 1264 sunt
1062 1222 1071 1278 ;
1086 1203 1122 1264 ad
1134 1219 1170 1261 se·

142 1315 159 1324 ··
208 1293 344 1356 cundum
353 1291 489 1354 executio
498 1289 700 1354 resolutorum
709 1295 739 1351 et
752 1307 824 1352 cura
833 1289 985 1352 bonorum
996 1288 1170 1372 quotidiana.

248 1381 412 1444 Consilium
432 1387 535 1444 autem
559 1377 679 1441 labricae
695 1385 810 1460 septem
830 1377 876 1440 vel
890 1378 1036 1440 undecim
1051 1378 1174 1440 rnembn

211 1470 321 1534 habere
334 1467 446 1530 debet:
462 1473 579 1550 septem
599 1465 723 1548 quidem
743 1466 774 1528 in
789 1465 927 1548 paroeciis
950 1468 983 1528 in
998 1467 1111 1549 quibus
1123 1485 1175 1527 non

211 1559 321 1622 adsunt
333 1561 426 1636 hooc
439 1557 628 1633 animarum;
643 1553 786 1618 undecim
800 1557 911 1617 vendin
924 1556 1068 1637 paroeciis
1080 1555 1111 1618 in
1123 1555 1179 1636 qui·

212 1649 269 1712 bus
283 1651 375 1726 5,000
388 1651 602 1728 computantur
617 1663 625 1706 ε
639 1644 719 1706 inter
732 1643 782 1705 illa
794 1643 832 1705 de
844 1647 912 1724 jure
926 1645 1107 1708 recensendi
1119 1651 1176 1708 suu

212 1743 279 1800 tum
292 1735 442 1818 parochus
457 1741 522 1796 tum
532 1733 626 1813 Major
639 1731 864 1794 communitatis
880 1731 921 1812 (le
934 1733 1042 1812 moire)
1059 1753 1069 1809 ;
1084 1741 1177 1796 caera
1217 1789 1218 1816 ι

213 1826 367 1904 membra,
390 1829 499 1906 praeter
524 1821 691 1904 parochum
717 1827 747 1882 et
770 1822 915 1900 Maiorem
941 1823 1177 1895 communitatis,

215 1917 312 1997 primt
331 1913 395 1976 viee
417 1913 571 1993 eliguntur
589 1929 645 1993 pro
663 1911 777 1990 majore
797 1915 880 1990 parte
894 1907 933 1971 ab
946 1909 1122 1992 Episcopo,
1136 1929 1181 1992 pro

215 2005 332 2068 minore
346 2009 447 2066 autem
461 2007 543 2083 parte
557 2002 575 2062 b
589 1997 750 2062 Praefecto:
764 1998 909 2080 deinceps
921 1999 995 2062 verb
1007 2009 1181 2062 renovantur

214 2112 253 2156 ex
266 2099 369 2175 parte,
391 2089 517 2172 singulis
530 2088 685 2165 trienniis,
713 2105 767 2169 per
787 2085 966 2150 electionem
989 2087 1179 2151 laciendami

216 2181 360 2244 membris
374 2198 443 2261 quae
467 2177 606 2240 nondum
619 2184 739 2258 tempus
759 2176 952 2258 expleverunt
963 2194 1021 2259 per
1035 2177 1116 2261 quod
1128 2177 1174 2239 dre

215 2287 283 2332 rare
296 2268 385 2331 debet
399 2267 519 2330 illorum
533 2266 684 2343 officium,
699 2263 730 2326 id
743 2269 977 2330 estsexaunos.
1216 2297 1217 2318 ι

256 2357 388 2422 Fabrice
406 2356 573 2420 Consiliarii
587 2355 699 2418 debent
719 2371 785 2416 esse
805 2354 961 2435 catholici,
982 2355 1127 2431 nouum,
1146 2361 1169 2416 rt
1216 2321 1217 2411 l

216 2451 325 2514 habere
338 2449 525 2513 domicilium
541 2447 676 2512 suumin
690 2448 845 2530 parochia.

255 2543 346 2604 5313.
369 2539 535 2602 Conuenite
549 2538 662 2600 debent
673 2538 851 2620 regulariter
864 2547 970 2621 quater
990 2562 1025 2605 ιιι
1039 2563 1136 2621 anno,
1147 2541 1184 2604 ri·

216 2627 324 2693 delicet
345 2647 354 2692 ε
378 2627 530 2691 dominica
545 2626 718 2704 Quosimodo
737 2634 767 2690 et
788 2627 892 2710 primis
916 2631 1085 2695 Dominicis
1103 2633 1182 2713 julil,
1215 2679 1216 2682 ,

217 2719 348 2783 octobris
368 2724 399 2780 et
414 2717 543 2799 januarii
558 2735 566 2779 r
581 2716 743 2780 electiones
763 2717 944 2796 triennales,
965 2719 1077 2783 electio
1091 2739 1182 2784 annua

218 2809 350 2890 praesidis
364 2814 394 2871 et
407 2805 576 2882 secretarii,
591 2805 719 2868 redditio
735 2813 946 2888 computorum
966 2825 999 2870 et
1015 2809 1181 2874 deliberatio

217 2899 297 2960 circa
311 2897 476 2979 hudgetum
491 2893 666 2976 regulariter
677 2893 830 2958 dominica
844 2895 1016 2971 Ouasimodo
1026 2905 1101 2962 sunt
1110 2917 1183 2984 pera

157 3019 161 3026 -
214 2983 338 3056 pendae,
354 2981 437 3042 circa
452 2979 538 3060 quod
552 2979 781 3042 attendendum
795 2981 913 3043 recenti
937 2982 998 3064 legi
1024 2981 1066 3046 26
1077 2985 1187 3065 ianuar

216 3070 291 3132 1892
302 3077 331 3130 et
346 3069 481 3148 analoga
496 3068 624 3131 decreto
640 3067 675 3128 27
695 3067 799 3129 martii
815 3067 908 3132 1893.
1214 3119 1215 3124 ,

253 3157 344 3219 53lt.
361 3155 646 3234 Collegiumautem
657 3155 700 3237 (lu
713 3155 840 3238 bureau)
849 3159 994 3221 coalescit
1008 3177 1047 3224 ex
1056 3163 1189 3242 parocho

213 3256 243 3307 et
254 3265 290 3308 ex
303 3244 404 3306 tribus
420 3244 490 3306 aliis
506 3246 657 3308 membris
670 3245 814 3322 Consilii,
829 3266 900 3329 quae
914 3247 954 3310 ab
969 3249 1040 3331 ipso
1057 3249 1189 3314 Consilio

216 3331 650 3410 primiuudesignanturetita
665 3335 813 3416 deinceps
824 3335 907 3398 abeo
921 3341 1067 3401 renovari
1081 3339 1189 3403 debent

214 3429 248 3477 ut
264 3437 362 3480 unum
377 3437 413 3480 ex
440 3419 516 3497 ipsis
532 3430 673 3484 mutatur
689 3423 822 3503 singulis
836 3426 927 3486 annis
943 3425 990 3488 vel
1012 3427 1180 3510 reeligatur
1213 3441 1214 3480 t

253 3504 427 3584 Collegium
445 3505 533 3583 eligit
548 3511 730 3588 quotannis,
748 3511 925 3588 Praesidem,
939 3513 1150 3582 Secretarium
1166 3529 1189 3577 et

213 3591 471 3668 Tlresaurarium,
488 3599 674 3672 regulariter
689 3602 858 3663 conuenire
872 3601 1191 3688 debotsingulisrneu·
