2498 3966
301 199 386 244 sinan
408 197 568 246 saturnos,
592 215 629 226 -
655 199 841 246 nrnnunrrns.
1005 188 1059 245 ΤΠ

84 310 195 385 monii,
212 328 285 374 curn
302 309 341 372 ad
356 309 633 373 conservationem
650 325 777 410 quoque
791 315 822 369 et
834 307 1064 370 incrementum

83 400 241 464 societatis
269 400 419 463 humanat
441 399 608 480 dirigatur,
635 398 865 460 connexionem
885 406 916 458 et
935 398 1065 458 necessi·

85 489 231 552 tudinem
253 489 371 554 habere
393 507 465 551 curn
482 487 604 549 rebus'
597 488 673 566 ipsis
687 485 848 560 humanis,
847 504 940 573 quea
960 487 1066 548 matri·
1076 511 1078 518 ·

83 581 230 640 monium
263 579 391 658 quidem
417 585 664 657 consequentur,
695 574 787 636 sed
779 593 812 636 rn
840 567 954 655 genere
980 573 1064 637 civili

82 675 269 729 versantur:
280 666 447 747 dequibus
457 667 571 729 rebus
563 683 635 746 jure
645 663 821 728 decernunt
831 673 861 725 et
872 672 1066 745 cognoscunt

43 764 45 768 '
82 757 142 836 qui
158 775 201 816 rer
194 753 351 838 publicae
367 763 518 836 praesunt.

126 843 223 907 Nemo
248 853 351 906 autem
378 843 515 921 dubitat,
538 843 615 924 quin
645 843 790 906 Ecclesiae
811 842 956 907 conditor
976 841 1066 904 lesus

83 934 437 1015 Cltristus'pntestatem
462 950 590 1000 sacram,
605 933 742 996 voluerit
764 951 832 995 esse
856 951 872 993 a
897 930 981 1004 civili
1009 931 1067 994 dis·

84 1023 231 1096 tinctam,
247 1031 277 1083 et
290 1022 329 1084 ad
346 1040 418 1082 suas
435 1033 601 1100 utramque
615 1039 664 1084 res
677 1021 814 1100 agendas
832 1021 1067 1100 liberamatque

83 1109 284 1191 expeditam3
303 1111 362 1172 lroc
378 1120 485 1172 tamen
506 1110 667 1188 adjuncto,
695 1109 780 1191 quod
802 1110 926 1191 utrique
941 1109 1067 1191 expedit
1092 1166 1098 1174 .

83 1208 115 1263 et
131 1201 216 1280 quod
231 1201 357 1261 interest
380 1199 523 1262 omnium
540 1198 720 1272 hominnm,
736 1207 770 1261 ut
792 1197 971 1278 conjunctio
985 1191 1081 1260 inter

83 1306 139 1350 eas
153 1298 183 1350 et
196 1286 364 1350 concordia
381 1286 598 1358 intercederet,
616 1287 648 1348 in
666 1288 767 1368 iisque
782 1287 877 1349 rebus
906 1305 976 1366 qure
991 1287 1066 1356 sint,

83 1377 207 1439 diversa
225 1375 295 1438 licet
309 1379 441 1450 ratione,
469 1375 649 1438 communis
669 1375 751 1456 juris
772 1387 802 1438 et
820 1375 945 1458 judicii,
969 1375 1066 1438 altera

84 1467 136 1528 cni
154 1475 228 1528 sunt
251 1464 391 1530 humana
415 1465 526 1528 tradita
544 1473 727 1546 opportune
752 1473 782 1528 et
805 1474 1013 1546 congruenter
1028 1464 1068 1525 ab
1116 1539 1119 1546 .

83 1555 184 1618 altera
199 1555 359 1634 penderet,
374 1555 423 1616 cui
435 1563 509 1616 sunt
522 1553 660 1616 coelestia
673 1553 865 1617 concredita.
881 1555 1067 1635 Huiusmodi

83 1653 192 1706 autern
227 1643 467 1723 compositione,
505 1661 542 1704 ac
568 1642 630 1704 lere
659 1643 840 1713 harmonia,
874 1662 935 1704 nnn
960 1645 1067 1720 ¹solurn

84 1735 253 1815 utriusque
268 1732 431 1812 potestatis
452 1731 571 1810 optima
592 1730 674 1792 ratio
688 1731 884 1802 continetur,
901 1731 952 1792 sed
973 1733 1067 1793 etiam

85 1820 374 1901 opportunissimus
402 1827 496 1900 atque
531 1817 766 1880 efficacissimus
797 1819 908 1882 modus
936 1819 1066 1898 jurandi

86 1910 254 1971 hominum
270 1925 368 1986 genus
384 1908 416 1968 in
438 1925 475 1968 eo
491 1906 576 1984 quod
599 1907 735 1988 pertinet
753 1907 792 1968 ad
817 1907 972 1969 actionem
999 1911 1068 1971 vitae

84 1995 270 2078 etadspem
287 1995 397 2060 salutis
420 1996 629 2074 sempiternae.
653 1994 777 2056 Etenim
797 1995 877 2056 sicut
899 1996 1066 2059 hominum

86 2085 309 2165 intelligentia,
326 2083 596 2166 quemadmodum
612 2083 643 2144 in
660 2082 875 2164 superioribus
895 2087 1067 2166 Encyclieis

87 2173 212 2242 Litteris
233 2173 441 2246 ostendimus,
465 2173 491 2233 si
516 2189 588 2234 cum
616 2171 676 2234 lide
697 2171 868 2234 christiana
889 2177 1065 2248 conueniat,

87 2263 225 2324 multum
253 2261 442 2324 nobilitatur
469 2260 632 2342 multoque
661 2261 765 2322 eradit
790 2260 830 2322 ed
864 2263 1008 2327 vitandos
1031 2283 1067 2326 ac

86 2349 288 2431 repellendos
314 2367 436 2412 errores
461 2351 625 2426 munitior,
665 2350 863 2431 vicissimque
890 2351 968 2414 fides
1002 2371 1066 2415 non

87 2457 202 2522 parum
226 2437 362 2521 praesidii
386 2439 425 2498 ab
448 2438 654 2518 intelligentia
678 2447 843 2500 mutuatur
859 2455 867 2512 ς
884 2441 928 2500 sie
950 2441 1067 2522 pariter

88 2533 202 2592 sicum
217 2546 304 2590 sacra
324 2525 469 2588 Ecclesiae
494 2535 646 2609 potestate
661 2527 761 2589 civilis
783 2529 952 2590 auctoritas
967 2532 1066 2593 amice

87 2625 254 2697 congruat,
270 2635 383 2697 magna
399 2615 525 2695 utrique
538 2633 664 2678 necesse
678 2623 724 2677 est
738 2617 791 2678 liat
805 2617 946 2678 utilitatis
962 2637 1067 2682 acces·

87 2708 146 2771 sin.
170 2706 306 2769 Alterius
328 2706 413 2767 rrrim
437 2703 649 2784 amplificatur
674 2705 821 2786 dignitas,
850 2714 892 2780 et,
915 2707 1067 2788 religione

88 2803 260 2877 praeeunte,
277 2812 441 2875 nunquam
464 2795 524 2856 erit
545 2811 608 2855 non
627 2793 748 2875 iustum
768 2795 959 2874 imperium:
978 2797 1066 2860 alteri

89 2884 163 2948 rerd
178 2883 360 2963 adjumenta
377 2881 482 2944 tutelae
497 2892 527 2944 et
549 2881 743 2960 defensionis
760 2887 789 2946 in
808 2884 971 2965 publicum
992 2887 1065 2952 fide·

87 2975 167 3037 lium
182 2973 302 3056 bonum
317 2971 575 3054 suppeditentur.

128 3059 189 3124 Nos
201 3061 307 3140 igitur,
324 3060 438 3121 irarum
456 3078 562 3122 rerum
577 3061 829 3126 consideratione
842 3065 976 3145 permoti
993 3084 1064 3130 curn

87 3151 228 3215 studiose
241 3149 329 3224 alias,
346 3157 414 3211 tum
435 3149 668 3213 vehementer
661 3170 692 3212 1n
709 3153 854 3232 praesenti
870 3153 954 3216 viros
976 3161 1066 3235 prin-

93 3241 214 3321 cipesin
230 3238 430 3302 concordiam
448 3247 543 3319 atque
559 3240 739 3302 amicitiam
742 3240 959 3328 jungendam
952 3255 1066 3307 iterum

92 3328 276 3392 hortamur
269 3327 468 3430 ,iisdemque
491 3338 622 3410 paterna
639 3348 712 3392 cum
729 3329 946 3392 benevolentia
969 3332 1083 3395 veluti·

95 3418 249 3482 lenteram
266 3417 360 3498 primi
378 3417 580 3498 porrigimus,
603 3417 710 3481 oblata
731 3437 887 3498 supremae
907 3425 1067 3499 potestatis

94 3503 209 3572 llostrae
221 3505 351 3578 auxilio,
365 3505 449 3586 quod
465 3505 552 3570 tantd
564 3509 662 3586 magis
676 3515 723 3569 est
735 3507 798 3570 hnc
810 3515 1066 3586 temporeneces-
