2452 3946
278 219 281 226 ·
369 220 451 266 usco
473 221 631 272 secusous.
936 215 988 276 tet

45 312 139 392 tentia,
152 336 220 400 quae
233 325 277 380 est
290 317 435 394 tenenda,
456 318 540 397 juxta
554 321 585 382 S.
603 319 723 401 Lignor.
739 321 802 398 (tib.
817 326 848 400 6,
864 329 919 387 ret
942 327 990 406 lt).

76 408 155 468 mou.
171 441 210 454 ·-
223 410 256 470 3ο
276 407 369 468 Debet
381 423 445 467 esse
462 410 585 488 efficere:
598 408 634 470 ad
654 410 734 490 quod
751 429 810 472 non
831 415 993 494 requiritur

43 503 188 576 utsempor
200 495 345 559 efficiatur
358 495 439 576 quod
454 497 636 578 promittitur
651 516 659 558 ε
675 499 747 560 otiis
765 502 881 580 quoties
902 505 993 583 pumi-

43 589 98 644 tens
110 584 268 654 recideret,
282 586 371 646 toties
387 592 487 646 esseut
506 587 676 667 repetendae
696 589 897 653 confessiones
917 613 991 672 prce-

44 672 396 754 teritae;sedsufficitqudd
404 675 551 754 poenitens
559 675 674 738 sincere
682 687 829 758 proponat
838 691 994 759 peecatum

43 761 136 843 vitare,
150 771 180 824 et
194 761 322 844 proinde
334 779 439 825 verum
453 761 559 826 hebeat
572 766 709 827 animum
722 765 881 828 adhibendi
896 769 995 830 media

42 849 231 915 uiiitendom
247 858 405 932 peccatum
427 853 594 914 necessaria
607 860 637 914 et
655 854 810 936 signanter
825 856 996 918 occasiones

43 940 176 1020 proximas
184 939 331 1022 peccandi
341 946 393 1016 ,ut
401 940 602 1003 communiter
613 939 791 1004 dooentDD.
801 941 845 1024 (S.
859 945 994 1026 Lignum,

43 1026 154 1110 sidit.)
609 1089 614 1092 .

73 1131 223 1202 Quomodo
238 1137 341 1195 sutem
359 1150 463 1214 gerere
486 1151 519 1196 se
538 1134 644 1198 debeat
658 1136 858 1201 confessarius
870 1155 941 1202 cum
960 1138 996 1203 iis

42 1220 82 1300 qui
90 1229 245 1284 versentur
255 1221 285 1282 iu
296 1223 453 1284 occasione
463 1223 599 1305 proxima
611 1225 769 1306 peccandi,
780 1235 809 1288 ct
819 1227 917 1308 quoad
927 1247 997 1291 con·

44 1308 247 1372 suetudinerios
264 1315 296 1371 et
313 1311 477 1388 recidivus,
493 1312 559 1374 vide
577 1314 657 1390 opud
670 1313 824 1378 theotocos
846 1318 993 1396 morulas,

43 1403 117 1480 ctap.
131 1400 163 1461 S.
179 1399 307 1481 Lignor.
323 1398 392 1482 tid„
405 1399 446 1462 η’·
460 1405 618 1480 teu-465).

441 1573 522 1638 nur.
546 1575 580 1639 n.

385 1717 424 1766 u
442 1717 646 1766 consessione.
702 1767 706 1778 ,

491 1881 552 1963 §n

337 2016 383 2078 De
401 2015 493 2098 ipsios
512 2013 691 2079 necessitate.
716 2042 720 2054 ·

71 2175 153 2235 arm.
169 2169 330 2236 Confessio
343 2175 388 2233 est
400 2167 551 2233 accusatio
565 2175 755 2250 peecatorum
769 2176 837 2253 post
850 2170 998 2253 Baptisma

43 2263 281 2336 aanntssorum,
308 2258 384 2321 iacta
415 2257 561 2322 sacerdoti
581 2257 761 2341 approbato,
785 2259 818 2323 in
835 2261 941 2324 ordine
962 2261 999 2324 cd

44 2348 64 2406 ι’
73 2351 252 2412 solutionem
267 2346 473 2410 otninendam.

71 2451 252 2532 ttojosmodi
280 2449 432 2514 Confessio
454 2457 499 2514 est
522 2453 690 2514 necessaria
711 2459 776 2516 tum
793 2455 860 2534 iure
879 2455 998 2532 divino,

41 2545 91 2602 tinn
103 2545 173 2621 jure
188 2540 390 2604 eeclesiastico
406 2559 414 2601 τ
431 2544 462 2602 t·
475 2540 549 2602 lure
562 2539 660 2602 divino
669 2561 682 2603 .·
699 2564 715 2601 c
728 2543 758 2605 Si
773 2543 841 2624 quis
853 2543 960 2605 dixerit
969 2547 999 2608 in

38 2639 261 2694 »sacramento
291 2629 477 2693 Poenitentiae
508 2629 546 2692 ud
574 2623 783 2693 remissionem
810 2647 1000 2710 neocororum

37 2719 279 2784 »necessarium
298 2737 361 2782 nou
386 2737 453 2781 esse
472 2718 546 2799 jure
561 2716 660 2780 diuino
681 2717 818 2778 muirteri
844 2718 947 2778 omnia
973 2725 1002 2781 et

35 2831 47 2864 s
67 2811 189 2892 sinprta
204 2815 326 2890 paccata
347 2807 534 2886 mortalia...;
550 2805 710 2870 anathema
728 2805 776 2868 sit.
800 2805 876 2868 ulta
888 2805 997 2868 Coucit

33 2899 107 2960 Trid.
124 2903 215 2977 (sess.
232 2901 282 2974 rt,
296 2916 364 2960 cau.
380 2901 421 2976 7).
439 2951 448 2968 ,
913 2897 917 2910 ’

67 3008 161 3068 3798.
187 3003 272 3064 ttlam
296 3001 500 3064 necessitatem
527 2999 671 3080 imposuit
691 2998 824 3062 Christus
844 2997 946 3076 dando
972 2999 1002 3062 in

34 3100 215 3174 perpetuum
223 3093 285 3153 suis
293 3091 441 3172 Apostotis
449 3099 478 3152 ct
487 3089 630 3152 corumin
641 3086 806 3150 sacerdotio
815 3089 1002 3151 Successori-

34 3175 301 3262 responsorem,
317 3197 378 3241 non
392 3181 508 3242 tantum
523 3177 691 3240 remittendi
706 3176 898 3258 pcccatnsed
913 3177 1002 3240 etiam

35 3269 215 3331 retinendi:
244 3269 289 3330 sic
313 3269 395 3330 enini
422 3266 565 3348 imposuit
591 3267 797 3328 necessitatem
829 3267 1002 3331 recurrendi

33 3357 66 3418 ed
77 3356 428 3420 ittorumministerium:
443 3355 575 3438 alioquin
629 3353 737 3417 frustm
750 3354 793 3416 eis
806 3353 936 3418 dedisset
949 3377 1001 3439 po

33 3451 172 3507 testatem
187 3456 307 3527 peceato
325 3445 471 3508 retinendi
485 3465 493 3520 ;
509 3443 717 3524 sedquoniam
734 3443 855 3505 aliunde
870 3444 1003 3508 Christus

33 3535 75 3596 eis
90 3552 157 3596 non
171 3533 251 3596 dedit
261 3543 434 3616 potestatem
448 3530 620 3595 remittendi
631 3531 686 3593 nisi
704 3540 824 3612 peccata
837 3552 905 3613 quae
918 3534 1004 3595 venit

33 3620 224 3702 dignasunt,
236 3629 268 3685 ct
279 3622 428 3686 retinendi
440 3622 495 3684 nisi
511 3639 626 3702 eaquae
636 3620 1004 3690 tativenitsuntindignm
