2416 3954
430 219 515 266 traca
536 221 695 270 succuum.
990 209 1043 270 llll

86 337 98 370 a
120 315 308 398 portionale?
322 317 438 398 Negant
450 318 542 400 aliqui
566 321 645 400 apud
665 323 850 399 Suarez....,
875 321 928 386 sed
952 323 1051 386 verius

85 429 97 460 a
119 405 265 467 alllrmant
279 407 399 481 Suarez,
415 413 527 470 etc....:
545 426 601 470 nec
623 408 719 472 obstat
742 411 777 474 n.
793 412 944 488 Thomas,
962 411 991 473 in
1006 418 1049 489 4⁰,

84 516 97 549 a
118 497 165 566 28,
180 513 212 576 q.
229 499 325 568 t‚art.
342 497 412 572 3...;
428 513 498 588 nam
510 495 549 558 ibi
565 498 596 558 S.
609 498 718 560 Doelor
729 509 816 582 negat
827 501 938 584 requiri
949 519 1050 582 aequa·

84 603 96 636 a
118 581 227 646 litatem
251 601 378 666 operum
397 603 469 648 cum
492 587 582 666 poent
603 584 703 649 debita
726 577 843 671 culpis,
870 610 931 654 non
950 601 1050 654 autem

83 671 341 754 »proportionem
364 691 434 736 cum
457 673 556 755 culpt.
573 673 655 737 ldern
683 678 774 738 sentit
800 679 1048 758 Bollarminus...;

83 782 96 815 r
118 762 167 823 sed
189 761 266 824 bene
283 762 409 826 advertit
429 780 489 824 non
512 781 578 826 esse
592 763 780 827 subditorum
792 768 927 846 judicare
947 777 1048 833 ulrum

83 871 96 905 r
118 868 205 914 causa
219 852 300 931 iusta
318 852 355 914 sit
381 852 424 915 rel
446 870 506 914 non
519 871 528 930 ;
543 851 655 915 debent
676 853 760 915 enim
781 857 956 938 simpliciter
976 859 1051 923 exis-

82 961 95 994 u
117 939 222 1005 limare
233 941 343 1021 iustam
354 959 462 1004 esse.»

117 1031 205 1092 4557.
232 1052 248 1090 c
271 1029 315 1091 ld
330 1030 409 1092 hanc
426 1037 527 1094 aulem
554 1033 780 1114 proportionem
800 1031 863 1096 duo
886 1035 1052 1116 presertim

81 1140 94 1172 a
117 1120 331 1200 requiruntur,
356 1119 455 1202 inquit
484 1120 647 1202 Theologia
670 1121 818 1184 'tolosana
848 1121 893 1202 (de
916 1122 1051 1204 Indulp,

82 1228 94 1260 »ν
116 1226 181 1290 cap.
200 1211 213 1269 l
229 1256 238 1284 ,
253 1216 308 1270 art.
325 1211 360 1286 3,
376 1227 460 1290 prop.
480 1213 676 1292 2,quoeres):
701 1215 732 1273 l⁰
756 1222 790 1275 ut
808 1211 993 1275 concedatur
1007 1213 1052 1274 in·

82 1318 94 1351 c
116 1295 269 1379 dulgentia
283 1297 322 1360 ob
341 1297 425 1378 pium
446 1297 578 1380 aliquem
602 1299 712 1379 licem,
736 1302 823 1379 cuius
846 1300 994 1364 assecutio
1016 1303 1054 1364 sit

81 1407 95 1442 n
117 1388 214 1467 magis
229 1387 290 1449 Deo
308 1386 474 1450 honorifica
492 1397 522 1450 et
536 1389 678 1452 Ecclesiae
698 1389 780 1453 utilis
793 1392 886 1471 quam
901 1391 1053 1453 Poeniten·

81 1497 93 1531 n
115 1475 193 1538 ticlis
207 1474 367 1538 satisfactio
382 1493 450 1556 quae
471 1495 525 1558 per
549 1476 768 1559 indulgentiam
790 1478 960 1555 relaxetur;
977 1481 1007 1541 2⁰
1021 1487 1053 1544 ut

57 1628 60 1638 ,
80 1587 98 1640 υ,
116 1564 152 1642 ad
167 1564 389 1646 indulgentiam
405 1564 485 1626 illam
500 1565 726 1647 percipiendam
741 1585 818 1648 opus
832 1567 952 1646 aliquod
961 1587 1053 1649 praes-

79 1677 92 1708 »
115 1655 264 1727 criuntur,
288 1653 370 1736 quod
389 1659 492 1734 aptum
512 1655 550 1716 sit
570 1659 600 1716 et
620 1655 692 1717 utile
712 1655 750 1717 ad
768 1655 863 1717 linem
878 1654 963 1718 illum
978 1675 1054 1720 asse-

80 1766 92 1798 r
115 1743 275 1826 quendum
288 1763 296 1804 ι
311 1762 339 1805 v.
357 1761 400 1824 3.,
417 1743 538 1825 quando
553 1743 584 1805 S.
600 1743 738 1806 Pontifex
760 1744 877 1825 aliquas
899 1762 1006 1826 preces
1025 1751 1056 1806 et

78 1854 92 1888 n
115 1835 173 1896 alia
189 1834 307 1912 pletatis
334 1851 426 1914 opere
445 1851 500 1912 pro
518 1831 674 1893 haereseon
697 1833 894 1913 extirpatione
913 1839 942 1894 el
961 1832 1053 1896 chris-

79 1945 92 1978 o
115 1924 268 1985 lianorum
284 1922 456 2004 Principum
470 1939 543 2002 pace
558 1922 714 2002 praecipit,
729 1921 800 1983 linis
814 1939 906 2002 quem
918 1921 973 1983 sibi
989 1941 1055 2004 pro·

78 2034 92 2068 a
116 2013 202 2094 ponit
214 2013 246 2074 S.
263 2009 436 2073 Pontifex...
453 2017 498 2072 est
512 2011 616 2091 procul
631 2009 725 2072 dubio
739 2011 871 2073 maxime
886 2013 947 2072 Deo
961 2011 1055 2075 hono

78 2124 92 2158 a
115 2101 221 2164 ritrcus
243 2107 272 2164 el
293 2100 434 2163 Ecclesia
455 2099 554 2176 utilis;
578 2101 650 2162 item
674 2118 767 2182 opere
789 2099 827 2162 ad
851 2100 943 2163 linem
968 2102 1053 2166 illum

78 2211 92 2247 n
116 2189 319 2253 obtinendum
340 2190 476 2269 injuncta
493 2188 531 2251 ad
552 2188 583 2251 id
602 2189 756 2272 aptissima
778 2196 867 2269 sunt,
893 2197 926 2254 ut
949 2209 1002 2273 per
1022 2211 1055 2254 se

77 2303 91 2337 a
115 2287 216 2363 patet:
232 2287 262 2340 el
276 2281 319 2342 sic
332 2287 466 2342 servatur
477 2280 642 2361 proportio.
660 2302 675 2338 n

115 2373 208 2434 4558.
234 2367 404 2450 Aliquando
423 2375 524 2429 umen
547 2385 699 2432 concessae
713 2367 797 2432 fuere
811 2368 967 2431 autetiam
980 2386 1054 2430 con-

77 2461 229 2524 ceduclur
251 2457 351 2520 adbuc
371 2455 564 2538 indulgentiae
585 2458 700 2538 absque
723 2459 911 2535 iniunctione
934 2457 1054 2536 operis,

78 2549 202 2630 quando
223 2565 334 2629 nempe
354 2547 501 2608 assecutio
518 2544 586 2608 finis
607 2543 802 2626 indulgentiae
818 2563 879 2606 non
894 2544 1005 2624 pendet
1019 2544 1056 2604 ab

77 2657 169 2721 opere
181 2657 189 2700 :
207 2637 251 2700 sic
264 2637 349 2713 olim,
360 2635 474 2717 absque
488 2635 674 2714 iniunctione
685 2633 797 2714 operis,
812 2631 1056 2694 concedebantur

78 2727 276 2810 indulgentie
285 2725 322 2787 ad
338 2743 440 2807 preces
455 2734 621 2806 martyrum
633 2724 665 2784 iu
680 2721 851 2784 carceribus
864 2720 1056 2781 detectorum

76 2823 111 2880 ut
126 2817 233 2880 fideles
245 2823 402 2878 cernentes
421 2814 495 2876 tanti
510 2812 574 2875 lieri
592 2811 715 2873 illorum
736 2827 840 2892 preces
854 2807 1056 2872 accenderen-

77 2913 126 2969 tur
146 2907 187 2970 ad
215 2905 290 2990 illos·
305 2902 485 2967 imitandum
504 2919 514 2964 ι
538 2901 581 2964 sic
604 2899 715 2983 pariter
737 2899 921 2981 quandoque
944 2897 1058 2980 absque

77 2997 269 3076 injunctione
282 2995 382 3076 operis
395 2990 571 3056 conceditur
585 2988 785 3070 indulgentie,
798 2989 964 3052 inarticulo
974 3007 1057 3051 mor-

77 3086 137 3160 tis,
150 3083 328 3148 bominibus
340 3082 379 3146 de
393 3082 525 3146 Ecclesia
539 3081 617 3142 bene
631 3079 763 3158 meritis,
779 3081 851 3162 quia
865 3079 970 3141 merila
986 3099 1058 3160 praa

78 3175 231 3252 cedentia,
244 3174 350 3254 juncta
364 3190 436 3236 cum
450 3173 583 3233 extrema
598 3169 774 3233 necessitate
789 3217 797 3244 ,
817 3187 908 3232 causa
921 3168 1059 3231 videnlur

78 3265 252 3342 sufficiens;
269 3263 400 3326 maxime
414 3278 486 3324 cum
500 3257 610 3322 exinde
628 3257 733 3322 fideles
747 3259 915 3322 excitemur
929 3265 962 3319 ut
976 3257 1058 3319 simi-

77 3355 149 3418 liler
164 3355 243 3417 bene
258 3349 475 3415 mereanturde
484 3347 715 3412 Ecclesit.llide
727 3349 852 3412 Billuart
866 3347 915 3429 (de
926 3345 1058 3428 Indole,

77 3451 137 3508 art.
152 3449 192 3522 ll,
206 3443 271 3505 dico
285 3447 327 3519 l·,
340 3442 370 3502 ,a
384 3438 472 3516 Diei,
487 3440 569 3518 etc).

119 3539 211 3596 4559.
237 3534 270 3593 ln
293 3531 339 3594 lris
361 3529 498 3604 casibus,
514 3535 549 3590 ut
567 3533 664 3610 petet,
681 3527 766 3591 adest
788 3545 907 3606 semper
931 3523 1062 3603 legitima

78 3641 191 3700 causa,
206 3639 277 3706 quae
303 3621 405 3684 rever‘a
428 3635 548 3699 semper
565 3616 670 3678 adesse
694 3617 782 3678 debet
800 3636 807 3676 :
823 3613 955 3690 alioquin
981 3607 1061 3665 nulla
