2462 3972
210 179 272 242 tlt
440 197 578 242 ulnulas
598 197 698 243 aerius
717 196 801 242 sunu
823 197 975 246 ennomm.

211 300 256 356 est
283 293 444 358 dicendum
470 293 508 356 de
535 293 718 376 obligatione
743 295 876 358 solvendi
905 297 1057 360 tributum
1078 317 1087 360 :
1108 298 1183 364 istud
1218 331 1219 384 i

210 382 291 444 enim
303 382 371 445 ideo
383 391 428 446 est
441 382 620 446 solvendum
634 383 706 464 quia
716 383 833 447 bonum
846 389 891 448 est
904 385 964 448 sub
974 385 1183 466 jurisdictione

209 471 354 533 tributum
374 471 556 552 imponentis
576 491 584 533 ε
606 471 697 554 pond
718 471 840 555 quando
861 473 980 538 bonum
999 475 1135 537 transivit
1152 477 1179 538 iu
1218 473 1219 496 ¹

209 575 318 622 nunus
338 560 480 623 Ecclesiae
500 578 563 624 non
585 561 715 643 amplius
729 568 774 624 est
793 561 850 626 sub
862 562 1077 642 jurisdictione
1098 563 1179 628 tribu

208 651 273 710 tum
287 648 374 712 civile
388 649 586 730 imponentis;
599 669 672 730 ergo
684 669 747 712 non
761 650 892 732 emplius
904 651 1021 714 tributo
1035 661 1082 715 est
1093 653 1178 716 oboo
1218 727 1219 742 χ

209 735 304 798 nium.
321 739 383 800 Nee
404 738 482 800 valet
501 738 601 802 dicere
614 738 787 820 Principem
805 738 849 802 sic
866 738 1087 803 detrimentum
1103 743 1177 823 pati:

208 841 280 886 nam
294 827 385 890 etiam
394 825 609 890 detrimentum
619 827 731 910 patitur
743 845 815 892 casu
824 847 886 910 quo
898 827 981 892 bona
994 836 1069 892 sunt
1077 831 1179 912 prioris

209 915 346 993 generis,
361 921 504 998 praeteres
517 915 732 979 detrimentum
745 915 827 999 quod
841 917 951 999 patitur
968 925 1178 1000 compensetur

209 1019 264 1082 per
276 1002 494 1087 aliabonaquae
505 1003 560 1085 ipsi
570 1005 883 1087 proveniuntexbono
896 1024 953 1068 usu
968 1024 1076 1068 rerum
1084 1008 1178 1071 Eoole

210 1091 261 1154 siae
275 1091 486 1175 elargitamm:
501 1093 566 1156 haec
581 1093 714 1156 secunda
728 1095 873 1156 sententia
887 1094 983 1156 multd
997 1095 1179 1159 conformior

210 1179 325 1244 videtur
341 1201 408 1265 cup.
432 1182 507 1259 (lain
525 1181 660 1244 nonnulli
682 1201 773 1264 supm
794 1183 904 1260 relato,
919 1184 951 1245 in
971 1203 1036 1264 quo
1053 1183 1174 1248 dicitur:

214 1293 229 1330 n
250 1270 439 1334 Decnnimns
454 1290 517 1334 non
530 1271 658 1336 licere...
674 1271 845 1335 exactiones
857 1290 1069 1354 quamumque
1088 1274 1176 1337 eoele-

209 1381 225 1418 »
249 1359 320 1436 siis,
349 1360 395 1422 vel
418 1360 557 1440 personis
577 1359 785 1424 ecclesiasticis
806 1359 964 1443 imponere
987 1363 1074 1443 (quae
1093 1362 1177 1424 serbe

209 1469 224 1508 a
249 1447 374 1529 intelligi
383 1447 495 1511 debent
503 1448 541 1511 de
549 1449 668 1528 tributis
676 1468 745 1531 quae
758 1455 824 1532 post
837 1449 1033 1513 donationem
1042 1451 1179 1515 mesu

210 1557 224 1596 r
249 1535 357 1599 leolam
368 1537 650 1618 statuerentur),vel
659 1539 777 1620 exigere
791 1537 829 1601 ab
838 1537 952 1600 eisdem
962 1557 1019 1621 pro
1028 1539 1176 1618 domibus,

210 1648 225 1686 o
250 1625 387 1708 praediis,
401 1625 446 1688 vel
465 1626 710 1710 quibuscumque
731 1627 990 1710 possessionibus,
1013 1628 1053 1690 ub
1077 1629 1178 1692 iisdem

209 1736 225 1776 n
250 1714 419 1797 acquisitis,
440 1713 487 1777 vel
501 1714 532 1777 in
553 1721 708 1797 postemm
722 1715 941 1798 acquirendis»
958 1735 968 1778 ι
986 1735 1059 1798 quse
1079 1718 1180 1780 ultima

211 1805 300 1868 verba
318 1803 486 1866 necessario
504 1810 575 1866 sunt
592 1803 770 1886 applicanda
789 1805 879 1868 etiam
901 1803 1023 1868 tributis
1036 1807 1181 1889 impositis

210 1902 371 1974 antequam
391 1893 471 1954 bona
491 1893 523 1954 in
544 1893 766 1975 possessionem
784 1893 925 1958 Ecclesiae
944 1895 1097 1958 venerint
1112 1896 1181 1959 Vide

210 2003 259 2064 ap.
276 1985 311 2044 lt.
328 1981 366 2045 de
380 1985 420 2044 M.
433 1983 517 2060 (tom.
534 1986 564 2060 2,
580 2002 611 2064 p.
627 1985 710 2059 386).

250 2075 337 2134 5292.
362 2071 483 2143 Ouaerit.
502 2075 533 2134 2⁰
546 2075 590 2133 dn
600 2070 639 2134 ite
650 2071 687 2134 sit
694 2070 879 2154 prohibitum
891 2071 1004 2136 tributa
1018 2071 1135 2138 solvere
1147 2093 1178 2135 er

210 2159 296 2223 lionis
303 2159 522 2240 ecelesiasticis,
531 2166 564 2223 ut
571 2159 601 2222 id
611 2161 966 2243 nunquumleanonibus
972 2163 1177 2244 permittetur?

249 2251 339 2330 Hesp.
355 2249 517 2329 Negative:
536 2249 568 2310 in
588 2249 722 2331 ipsismet
734 2250 817 2313 enim
836 2249 1007 2314 canonibus
1021 2253 1171 2334 praeriden-

210 2345 259 2400 tun
282 2356 370 2400 casus
392 2337 425 2398 in
452 2337 562 2419 quibus
585 2337 656 2402 licet
679 2357 719 2402 ex
742 2339 830 2402 bonis
854 2338 997 2404 Ecclesiae
1026 2338 1173 2404 subuenire

211 2426 437 2490 necessitatibus
450 2429 550 2490 Status
563 2427 657 2490 civilis
672 2447 681 2490 ι
696 2429 737 2490 ito
751 2447 782 2491 se
795 2427 886 2492 hebet
899 2447 966 2511 cap.
982 2429 1056 2494 ivon
1069 2431 1178 2504 nunu,

211 2517 245 2580 de
259 2517 407 2580 imminit.
427 2517 560 2579 Ecaten:
579 2517 754 2590 «Quocirca
773 2517 830 2580 sub
849 2517 1052 2582 anathematis
1074 2518 1183 2582 distrie

211 2626 227 2666 a
251 2607 334 2669 tione
348 2606 412 2668 fieri
425 2605 464 2668 de
477 2611 585 2669 caetero
597 2606 669 2668 talia
682 2605 896 2689 prohibemus,
907 2607 965 2670 nisi
981 2607 1148 2691 Episeopru
1159 2615 1184 2667 et

211 2717 227 2757 n
250 2696 345 2760 clerus
364 2702 476 2758 tuntum
495 2695 693 2758 necessitatem
713 2693 759 2758 vel
771 2695 933 2759 utilitatem
946 2697 1143 2778 aspexerint,
1157 2703 1186 2756 ut

211 2807 227 2848 o
251 2785 357 2869 ubsque
369 2785 432 2847 nlld
445 2785 610 2860 exactione,
625 2783 666 2847 od
683 2783 852 2847 relevandos
863 2803 1028 2847 communes
1041 2786 1186 2848 utilitates

213 2897 229 2937 ι
252 2876 298 2938 uel
311 2875 512 2954 necessitates,
527 2873 579 2936 nli
597 2873 739 2936 laicorum
754 2893 811 2936 non
829 2879 986 2956 suppetunt
1005 2873 1184 2955 facultates,

211 2985 236 3024 o¹
251 2963 380 3026 subsidia
392 2983 447 3046 per
459 2962 592 3026 ecclesias
607 2961 778 3025 existiment
787 2959 1002 3044 consuendo.»

252 3055 341 3114 5293.
363 3051 478 3114 Eadem
501 3053 643 3134 leguntur
664 3050 696 3114 in
718 3049 963 3134 cupedenses,
981 3051 1126 3131 ejusdem
1146 3052 1186 3112 tit.

212 3143 343 3203 extracta
369 3156 406 3202 ex
433 3139 548 3203 Concil.
570 3140 708 3203 Luteron.
734 3141 793 3218 tt,
820 3138 872 3202 ubi
891 3138 1016 3222 insuper
1042 3139 1187 3203 additur:

217 3251 232 3288 n
253 3226 389 3289 Praedieti
406 3227 472 3290 laici
487 3227 641 3291 humiliter
656 3235 687 3292 et
704 3227 812 3292 devote
830 3225 978 3310 recipiant
990 3246 1065 3292 cum
1081 3230 1189 3311 gratiu-

212 3337 228 3376 n
253 3331 322 3375 rum
331 3314 461 3390 actione;
474 3322 597 3399 propter
608 3316 843 3400 imprudentiam
854 3323 955 3381 umen
970 3316 1188 3399 quorumdem.

212 3421 228 3460 a
253 3403 407 3464 Romanus
419 3403 556 3466 Pontifex
570 3405 837 3487 priuseousulatur
848 3451 857 3485 ,
868 3406 954 3486 cujus
964 3407 1092 3470 interest
1105 3423 1189 3468 corn·

211 3487 395 3552 »munibus
419 3489 596 3557 utilitatibus
622 3494 790 3577 providere.
817 3515 834 3555 r
863 3497 899 3558 ln
926 3493 1060 3559 Concilio
1088 3502 1190 3558 eutem

213 3569 366 3636 Constant.
391 3577 474 3656 (sess.
487 3581 553 3658 ta),
573 3582 723 3646 sancitum
744 3581 823 3646 luit:
843 3603 858 3644 a
877 3583 935 3648 Per
956 3583 1010 3646 SS.
1027 3581 1191 3648 Pontifices
