2420 3968
422 263 507 310 uam
527 262 685 309 secuunus.
981 251 1038 312 cti

65 358 129 421 ‹luo
143 368 309 442 praesertim
332 368 507 442 supponunt
529 360 665 424 videlicet
684 362 821 429 animum
835 383 889 427 seu
903 365 1039 427 intentio

65 466 137 510 nem
153 449 257 511 orandi
272 457 301 514 et
315 453 378 513 Deo
392 450 534 524 vacandi,
547 457 578 513 et
590 451 821 534 applicationem
835 455 944 518 mentis
957 455 994 516 ad
1010 453 1039 516 id

64 537 149 619 quod
173 539 287 602 orando
301 541 418 622 agitur3
438 542 529 622 porro
546 541 672 604 intentio
691 547 737 605 est
756 551 840 606 actus
859 543 1038 620 voluntatis,
1199 521 1200 528 ἵ

63 629 191 692 attentio
204 637 305 694 autem
319 635 366 693 cst
379 638 462 694 actus
476 630 655 694 intellectus.

65 791 67 796 .
103 721 196 782 alst.
208 719 328 783 Certum
342 725 387 782 est
400 719 438 782 ad
452 719 659 784 recitationem
668 720 806 784 breviarii
814 723 926 805 requiri
941 722 1036 786 inten-

63 807 180 872 tionem
201 809 324 888 orandi,
348 807 480 891 alioquin
508 809 574 872 haec
595 809 728 872 recitatio
755 829 817 873 non
839 819 917 874 esset
938 815 1038 876 reveri

62 897 160 960 oratio
180 897 233 960 sed
254 898 362 974 lectio;
377 898 430 960 sed
448 897 512 961 llaec
530 898 656 961 intentio
677 917 739 960 non
761 897 851 962 debet
870 904 1039 966 necessario

62 1007 130 1051 esse
144 987 269 1052 actualis
282 993 313 1050 et
325 987 483 1070 explicita,
497 987 608 1051 sullicit
625 987 708 1070 quod
731 988 769 1051 sit
786 987 919 1052 virtualis
938 995 967 1052 et
981 991 1038 1052 im·

62 1077 179 1161 plicita,
196 1077 340 1139 nimirum
350 1077 375 1139 si
385 1076 423 1141 de
436 1095 522 1140 more
531 1077 714 1140 breviarium
724 1077 852 1160 accipias
861 1077 1038 1141 utofficium

63 1167 191 1248 impleas
213 1167 256 1230 uti
276 1167 354 1230 soles
370 1187 377 1228 :
394 1167 433 1230 ita
455 1168 658 1230 communiter
677 1169 762 1244 DD.;
786 1165 848 1230 imo
871 1185 929 1230 nec
949 1167 1038 1230 etiam

62 1257 228 1339 requiritur
242 1263 275 1320 ut
286 1257 355 1338 quis
368 1257 436 1320 velit
445 1273 534 1320 suum
543 1255 680 1320 debiturn
690 1256 827 1338 implere,
838 1255 1039 1339 sufficitquod
1060 1274 1063 1278 ·

61 1346 134 1409 uelit
146 1364 253 1425 orare,
268 1346 322 1408 etsi
337 1345 429 1408 nollet
442 1345 569 1428 implere
579 1363 669 1409 suum
682 1344 817 1409 cilicium
830 1393 838 1426 ,
853 1345 926 1430 qnia
939 1345 1039 1409 Eccle-

60 1437 106 1499 sio
122 1435 197 1498 nihil
212 1435 292 1498 aliud
306 1435 411 1517 poscit.
740 1501 744 1509 ,

101 1529 193 1588 stus.
216 1528 260 1587 De
279 1525 458 1602 attentione,
482 1543 531 1588 res
554 1543 616 1587 non
637 1525 712 1589 adeo
734 1526 849 1608 liquet:
863 1529 981 1589 certum
995 1531 1040 1589 est
1123 1535 1124 1538 ’

60 1613 145 1678 enirn
159 1614 240 1698 apud
261 1633 368 1678 omnes
390 1615 516 1677 minime
538 1611 678 1695 impediri
700 1615 946 1696 adimpletionem
961 1633 1038 1696 prae·

59 1704 141 1786 cepti
164 1703 253 1768 horas
274 1704 419 1767 recitandi
441 1721 494 1785 per
517 1702 725 1765 distractiones
747 1704 963 1766 involuntariae
977 1723 984 1764 :
1000 1721 1039 1765 an

59 1799 164 1857 autem
187 1793 368 1876 impediatur
388 1811 442 1876 per
463 1791 665 1870 voluntariae,
690 1791 821 1854 multum
844 1790 1036 1873 disceptatur.

59 1887 99 1948 Ut
114 1889 215 1948 autem
229 1883 412 1964 intelligatur
426 1881 572 1963 expositio
586 1880 736 1942 variarum
749 1879 788 1942 de
801 1879 859 1943 hle
872 1879 1039 1961 quaestione

59 1972 415 2054 sententiarum,dupler
426 1987 523 2053 genus
535 1969 707 2046 attentionis
718 1976 763 2032 est
772 1967 1036 2051 distinguendum:

59 2061 337 2127 unumattentionis
349 2059 427 2122 meri
439 2067 580 2135 extare,
592 2065 622 2122 et
630 2059 780 2123 alternum
790 2059 881 2122 etiam
892 2059 1038 2123 interne:

61 2159 184 2216 externa
198 2151 345 2228 habetur,
362 2151 433 2213 curn
457 2167 519 2211 non
541 2149 663 2231 ponitur
687 2149 764 2212 actio
786 2149 1038 2232 incompossibilia

58 2259 132 2305 cum
144 2241 311 2324 attentione
325 2237 477 2316 interiori,
490 2245 524 2300 ut
533 2245 610 2300 esset
619 2236 765 2312 fabulare,
775 2239 917 2315 scribere,
927 2241 1038 2300 attente

56 2331 135 2395 alios
148 2329 252 2394 audire
263 2330 437 2410 loquentes,
452 2327 588 2390 celeriter
602 2346 635 2390 se
649 2328 768 2404 vestire,
784 2331 896 2408 magnt
909 2326 1039 2409 applica-

55 2421 142 2484 tione
155 2418 269 2503 aliquid
279 2436 387 2499 agere:
403 2425 526 2480 econtra
539 2416 750 2498 compossibile
764 2422 844 2479 esset
856 2433 927 2478 cum
940 2421 1036 2477 atten-

55 2511 143 2574 tione
156 2509 273 2572 internt
286 2505 457 2581 ambulare,
474 2525 506 2568 se
521 2506 630 2584 lavare,
646 2523 679 2568 se
694 2505 822 2568 induere
835 2523 898 2566 non
911 2505 1038 2565 omnino

57 2608 267 2684 properanter,
279 2597 427 2659 instruere
440 2594 562 2673 locum,
577 2600 711 2656 sternere
726 2591 848 2670 lectum,
861 2597 980 2672 pectere
993 2611 1038 2654 ea·

57 2697 125 2774 put,
141 2690 292 2771 respicere
305 2685 434 2764 collem,
450 2684 585 2760 flumen,
603 2690 675 2760 ete,
687 2687 719 2745 et
729 2681 787 2744 alia
797 2680 906 2744 similia
919 2678 1035 2759 lacere,

57 2784 122 2843 non
141 2783 244 2840 tamen
259 2775 404 2838 immunis
417 2780 495 2837 esset
508 2773 546 2834 ab
560 2773 662 2854 alique
674 2772 765 2854 culpa
778 2771 885 2833 saltem
899 2769 969 2849 leri,
984 2773 1035 2852 qui

56 2869 124 2934 sine
138 2869 239 2950 alioue
256 2865 430 2928 necessitate
443 2863 508 2925 haec
523 2867 625 2944 ageret
635 2861 725 2924 horas
739 2859 907 2923 recitando.

99 2957 232 3020 Attentio
245 2955 364 3017 interna
385 2953 510 3014 habetur
534 2954 606 3014 cum
625 2949 787 3013 attenditur
805 2949 851 3012 vel
874 2947 912 3011 ad
926 2948 1035 3028 verba,

55 3049 103 3113 rel
117 3046 156 3111 ad
170 3063 305 3124 sensum,
315 3043 361 3106 vel
375 3042 413 3105 ad
428 3043 525 3104 Deum
542 3061 549 3102 :
565 3041 689 3103 attentio
702 3038 741 3102 ad
754 3038 845 3102 rerba
857 3037 941 3102 adest
964 3038 1036 3100 clrm

55 3137 222 3203 attenditur
234 3134 272 3198 ad
286 3133 337 3196 illa
347 3135 428 3196 recte
442 3128 637 3215 proferenda,
654 3135 684 3192 et
694 3130 778 3210 juxta
793 3127 1035 3192 communiorem

54 3226 239 3292 sententiam
248 3223 313 3286 haec
322 3222 446 3285 attentio
456 3219 567 3283 suflicit
576 3220 608 3281 in
619 3219 793 3282 recitatione
805 3217 951 3281 horarum
965 3236 1035 3280 cum

55 3315 226 3380 intentione
240 3311 373 3396 generali
388 3309 507 3375 colendi
522 3312 631 3373 Deum.
1048 3373 1053 3380 ,

97 3409 188 3470 5t56.
205 3405 258 3466 His
271 3402 438 3484 explicatis,
453 3400 780 3480 duaesuntpraesertim
792 3400 1036 3461 sentcntiaecirea

53 3496 257 3580 quaestionem
272 3492 475 3574 propositam,
491 3507 601 3571 nempe
621 3491 646 3550 ai
663 3488 787 3550 anantio
801 3487 919 3548 interna
932 3487 971 3548 eit
984 3505 1035 3548 re-

52 3585 169 3670 quisita
190 3582 228 3645 ad
248 3581 455 3661 impletionem
478 3578 621 3661 praecepti
643 3576 733 3638 horas
753 3573 897 3638 recitandi
914 3593 921 3634 ε
936 3573 1035 3653 primo

51 3673 252 3739 communior
264 3669 409 3750 affirmat,
430 3667 470 3732 oh
489 3667 675 3746 praecipuam
702 3663 849 3728 rationem
868 3660 950 3742 qu'od
969 3659 1035 3722 sine
