2434 3940
2 223 41 282 aa·
108 181 117 188 .,
219 211 274 274 tae
437 225 575 272 urantur
596 226 698 274 rorrus
718 226 801 274 roais
821 225 970 275 cauourcr.

218 320 270 384 sed
287 322 358 384 cdm
379 322 568 385 Montunishe
588 322 741 385 catholicis
755 323 971 405 exprobrarent
991 327 1072 407 qudd
1086 330 1177 394 indul-

219 418 322 492 gerent
347 411 527 490 idololatris,
547 413 672 474 maechis
692 418 723 474 et
745 411 923 487 homicidis,
945 415 1076 477 Ecclesia
1097 423 1179 502 cupit

219 517 287 562 curn
303 499 337 561 iis
350 501 482 563 sevcribs
497 519 601 584 agere;
619 501 755 564 nondum
769 509 870 564 tamen
884 503 1011 566 instituit
1024 511 1179 572 solemnem

220 589 438 668 poenilentiam.

258 679 347 740 aaut.
368 679 506 742 «Exortt
526 681 597 744 rard
618 680 697 744 circa
711 679 845 743 medium
862 681 940 744 tertii
959 683 1061 746 saeculi
1081 683 1180 752 heresi

218 789 234 826 a
260 769 513 848 novatianorum,
546 770 598 850 qui
629 769 816 831 Montanistis
847 771 945 849 Juncti
986 777 1181 854 peccatoribut

218 884 234 922 a
258 859 501 944 quibuscumque
511 859 705 939 quantumuis
718 859 931 940 poenitentibus
941 861 1058 924 veniam
1068 870 1098 925 et
1108 885 1182 930 com-

219 975 233 1007 a
258 949 435 1011 munionem
454 947 663 1026 denegandam
686 965 750 1009 esse
771 947 1010 1027 contendebant,
1026 959 1114 1034 atque
1133 957 1182 1019 sub

220 1061 232 1096 e
258 1039 393 1116 specioso
407 1035 571 1116 discipline
581 1037 644 1098 zelo
654 1037 931 1100 contraEcclesiam
949 1042 1033 1121 quasi
1047 1044 1181 1122 pollutam

219 1152 232 1184 a
258 1125 538 1202 debacchabantur,
555 1127 591 1186 ed
606 1125 726 1205 quod...
742 1125 882 1188 facilitate
897 1129 992 1190 venire
1007 1130 1182 1198 incentivum

218 1237 232 1270 a
260 1213 1182 1296 permodipraeberet;Ecclesiaexunapartehorumheretico·

218 1327 231 1360 o
260 1301 1183 1388 rumerurdelitatemdetestans,etexalteralipsisquerelarum

218 1416 231 1447 o
260 1393 450 1452 occasionem
471 1390 589 1453 auterre
606 1392 730 1469 rolens,
746 1393 909 1475 prudenter
928 1397 1031 1459 statuit
1048 1404 1184 1466 omnihus

218 1505 231 1538 o
258 1480 462 1560 peecatoribus
479 1482 546 1542 verb
561 1482 713 1543 conversis
726 1484 845 1546 trentam
859 1483 982 1566 quidem
1000 1505 1067 1550 csse
1080 1509 1183 1555 concc-

217 1595 230 1625 »ι
256 1569 407 1638 rlenrlam,
432 1571 620 1631 nocentiores
640 1577 741 1634 tamen
762 1575 900 1636 severiori
926 1577 1101 1656 poenitenlid
1125 1601 1183 1645 essi

217 1682 229 1715 υ
258 1657 464 1732 niulctamlos3
491 1658 616 1740 itleoquc
647 1679 701 1740 pro
735 1660 798 1724 istis
822 1662 947 1725 instituit
980 1669 1183 1747 poenitentiam

216 1770 229 1804 »ι
255 1751 421 1810 soleinnem
436 1747 603 1810 secundum
618 1757 745 1829 quatuor
760 1749 881 1832 gradus,
896 1752 948 1834 qui
962 1764 1034 1818 sunt
1046 1775 1054 1818 ε
1068 1759 1181 1832 Fletus,

215 1861 229 1893 o
257 1837 429 1905 studiartt'u.
448 1837 617 1898 Substantio
631 1848 658 1899 et
675 1839 913 1926 Continentia.»

255 1929 369 1988 llorum
405 1926 564 2002 meminit,
591 1929 669 1990 circa
692 1929 771 1990 idern
799 1937 939 2014 tempus,
967 1935 999 1999 S.
1025 1939 1184 2023 Gregorius

213 2012 470 2094 Thaurmrturpus,
486 2034 553 2077 cari.
571 2023 600 2092 7,
613 2023 630 2079 8
645 2024 674 2079 et
687 2025 725 2096 93
742 2021 855 2083 Concil.
873 2025 999 2106 Ancyn,
1015 2038 1148 2110 annojtl
1159 2041 1184 2106 i,

215 2102 244 2162 in
259 2121 325 2162 rari.
344 2109 359 2161 t
379 2110 409 2164 et
423 2107 452 2178 5;
470 2107 500 2164 S.
520 2105 662 2184 Basilius,
679 2107 759 2170 circa
773 2127 845 2171 arrn.
862 2113 933 2190 370,
950 2113 982 2175 ia
995 2117 1138 2200 Epistola
1152 2125 1186 2185 orl

213 2189 393 2271 Atrtpltloe..
410 2193 574 2272 praesertim
589 2213 656 2257 can.
673 2199 723 2260 75.

240 2281 340 2340 titis.
355 2299 368 2337 e
384 2279 497 2341 litantes
507 2281 609 2346 habitu
624 2285 745 2348 sordido
755 2285 861 2363 induti,
873 2291 1060 2361 ciliciocirca
1073 2301 1186 2367 collum

211 2385 226 2424 u
251 2369 403 2448 cooperti,
423 2369 525 2432 cinere
548 2371 694 2456 incapite
717 2375 882 2460 deturpati,
906 2387 936 2444 et
957 2401 1012 2466 per
1036 2407 1187 2455 manuum

210 2475 224 2512 o
252 2451 473 2536 inrpnsltioncm
501 2459 539 2522 ab
560 2461 707 2545 Episcopo
738 2461 776 2527 ad
805 2469 1011 2549 penitentiam
1038 2477 1185 2560 admissi,

209 2563 223 2600 e
249 2545 363 2606 statuant
379 2545 409 2607 io
425 2549 541 2628 porticu
551 2557 633 2612 entra
646 2551 815 2633 ecclesiam,
830 2575 885 2621 sua
899 2569 1020 2641 peccatu
1034 2565 1186 2633 dedentes

208 2653 222 2690 a
248 2647 283 2695 ac
315 2629 495 2699 detestantes
519 2645 549 2699 et
577 2639 809 2720 ingredientium
838 2663 941 2728 preces
973 2651 1185 2735 implorantes.

208 2741 222 2779 o
248 2719 328 2784 lnler
341 2743 393 2786 eos
403 2723 526 2806 quidam
540 2723 717 2793 dicebantur
730 2731 928 2817 hiemantes,
942 2741 994 2822 qul
1010 2741 1052 2806 ob
1066 2749 1186 2810 crimen

207 2831 221 2869 e
247 2808 429 2874 bestialitatis
451 2823 531 2878 extra
553 2817 702 2899 porticum
718 2820 774 2885 sub
796 2823 863 2900 dio,
879 2823 1037 2895 instantius
1053 2835 1187 2899 aliorum

207 2902 539 2966 »contniiscrationem
580 2905 818 2990 deprecabantur
846 2934 854 2976 ε
883 2915 949 2997 bis,
984 2927 1018 2984 ut
1057 2927 1187 3008 quidum

205 3005 220 3047 e
246 2985 363 3063 uolunt,
376 2987 581 3070 jungebantur
599 3001 793 3080 coaequarent.

245 3077 334 3138 38tlt.
351 3078 658 3149 »Audientcsstabant
667 3089 829 3157 latratores
838 3093 1009 3164 ecclesiaeiu
1022 3107 1186 3190 propilrro,

204 3185 220 3223 a
244 3161 1186 3272 ubiaudiebanttectionemScripturerumetsacrasconctones,

205 3267 219 3309 a
245 3251 375 3332 indeque
395 3257 477 3318 exire
490 3261 674 3342 cogebantur
693 3275 856 3354 conquam
874 3275 1071 3346 inchoaretur
1090 3289 1187 3350 missa
1213 3323 1214 3334 κ

204 3359 219 3399 a
243 3341 539 3412 catechumenorum.

243 3431 333 3492 3850.
355 3451 370 3489 o
392 3433 547 3499 Substron'
564 3442 681 3507 stabant
698 3447 716 3509 a
735 3445 849 3516 loribus
871 3455 1007 3525 ecclesie
1025 3467 1186 3548 usquead

204 3533 220 3576 t
243 3517 404 3582 ambonem
421 3541 473 3585 seu
489 3527 659 3609 pulpitum,
675 3533 705 3596 in
728 3555 790 3619 quo
811 3541 986 3626 legebantur
1001 3555 1138 3638 Epistola
1153 3564 1188 3616 et

204 3621 219 3664 ι
245 3607 457 3691 Evangelium,
473 3621 503 3676 et
516 3615 556 3678 ibi
571 3623 708 3698 prostrati
722 3639 776 3691 seu
790 3633 951 3718 gertullexi,
967 3643 1058 3706 eariis
1077 3645 1188 3726 poenis
