2420 3968
368 179 453 252 orabo
473 202 630 248 snconons.
927 177 978 236 ὅθι

51 309 107 372 solis
119 325 267 384 occasum
282 303 389 368 deinde
403 301 563 381 anticipata
576 303 622 360 est
634 293 671 356 ad
685 293 792 354 boram
806 307 920 352 ironam
934 304 985 348 seu
1010 288 1014 296 '

52 399 149 461 tertiam
160 401 224 480 post
239 393 393 459 meridiem
410 392 539 453 :verbm
558 388 576 448 b
594 382 704 446 sacculo
717 382 799 457 x1v,
815 397 882 462 mos
895 379 986 438 intro·

51 487 140 551 ductus
151 486 201 550 luit
214 491 246 550 ut
257 481 377 549 relectio
393 479 433 544 ad
448 477 555 541 horam
573 479 687 538 sextam
701 488 755 533 seu
774 468 813 532 ad
832 465 989 530 meridiem

52 583 349 749 811ἕθθιξῗΠῦἰιριιιιιιιιι
370 681 410 725 an
429 661 467 724 sit
488 654 613 720 mortale
632 648 801 714 notabiliter
816 647 882 710 sine
903 647 991 710 causti

43 756 191 837 ,anticipare
208 752 367 837 prandium
380 750 487 814 diebus
504 743 636 826 jejunii:
656 739 804 802 sententia
824 755 892 819 quae
913 741 992 797 tenet

54 861 105 906 esse
116 847 222 908 tantiam
235 841 364 919 veniale,
380 835 573 903 communior
591 839 621 894 et
642 827 825 912 probabilior
842 827 994 889 vocatura

56 935 79 992 S.
92 934 211 1016 lignon,
226 934 255 996 in
270 935 325 996 sub
343 925 498 1009 Tleolopid
513 921 624 987 Moroli
631 967 638 998 ,
654 918 727 1000 quia
741 915 814 977 bora
829 932 889 975 uon
903 920 948 975 est
960 913 996 973 do

55 1024 162 1088 assentit
183 1022 305 1105 iejunii3
335 1019 388 1082 sed
419 1017 450 1079 in
486 1033 541 1078 suo
568 1027 660 1094 opere
696 1004 791 1069 Homo
818 1001 998 1084 Apostolicus

56 1115 93 1186 (tr.
109 1117 151 1191 tu,
162 1126 193 1175 ιιο
205 1117 265 1192 31),
281 1129 315 1173 re
329 1107 439 1172 melibs
456 1102 647 1184 investigata,
667 1115 730 1160 non
749 1093 879 1175 amplibs
893 1090 999 1172 proba-

56 1199 129 1263 bilem
147 1197 290 1266 existimat
310 1199 390 1260 bano
412 1193 614 1266 sententiam3
639 1187 731 1270 porro
748 1180 951 1247 communiter
971 1182 1004 1237 ut

58 1291 174 1355 notabilis
199 1309 258 1354 non
286 1288 413 1350 babetur
440 1279 611 1362 anticipatio
639 1295 708 1359 quae
735 1291 797 1336 non
825 1276 904 1334 essct
929 1269 1008 1330 ultra

57 1378 143 1442 boram
155 1401 162 1458 ;
176 1378 337 1460 Theologia
357 1375 506 1438 Tolosam
525 1374 611 1432 vooat
632 1363 796 1429 notabilem
819 1357 1004 1440 anticipatio-

60 1487 115 1531 nem
133 1489 197 1553 quae
215 1474 295 1532 esset
314 1465 405 1528 trium
428 1462 572 1524 horarum
592 1462 662 1520 ante
685 1451 842 1516 meridiem
868 1449 953 1526 (tom.
976 1449 1007 1522 5,

58 1535 1010 1641 opp.3,art.3,§⁶l,3⁰).oCaeterirm,irrquitS.Liguor.,omnibus
1081 1572 1082 1576 ,

59 1671 71 1706 ι
91 1649 191 1713 licitum
204 1655 249 1713 est
268 1647 434 1724 anticipare
452 1638 531 1702 infra
551 1637 678 1712 boram,
696 1631 787 1696 ctiam
808 1628 875 1692 sind
887 1627 1007 1689 causlr

61 1736 116 1817 (il,
127 1739 176 1802 lib.
192 1742 221 1818 3,
237 1747 270 1801 n·
288 1736 388 1810 tuto).

479 1931 498 2012 s
518 1931 568 1991 m.

250 2097 295 2161 De
312 2093 407 2158 causis
427 2089 445 2152 ἀ
463 2087 582 2170 chuuio
601 2079 816 2146 excusantibus.

94 2271 172 2332 toea.
190 2268 326 2340 Onatuor
339 2263 410 2322 sunt
423 2273 522 2318 causae
536 2255 552 2315 b
564 2249 680 2331 jejunio
693 2250 872 2311 excusantes
887 2263 895 2306 :
912 2244 943 2306 ι’
955 2241 1019 2304 dis-

64 2359 201 2436 pensatio;
216 2361 248 2418 20
264 2347 454 2433 impotentia3
470 2348 501 2406 3ο
516 2343 599 2404 labor
611 2360 619 2417 ;
630 2344 662 2401 4⁰
677 2339 782 2418 pietas.

96 2448 191 2510 Primo
208 2445 301 2528 igitur
319 2455 409 2502 causa
428 2448 575 2497 excusans
596 2436 642 2491 est
658 2425 848 2507 dispensatio,
868 2440 937 2502 quaa
958 2419 1022 2478 dari

65 2543 163 2617 prosu
175 2543 204 2600 t⁰
219 2537 235 2596 b
247 2535 280 2596 S.
292 2525 438 2592 Pontificc
448 2541 504 2604 pro
518 2519 656 2582 universa
670 2513 814 2588 Ecclesia,
829 2509 926 2572 valide
935 2507 1024 2567 etiam

66 2627 120 2690 sine
132 2630 218 2697 eausa
233 2617 371 2705 quamuis
392 2613 511 2676 illicite:
527 2610 558 2670 in
576 2606 634 2668 hoc
652 2610 697 2665 sat
711 2599 903 2683 probabiliter
916 2595 1026 2656 dicitur

67 2715 218 2798 aptoribus
232 2715 264 2776 S.
280 2705 457 2772 Pontificem
472 2715 596 2782 peccare
609 2693 730 2755 uotum
747 2687 919 2762 venialiter,
936 2682 1027 2744 modo

68 2807 228 2870 scandalum
242 2808 295 2866 aut
307 2794 389 2862 aliud
403 2793 551 2855 damnum
566 2801 654 2867 mave
667 2797 729 2842 non
749 2775 836 2840 adsit.
854 2773 933 2836 Nota
946 2771 1027 2853 qood

68 2913 128 2959 casu
147 2914 207 2979 quo
221 2887 370 2975 generalis
389 2883 477 2946 datur
496 2871 680 2956 dispensatio
695 2887 730 2931 ex
746 2865 837 2929 causa
851 2861 1027 2940 sufficienti,

70 3005 120 3048 non
134 2989 258 3069 peccent
267 2981 303 3043 eb
316 2981 455 3049 utentes,
470 2967 524 3030 etsi
540 2961 650 3042 singuli
662 2977 724 3020 non
738 2956 870 3016 babeant
883 2953 1029 3014 rationem

70 3094 129 3156 quac
153 3075 208 3138 luit
230 3085 320 3134 causa
342 3053 574 3144 dispensationis
595 3049 686 3112 :vide
709 3042 830 3109 Monuel
850 3041 922 3104 d’uu
941 3041 1031 3122 p'euoe

68 3165 158 3247 prltre
178 3166 262 3243 (torn.
281 3163 317 3236 u,
333 3175 364 3237 p.
378 3154 467 3229 uum
484 3141 576 3207 modb
590 3137 775 3220 adimpleant
788 3151 824 3195 ea
836 3149 904 3214 quae
921 3129 1032 3194 luerint

71 3253 219 3335 imposita,
233 3268 262 3313 r.
279 3267 323 3330 g.,
337 3243 425 3306 detur
439 3236 631 3313 eleemosyna
643 3245 699 3309 pro
712 3221 899 3300 seminariis,
913 3225 971 3284 eto.

105 3344 191 3406 5003.
203 3374 234 3389 -
248 3342 280 3402 2⁰
295 3334 342 3398 Ab
354 3326 512 3413 Episcopis
530 3339 600 3384 cum
619 3317 683 3380 suis
702 3312 831 3377 subditis
846 3329 902 3392 pro
915 3309 1034 3373 casibus

72 3429 298 3498 occurrentibus,
314 3421 368 3486 sed
381 3413 503 3482 nonnisi
512 3431 549 3474 ex
559 3411 639 3490 justa
652 3407 757 3479 oausi;
767 3401 840 3464 aliis
851 3397 1034 3481 dispensatio

73 3528 143 3586 esset
156 3519 248 3583 nulla.
264 3514 340 3578 Vide
353 3509 432 3572 dicta
443 3519 534 3586 supra
548 3500 625 3578 (968,
643 3499 715 3572 975,
733 3495 819 3568 977),
835 3487 887 3552 ubi
902 3487 1035 3548 diximus

74 3629 106 3674 ex
121 3609 228 3674 llooed.
248 3607 313 3671 xlv
336 3599 517 3684 Episcopos,
537 3589 626 3653 etiam
645 3601 716 3652 oum
734 3581 842 3654 eausa,
863 3591 924 3636 non
948 3589 1034 3652 posse
