2482 3944
400 155 485 204 LIBER
507 156 666 207 oecultum.
944 171 981 237 m

35 288 90 344 unte
99 287 363 365 consecrationem,
377 293 488 352 ettunc
502 287 594 352 missa
608 307 662 370 ner
671 285 765 352 alium
778 305 839 352 non
854 293 900 351 est
913 305 985 370 sup·

38 370 150 451 plrnda;
171 375 214 435 ret
232 385 297 457 post
310 379 568 440 consecrationem
591 377 680 440 etiam
700 377 791 440 unius
813 377 941 458 speciei,
957 382 987 440 et

41 466 96 522 tunc
112 479 161 542 per
179 464 269 528 alium
291 465 478 528 sacerdotem
498 466 637 545 jejunum
659 465 683 526 si
707 464 770 526 lieri
786 472 900 546 potest,
916 467 987 528 alias

40 547 110 610 etiarn
122 553 320 631 nonJejonum
330 602 337 630 ‚
349 555 412 616 imd
422 561 452 616 et
459 553 755 616 excommunicatum
768 553 803 634 (si
815 554 890 616 alius
903 553 988 633 desit)

42 644 74 696 est
86 640 239 720 supplenda
253 643 340 722 (Vide
354 643 449 706 lludr.
466 641 618 718 Missulic).
643 643 695 702 Est
712 642 802 703 etlam
824 642 991 722 supplenda

45 733 93 804 pou
105 731 346 793 communionem
360 731 453 794 solius
467 730 576 812 speciei
592 730 696 810 panis,
707 731 791 809 juxta
805 731 992 791 communio·

45 831 92 874 rem
105 820 294 896 sententiam,
312 821 367 882 etsi
382 820 441 881 sint
454 819 506 900 qui
525 819 629 880 dicant
651 825 724 880 tunc
744 819 868 880 calicem
882 835 947 880 csse
962 819 992 877 in

46 901 87 961 alit
100 907 180 968 missu
194 909 415 971 sumendum...
429 929 436 969 :
449 907 682 988 quaercndusest
695 908 769 969 alter
784 905 922 968 sacerdos
935 905 992 968 sal-

46 997 91 1052 lem
107 1013 262 1074 perunum
284 999 388 1059 horam
407 995 543 1072 circiter;
560 997 584 1056 si
605 997 675 1058 tero
694 995 874 1058 sacrificium
897 1001 995 1077 posset

47 1081 153 1159 suppleri
167 1086 203 1146 ab
220 1087 330 1148 eodem
350 1085 522 1158 sacerdote,
541 1083 599 1146 boc
619 1085 727 1147 melius
750 1091 844 1163 esset,
860 1085 913 1146 etsi
934 1102 994 1146 non

48 1172 150 1247 cointius
163 1174 238 1236 toret
250 1177 384 1254 jejunus.
402 1173 476 1234 Vide
492 1175 522 1235 S.
539 1173 672 1253 Lignor.‚
689 1174 740 1235 lib.
756 1179 791 1252 6,
809 1183 841 1235 n⁰
855 1177 923 1236 353.

77 1263 150 1322 3559.
167 1261 315 1326 Sacerdos
328 1263 379 1344 qui
395 1261 576 1324 sacrificium
591 1261 628 1323 ab
641 1263 734 1324 altero
748 1263 900 1344 inceptum
915 1281 996 1325 onm-

50 1343 105 1423 lltl,
124 1353 284 1414 secundam
305 1351 426 1412 missam
446 1351 598 1412 celebrare
620 1352 739 1431 nequit,
765 1353 834 1413 lirrt
853 1369 885 1414 se
905 1351 996 1414 absti-

51 1437 127 1498 nuerit
138 1439 172 1500 ab
185 1439 392 1503 ablutionibus
402 1439 566 1500 sumendis.
579 1441 621 1502 ltu
631 1441 660 1500 S.
674 1443 709 1500 ll.
722 1443 768 1518 C.,
782 1445 819 1502 ta
829 1441 894 1503 dec.
907 1443 995 1515 1823,

50 1539 101 1583 rum
117 1529 331 1610 approbatione
344 1529 452 1589 Leonis
468 1529 536 1602 xil,
553 1529 639 1606 cujus
660 1529 745 1607 jussu
763 1532 922 1592 Decretum
943 1529 997 1591 luit

50 1614 474 1694 corissumvidebichaudeau,
485 1617 581 1678 Noua.
598 1617 624 1678 T
622 1618 701 1678 raitc'
710 1617 757 1679 des
766 1618 825 1680 SS.
842 1617 995 1698 Myrteres,

50 1705 181 1779 tdmt

79 1795 154 1857 litto.
175 1795 302 1870 Quaerit.
324 1801 355 1858 {⁰
380 1797 426 1856 rln
448 1793 588 1858 sacerdos
608 1796 659 1874 qui
679 1811 741 1855 non
760 1792 838 1855 valet
857 1791 1001 1874 perlicere

52 1881 219 1960 sacrificium,
235 1884 271 1945 sit
286 1884 455 1946 necessario
470 1881 744 1946 communicandus
755 1899 825 1943 cum
840 1887 923 1963 parte
937 1881 1003 1943 hoe

53 1967 110 2030 tia'a
123 1991 151 2035 se
161 1974 368 2036 consecrate?

81 2060 154 2141 ttesn
170 2061 274 2122 vide-ri
290 2079 355 2123 esse
370 2061 597 2140 adhaerendum,
613 2079 684 2125 cum
699 2060 806 2124 eodem
820 2061 855 2124 ll.
872 2063 1000 2127 Ricbau-

54 2141 214 2228 drautitid„
226 2149 275 2211 ch.
288 2155 336 2228 Π,
347 2160 379 2211 n⁰
391 2153 451 2230 la),
462 2154 617 2214 sententiae
625 2151 826 2214 communiori
836 2171 904 2232 quaa
914 2161 1002 2236 negat

54 2229 112 2297 hanc
127 2255 234 2320 urgere
255 2238 493 2320 obligationem:
511 2239 631 2302 rubrica
649 2241 731 2302 enim
750 2239 821 2302 dicit
834 2240 1000 2304 duntaxat:

58 2341 68 2376 r
83 2325 106 2385 si
118 2325 254 2390 sacerdos
270 2345 330 2389 non
345 2328 467 2406 obierit,
483 2327 535 2390 scd
550 2325 638 2391 luerit
653 2329 791 2390 infirmus
802 2378 809 2402 ,
819 2329 1002 2393 adedtamen

52 2421 108 2475 rut
127 2419 217 2498 possit
231 2417 477 2496 communicare,
493 2423 522 2479 ct
544 2437 599 2478 non
621 2415 700 2480 adsit
720 2418 782 2479 clia
800 2417 894 2480 hostia
913 2441 1004 2482 conse-

52 2519 64 2555 ·
81 2513 167 2578 mota,
184 2505 323 2567 sacerdos
336 2503 390 2587 qui
405 2506 527 2568 missam
541 2506 679 2588 supplet,
694 2505 804 2568 diuidat
817 2506 959 2586 hostiam,
976 2517 1005 2571 et

51 2609 62 2646 u
82 2609 163 2654 unam
177 2601 295 2675 panem
310 2593 440 2677 praebeat
460 2594 597 2674 infirma,
613 2601 670 2657 etc.
686 2618 701 2654 u
720 2597 799 2676 Ergo
814 2595 837 2657 si
859 2596 935 2658 adsit
948 2599 1004 2660 alia

52 2673 131 2742 hostia
142 2689 333 2762 consecrata,
346 2687 462 2744 nonest
476 2683 828 2755 communicanduscum
843 2692 925 2763 parte
940 2685 1005 2746 lros·

53 2766 91 2828 tia
111 2771 126 2830 a
144 2787 175 2832 se
193 2775 393 2848 consecratae3
409 2770 530 2834 aliunde
551 2770 575 2834 si
600 2771 665 2836 talis
687 2769 846 2846 sacerdos,
867 2787 901 2832 ex
924 2780 1006 2854 parte

53 2850 139 2920 hostia
155 2861 172 2920 t
188 2874 220 2920 se
233 2867 417 2923 consecratae
436 2867 515 2922 esset
532 2859 702 2924 necessarib
715 2861 1005 2940 communicandus,

53 2960 112 3022 ergo
130 2957 157 3008 et
173 2948 264 3010 etiam
287 2965 326 3010 ex
344 2949 497 3030 Sanguine
512 2952 528 3012 l
549 2969 582 3013 se
600 2955 790 3030 consecrato,
806 2949 888 3033 quod
905 2959 1006 3014 tamen

53 3036 235 3098 conmuniter
250 3051 311 3098 non
322 3035 498 3100 admittitur.
514 3039 594 3120 Ergo
607 3087 614 3116 ‚
630 3045 686 3101 etc.

86 3125 164 3187 aaut.
186 3125 310 3198 buerit.
325 3131 358 3188 2·
381 3131 425 3188 An
455 3128 486 3189 in
509 3145 580 3190 casu
603 3127 1004 3211 quaesticnispraeccdentis.

52 3211 193 3287 applicatio
210 3215 329 3294 missa,
348 3216 367 3278 a
383 3214 518 3278 secundo
544 3213 713 3279 celebrante
733 3217 827 3296 iacta,
852 3223 1007 3301 praevaleat

53 3299 226 3377 triplicationi
246 3301 328 3365 luctae
341 3303 359 3365 a
374 3305 492 3386 primo,
508 3312 560 3367 aut
582 3305 704 3368 econtra
724 3305 884 3388 praevalerc
902 3309 1007 3378 debeat

55 3388 194 3466 applicatio
207 3390 284 3454 lacta
296 3393 315 3454 a
328 3393 428 3474 primo
442 3393 634 3458 celebrante?

86 3475 247 3561 despondet
262 3481 298 3541 D.
312 3479 503 3545 Ricbaudeau
514 3479 579 3561 (tt,
590 3483 639 3548 ch.
655 3489 704 3562 t't,
719 3493 752 3548 η’
766 3489 796 3566 t)
810 3491 1008 3570 quaesitorem

56 3574 107 3626 cue
119 3576 340 3633 conboremam
356 3590 364 3634 :
380 3577 413 3634 ut
428 3587 500 3652 ergo
520 3583 708 3639 removentur
722 3575 822 3638 omnis
834 3577 1007 3653 difficultas,
