2474 3946
230 190 291 256 288
448 207 589 259 aarum
608 208 710 262 rorrus
727 211 811 264 roms
825 209 976 270 errorror.

229 317 341 384 habere
353 322 495 404 oopulam
510 343 564 406 per
573 343 605 387 se
615 335 715 406 aptam
727 325 764 387 ad
776 329 1023 406 generationem:
1037 327 1122 392 unde
1133 327 1188 392 im·

231 415 1190 498 potentesnonsuntsterilesautsenos,autleminaequaesemen

229 517 291 561 non
306 503 448 572 retinent,
465 503 556 564 modd
570 503 802 584 possinthabere
814 507 957 582 copulam
965 525 1004 569 ex
1012 525 1044 570 se
1055 509 1093 570 ad
1103 527 1188 589 gene·

228 591 376 652 rationem
391 592 543 654 idoneam.
580 661 583 664 ,

266 677 444 760 impotentia
465 689 568 742 autem
583 681 614 742 in
631 683 695 745 viro
714 682 820 745 adesse
840 691 981 748 censetur
1003 685 1128 766 quando
1151 693 1191 747 est

227 768 396 843 eunuchus,
413 769 458 831 rel
481 771 585 832 saltem
607 772 755 834 seminare
770 773 874 854 nequit
893 773 969 835 intra
988 792 1040 835 ras
1060 774 1191 835 naturale

226 854 357 922 lemine.
375 858 755 940 lnlemiotverdquando,
770 862 816 924 vel
832 862 981 924 seminare
997 862 1191 945 nequittdato

226 945 305 1024 quod
316 947 474 1010 seminatio
489 947 868 1014 leminaesitneoessariaad
875 949 1131 1033 generationem),
1147 951 1191 1014 vel

225 1041 347 1114 propter
360 1035 569 1099 arctitudinem
581 1055 641 1100 non
654 1042 751 1118 potest
760 1039 819 1122 pati
829 1039 939 1112 virum,
950 1040 1078 1118 auteJ‘us
1090 1057 1191 1102 semen

223 1126 369 1205 resipere.
386 1122 486 1209 (Juxta
500 1127 609 1189 medie.
642 1144 747 1190 semen
759 1127 831 1189 lem.
844 1127 884 1188 nil
895 1125 1059 1190 confertad
1072 1127 1192 1208 gener.)

262 1223 352 1283 trau.
368 1221 564 1301 impotentia,
579 1221 605 1283 si
618 1219 656 1282 sit
668 1225 813 1302 perpetua
826 1225 857 1282 et
869 1217 1102 1282 matrimonium
1116 1225 1197 1282 ante·

223 1306 1197 1389 cedat,estimpedimentumdirimensrseoussisittempornnea,
1232 1319 1233 1326 ’

223 1404 275 1458 aut
288 1396 313 1458 si
332 1396 525 1458 matrimonio
543 1397 750 1478 superveniat,
765 1398 836 1460 oirm
852 1395 1086 1458 matrimonium
1103 1395 1141 1458 sit
1159 1399 1198 1456 in·

224 1483 422 1546 dissolubile:
442 1477 515 1547 tuno
536 1492 638 1546 tanren
659 1485 778 1565 sponsis
799 1485 854 1546 soli
873 1491 1029 1546 ueniamus
1046 1490 1081 1546 et
1100 1484 1199 1546 oscula
1232 1479 1233 1530 i

225 1573 317 1635 lioent
329 1591 398 1654 quae
412 1571 475 1635 lieri
490 1581 615 1656 possunt
624 1573 699 1635 eitra
709 1571 882 1654 pollutionis
892 1572 1113 1653 perterrente.
1124 1573 1198 1648 lig,

227 1661 277 1724 lib.
294 1665 329 1738 fl,
345 1673 378 1723 n⁰
393 1665 482 1739 1095,
498 1661 576 1724 Diui
588 1665 641 1740 2⁰).
656 1693 697 1708 -
713 1664 858 1742 Perpetua
871 1669 1010 1723 censetur
1024 1661 1200 1742 impotentia

226 1752 251 1814 si
266 1757 397 1832 nequeat
410 1749 519 1812 aulerri
535 1751 592 1812 nisi
607 1769 662 1832 per
675 1749 875 1827 miraculum,
889 1755 942 1810 aut
954 1766 1008 1831 per
1022 1758 1198 1829 peceatum,

227 1837 1198 1924 anteumpericulomortis-Osiripotestexquadruplicieapite,

228 1947 338 2011 nempe
352 1928 398 1992 vel
413 1947 449 1990 ex
463 1925 623 2006 maleficio,
638 1927 684 1989 rel
697 1945 734 1988 ex
748 1925 907 2006 frigiditate
921 1923 966 1988 vel
980 1944 1018 1987 ex
1031 1926 1200 2009 impropor-

228 2019 328 2094 tione,
350 2016 397 2080 vel
417 2015 493 2080 lorte
513 2033 551 2078 ex
568 2015 714 2078 mixtione
737 2015 832 2078 reuda.
860 2015 903 2094 (S.
924 2015 1068 2096 Liguor.,
1085 2015 1138 2078 lib.
1167 2019 1200 2094 6,

229 2107 379 2186 n01095.)

267 2199 358 2258 litt.
369 2197 448 2257 —l·
461 2193 516 2256 Ex
529 2193 673 2275 maleficio
682 2211 695 2256 :
707 2192 790 2274 quod
804 2193 909 2258 adesse
922 2191 1030 2254 meritd
1042 2193 1204 2258 concludi·
1231 2243 1232 2270 ,

229 2291 277 2348 tur
291 2281 412 2366 quando
425 2283 570 2363 conjuges
583 2281 750 2344 excitantur
770 2281 807 2343 ad
826 2282 968 2362 copulam
988 2299 1061 2343 cum
1075 2283 1144 2344 aliis
1157 2289 1201 2358 et,
1231 2299 1232 2340 i

230 2373 300 2436 licet
312 2373 385 2434 alias
399 2387 431 2433 se
445 2369 588 2451 diligant,
605 2370 683 2432 inter
702 2387 736 2434 se
756 2368 943 2452 frigescunt,
958 2367 1005 2432 vel
1023 2371 1140 2434 aooitu
1153 2370 1203 2434 ab·

228 2467 362 2526 horrent.

268 2550 447 2632 impotentia
459 2547 633 2627 hujusmodi
647 2546 786 2610 habenda
799 2553 844 2611 est
858 2555 891 2612 ut
905 2553 1071 2632 perpetua,
1092 2555 1123 2614 et
1136 2547 1204 2610 diri·

231 2641 286 2702 mit
300 2639 525 2702 matrimonium
540 2635 662 2718 quaudo
683 2637 761 2700 intra
778 2637 945 2701 triennium
958 2637 1021 2699 tolli
1037 2639 1145 2720 nequit
1159 2655 1203 2699 re·

231 2729 331 2792 medio
345 2727 497 2803 humano,
513 2726 560 2789 vel
572 2725 726 2803 oratione,
741 2724 788 2789 vel
801 2725 992 2803 exorcismis
1012 2729 1053 2789 ita
1066 2743 1203 2790 commu·

233 2819 320 2882 niter.
336 2818 419 2880 -Si
442 2813 624 2878 maleficium
646 2813 800 2878 tolleretur
821 2833 876 2898 per
898 2815 1033 2878 medium
1047 2815 1202 2894 illicitum,

231 2925 260 2968 v.
277 2925 321 2985 g,
336 2924 391 2988 per
403 2903 484 2968 aliud
502 2902 701 2981 maleficium,
720 2904 898 2985 impotentia
917 2903 1116 2966 nihilominus
1136 2921 1202 2985 par-

233 3003 323 3077 petua
344 2999 422 3056 essu
435 3000 507 3057 tuno
525 2991 683 3070 habenda,
708 2997 740 3054 et
762 2993 989 3056 matrimonium
1007 2991 1201 3072 judicandum

233 3088 311 3146 esset
332 3080 498 3144 invalidum
516 3099 524 3143 ε
544 3099 632 3144 secus
649 3079 673 3142 si
693 3079 859 3160 tolleretur,
884 3081 1007 3163 signum
1027 3079 1200 3152 amovendo,

233 3173 306 3256 quia
316 3171 397 3233 licite
411 3168 521 3232 auferri
536 3175 643 3251 potest.
660 3169 703 3246 (S.
719 3170 856 3252 lignon,
872 3169 925 3234 lib.
941 3175 980 3249 6,
995 3178 1029 3231 n⁰
1043 3171 1146 3244 1096.)
1230 3245 1231 3250 ἵ

273 3263 364 3325 4222.
380 3289 420 3309 ···
433 3259 464 3321 2⁰
477 3258 532 3320 Eu
545 3256 739 3338 sripidr'tute:
753 3259 778 3320 si
792 3259 940 3340 coniuges
952 3259 1091 3340 copulam
1105 3263 1200 3338 aptam
1230 3283 1231 3290 ,

235 3348 272 3410 ad
287 3345 511 3430 generationem
526 3346 749 3425 nequeautullo
760 3347 850 3409 modo
860 3349 1013 3428 perlicere,
1024 3347 1091 3429 quia
1101 3359 1200 3408 serneu

234 3434 390 3498 effundere
404 3451 467 3496 non
480 3439 623 3516 possunt,
636 3439 668 3496 et
689 3432 748 3498 hoo
761 3453 816 3517 per
828 3438 1067 3518 experimentum
1083 3431 1199 3497 triennii
1230 3445 1231 3472 i

4 3533 105 3562 *⁸*
150 3593 151 3596 Ἴ
200 3522 457 3636 'perduraveriu
480 3522 660 3622 impotentes
682 3531 753 3586 sunt
771 3543 808 3587 ex
823 3523 992 3606 frigiditate,
1008 3533 1038 3588 et
1051 3523 1197 3587 matrimo-

237 3629 325 3675 nrum
354 3615 433 3674 mter
455 3626 488 3672 ae
509 3607 691 3676 vulrdenon
713 3619 841 3694 possunt
853 3614 1039 3678 contrahere.
1061 3612 1195 3691 idemque
