2420 3968
35 231 38 296 l

827 9 1192 179 ’.Ε

174 214 233 276 568
397 227 536 275 naucum
552 225 654 276 'tortus
673 229 758 280 tunts
777 227 927 278 enuourcr.

179 330 343 415 praedicent
364 328 454 391 simol
469 334 498 390 et
512 327 623 390 uerbo:
640 327 763 410 quidam
775 326 880 390 dicunt
893 325 1029 389 excusari
1041 325 1091 408 qui
1103 331 1140 384 ter

179 422 212 485 in
236 417 426 482 hebdomada
440 416 622 499 praedicant;
642 417 752 479 melitis
765 415 814 478 alii
828 413 936 478 dicunt
948 414 1010 478 hoc
1021 413 1139 498 pendere

180 529 217 572 ex
240 508 473 571 circumstantiis
487 524 625 588 personae
638 513 667 569 et
681 505 800 588 generis
820 503 1052 588 praedicationis.
1066 501 1141 583 (i'idc

182 598 277 660 Homo
290 595 428 679 apostol,
444 595 499 674 ib.)

222 691 413 750 Excusantur
433 689 572 748 cantores
585 684 638 767 qui
654 682 821 765 ieiunando
844 701 908 748 non
927 689 1053 768 possent
1067 698 1143 746 suun

183 773 465 857 officiumimplerc.

223 869 316 928 5025.
339 866 414 926 ltem
428 869 611 928 excusantur
630 862 758 926 lectores
772 863 968 926 scientiarum
980 863 1035 946 qui
1049 877 1144 942 magno

184 955 284 1018 studio
307 960 338 1016 et
360 951 462 1015 labore
484 952 615 1029 docent,
638 953 693 1015 etsi
716 951 846 1016 doceant
864 971 920 1034 per
940 969 1037 1015 unam
1054 951 1144 1014 boran

183 1045 321 1119 tontbm;
334 1060 397 1105 non
406 1043 477 1105 verb
491 1041 543 1124 qui
552 1040 666 1104 dictant
674 1039 818 1104 lectiones
828 1041 892 1121 jam
902 1042 987 1124 pribs
996 1041 1143 1113 ordinatas

185 1135 257 1198 item
273 1133 399 1198 lectores
417 1131 641 1212 grammatice,
657 1130 681 1192 si
696 1130 824 1194 doceant
836 1149 891 1212 per
904 1131 1044 1212 quinque
1057 1131 1143 1192 horas:

186 1223 234 1286 alii
257 1223 363 1284 dicunt
384 1219 557 1299 hujusmodi
581 1219 706 1282 lectores
726 1237 789 1282 non
817 1221 912 1283 teneri
937 1221 1076 1300 ijunarc
1092 1217 1145 1300 plus

185 1314 278 1393 quim
292 1309 388 1370 tribus
405 1308 512 1370 diebos
526 1307 557 1368 in
579 1307 768 1372 hebdomada
781 1309 806 1370 si
820 1308 950 1372 doceant
963 1327 1019 1390 per
1034 1317 1143 1391 quatuor

186 1399 285 1462 horas.
302 1399 333 1461 S.
358 1396 516 1478 Lignorius
539 1396 602 1476 (tib.
626 1399 664 1474 3,
681 1399 904 1481 n01049‚5·);
921 1401 1005 1480 dury
1023 1403 1102 1475 (torn.
1116 1399 1144 1470 l.

188 1501 223 1551 n⁰
238 1486 323 1568 529).

226 1579 415 1639 Excusantur
428 1573 573 1654 advocati,
588 1575 639 1657 qui
654 1595 724 1638 cum
737 1577 854 1656 jejunio
868 1595 929 1638 non
945 1582 1074 1658 possunt
1082 1572 1147 1637 satis·

187 1666 283 1728 lacere
298 1665 363 1729 suis
374 1663 533 1728 clientibus
547 1671 669 1746 propter
690 1664 825 1727 studium
838 1683 900 1747 quo
914 1665 1068 1746 indigent3
1084 1664 1147 1726 iden

187 1755 295 1818 dicitur
308 1755 346 1818 de
364 1753 535 1836 judicibus,
552 1753 576 1815 si
594 1771 707 1836 magno
723 1761 831 1835 egeant
850 1754 950 1816 studio
969 1753 1009 1815 ad
1030 1753 1149 1817 serendas

188 1845 365 1918 sententias;
396 1841 475 1906 idem
496 1842 533 1904 de
556 1841 682 1904 medicis
701 1851 731 1905 et
749 1843 939 1906 confessariis
953 1843 977 1904 si
993 1845 1085 1906 etiarn
1103 1859 1149 1903 nu·

188 1951 284 2014 gnum
299 1933 429 1996 studium
445 1931 588 1995 adhibere
601 1931 730 1994 debeant
743 1939 777 1996 ut
789 1933 852 1996 suis
866 1931 996 1996 instituis
1011 1935 1058 1997 rel
1071 1931 1147 2016 poeoi·
1191 1915 1192 1960 ¹

189 2022 322 2086 tentibus
336 2021 528 2084 satisfaciant.
1190 2001 1191 2052 ¹

226 2109 405 2172 Confessarii
427 2110 630 2173 communiter
650 2129 711 2173 non
731 2117 915 2175 excusantur
935 2112 975 2176 ob
1001 2112 1148 2195 susceptio
1188 2097 1190 2186 ¹

190 2217 259 2262 cern
286 2197 530 2276 confessionum,
555 2199 613 2261 nisi
637 2202 816 2282 poeniientes
839 2201 976 2265 audirent
999 2221 1056 2286 per
1074 2209 1150 2264 totam
1187 2187 1189 2274 ¹

189 2289 280 2366 diem,
295 2293 368 2369 puta
381 2305 435 2369 per
448 2293 564 2369 septem
574 2289 620 2350 vel
633 2297 702 2352 octo
716 2291 805 2353 horas
816 2313 824 2368 ;
836 2291 888 2354 sed
904 2291 1015 2354 melibs
1030 2293 1079 2354 alii
1089 2290 1150 2352 ultra
1187 2275 1188 2328 ¹

190 2379 324 2441 laborem
347 2377 619 2440 extraordinarium
641 2381 800 2461 requirunt
813 2388 846 2444 ut
860 2380 1037 2444 confessarii
1057 2379 1150 2444 sintita
1186 2367 1187 2420 ¹

189 2468 303 2531 debiles
321 2473 354 2530 ut
368 2483 430 2528 non
445 2465 560 2548 possint
573 2486 645 2531 cum
662 2469 779 2548 jejunio
797 2469 968 2533 satisfacere
990 2468 1150 2552 frequenta
1185 2459 1186 2510 ¹

190 2557 411 2641 poenitentium.
1184 2549 1185 2602 ¹

230 2651 320 2712 abac.
344 2645 424 2709 nora
445 2644 835 2729 quaemadmodum,
850 2655 1005 2728 mutares,
1020 2645 1149 2712 roranti.
1183 2635 1184 2694 ¹

191 2737 300 2800 medici
314 2743 345 2799 et
357 2735 532 2800 confessarii
547 2753 608 2798 non
623 2753 677 2817 per
696 2755 749 2814 se,
765 2737 819 2800 sed
832 2740 931 2802 solum
950 2757 1006 2820 per
1027 2736 1150 2802 accidens

190 2828 208 2887 b
219 2825 336 2905 jejonin
349 2833 552 2903 excusentur,
567 2841 678 2906 nempe
690 2825 714 2888 si
729 2826 792 2889 suis
805 2827 912 2890 officiis
922 2827 1089 2909 jejunando
1102 2841 1149 2886 otiu

192 2915 307 2995 possint
320 2914 489 2977 satisfacere
510 2933 517 2976 :
533 2913 615 2996 quod
630 2914 761 2977 maximo
774 2922 820 2978 est
833 2916 1052 2980 advertendum
1066 2915 1094 2978 in
1107 2913 1149 2974 bic

191 3003 316 3064 matoria
340 3003 415 3064 :ubi
437 3006 519 3066 enim
544 3004 629 3066 labor
649 3011 771 3066 excusat
783 3023 838 3088 per
851 3023 902 3084 se,
918 3007 949 3070 in
968 3006 1063 3069 dubio
1086 3020 1149 3086 pm·

191 3091 323 3172 sumptio
343 3097 399 3152 stat
422 3111 477 3173 pro
505 3093 697 3174 exentptiona
716 3094 841 3174 jeiunii;
858 3115 946 3160 secus
967 3096 992 3158 si
1013 3096 1095 3156 labor
1108 3109 1148 3150 ex-

191 3188 276 3244 cuset
285 3180 403 3242 tantiam
414 3199 468 3260 per·
478 3182 618 3244 accidens
628 3200 635 3242 :
647 3187 723 3245 tunc
733 3183 817 3246 enim
827 3184 859 3248 in
867 3185 961 3250 dubio
974 3179 1147 3268 praesumptio

191 3277 248 3333 stat
261 3287 316 3350 pro
329 3267 512 3348 obligatione
522 3270 642 3350 ieiunii.

231 3361 321 3419 5027.
345 3356 423 3417 Dicit
435 3357 652 3438 Busembaum,
668 3381 717 3444 op.
727 3363 759 3425 S.
771 3363 893 3446 liguor.
906 3365 969 3443 (lib.
983 3367 1013 3441 3,
1029 3361 1144 3430 mittit,

191 3467 224 3508 ru
236 3446 306 3528 fine)
322 3463 330 3504 ε
350 3443 513 3506 «Charitas
526 3446 572 3508 vel
586 3448 679 3512 etiarn
697 3451 869 3532 urbanitas,
889 3454 1055 3517 secundum
1072 3465 1145 3532 quos·

191 3559 207 3596 ι
230 3535 313 3612 dam,
328 3539 450 3595 excusat
463 3531 553 3596 etiam
568 3537 702 3601 aveniuli
718 3559 790 3604 eum
805 3543 856 3624 qui
868 3542 917 3605 die
925 3541 1032 3624 jejunii
1046 3543 1146 3620 ropotffi

192 3645 208 3682 ι
231 3623 269 3684 ab
282 3621 380 3684 arnico
395 3620 548 3682 modicum
565 3623 623 3685 cibi
639 3633 770 3693 sumit...
795 3631 841 3696 vel
856 3633 907 3713 qui
923 3632 959 3694 ad
973 3627 1146 3695 excitandum
