2462 3972
219 265 279 328 tal
436 279 578 330 uranias
598 281 703 328 rorans
722 281 804 330 auare
827 279 977 334 aaronica.

262 392 354 457 3335.
370 417 385 448 a
400 389 533 452 Advertit
547 389 758 454 Delbenecum
774 391 930 454 communi
946 388 1008 456 on.
1023 388 1105 473 quhrl
1118 407 1181 471 praa

187 551 191 558 ¹
222 499 239 540 a
263 477 320 543 iata
334 477 418 542 Bulla
433 477 476 540 Pii
493 477 571 556 11...,
586 479 687 561 quoad
701 479 755 541 has
768 497 884 560 peenas,
896 479 1000 560 paucis
1014 479 1047 540 in
1060 477 1133 542 locis
1144 489 1181 540 est

224 590 236 626 a
263 571 400 648 recepta3
417 571 447 629 et
458 568 559 648 quoad
573 567 800 648 obligationem,
815 566 996 630 attendenda
1011 571 1181 630 oscenses·

223 679 238 716 ι
262 657 534 734 tunolomrum...;
548 657 674 718 incitata
684 656 837 721 aurae...
851 655 1180 740 diciturproeaumpsen't

222 767 236 804 s
261 743 342 808 unda
360 751 543 810 excusantur
560 745 598 806 ab
619 744 665 806 his
686 744 785 826 poenis
799 761 852 808 eas
874 743 1180 825 invincibiliterigna-

224 859 237 896 ι
263 843 375 900 rantes.
390 855 407 894 a
420 835 466 915 (S.
477 833 675 916 Lignor.,lib.
688 837 721 912 t,
734 833 818 916 aar.)
835 831 1178 916 Dehissiletll.Ap.Serl.

260 919 349 978 5336.
367 919 537 998 Antequam
554 915 626 981 huic
639 918 798 1000 quaestioni
818 919 1007 986 alienationis
1025 923 1119 988 linem
1137 928 1181 989 im

222 1024 387 1088 ponamus:

261 1095 431 1160 Notandum
445 1099 491 1158 est
505 1099 535 1158 i·
549 1093 631 1176 quiid
646 1093 852 1158 solemnitates
868 1097 1020 1180 requisitae
1033 1121 1089 1184 pro
1106 1101 1180 1166 dictis

221 1185 469 1262 alienationibus,
489 1183 683 1246 observandae
703 1183 765 1246 sint
786 1183 876 1247 etiam
895 1187 1019 1268 quando
1037 1211 1085 1256 res
1103 1194 1179 1255 anias

221 1274 353 1337 ecclesiae
372 1275 402 1336 in
424 1273 548 1356 gratiam
572 1271 693 1334 alterius
714 1271 860 1335 alienatur
876 1293 884 1333 :
899 1274 971 1337 olim
990 1279 1114 1359 quidem
1132 1279 1178 1344 hor

219 1369 282 1424 erat
292 1369 528 1438 controversum,
541 1360 680 1423 utvidere
692 1367 736 1422 est
745 1360 824 1442 apud
834 1361 968 1425 Ferraris
977 1365 1018 1442 (ν’
1026 1369 1178 1444 Alienatio,

219 1459 274 1512 art.
289 1455 320 1528 l,
336 1461 369 1512 n⁰
383 1449 557 1532 48)‚sed‚ita
568 1449 680 1531 pluries
691 1448 835 1528 judicavit
848 1450 938 1530 iloto,
952 1459 987 1515 ut
1002 1453 1043 1516 it.
1059 1456 1179 1521 ridetur:

219 1547 248 1599 et
261 1537 290 1598 id
304 1537 394 1600 etiam
416 1543 497 1619 patet
516 1555 553 1600 ex
569 1555 636 1618 cap.
650 1535 783 1614 naam,
797 1535 832 1600 de
846 1537 907 1601 reb.
927 1541 1026 1606 eccles.
1047 1565 1102 1608 noa
1120 1549 1180 1609 elie·

219 1627 334 1705 nanda,
346 1629 378 1689 in
392 1629 434 1689 6⁰.

257 1719 346 1780 5337.
362 1714 533 1780 Notandum
547 1719 581 1778 2⁰
598 1733 654 1798 pro
674 1733 746 1778 casu
763 1717 807 1778 rei
825 1715 991 1782 immobilis
1010 1719 1050 1784 ab
1067 1727 1183 1806 antiqva

218 1807 248 1868 in
264 1805 388 1870 feudum
406 1805 453 1868 vel
467 1803 689 1886 emphyteusim
707 1803 771 1867 dari
789 1805 901 1884 solite,
917 1808 1019 1888 quod,
1035 1809 1126 1876 fendo
1145 1829 1183 1883 ret

218 1895 405 1978 emphyteusi
420 1899 575 1970 cessante,
588 1891 697 1955 iterum
714 1894 745 1954 in
759 1892 883 1956 feudum
902 1897 948 1958 vel
967 1899 1184 1982 emphyteusim
1223 1895 1224 1953 l

217 1984 280 2046 ‹lari
301 1990 412 2064 potest.
438 1981 551 2063 absque
575 1981 659 2044 notris
682 1981 939 2060 solemnitatibus,
963 1985 1134 2054 damnanda
1158 1995 1183 2054 id

218 2075 269 2134 liat
282 2073 313 2133 in
328 2072 496 2134 evidentem
504 2068 643 2132 Ecclesiae
655 2070 830 2134 utilitatem:
842 2071 1072 2140 ridelieiffenst.
1084 2079 1181 2154 (lina.

117 2231 121 2236 ,
216 2161 260 2222 tit.
278 2163 326 2238 13,
343 2175 376 2221 n⁰
389 2161 462 2238 l9);
479 2157 566 2220 Card.
582 2157 683 2240 Soglia
697 2159 781 2238 (last.
791 2159 860 2239 jur.
874 2163 970 2242 pria,
986 2163 1083 2245 §llll
1098 2172 1182 2252 exigat

216 2255 248 2310 ut
262 2247 449 2311 consuetudo
470 2247 587 2310 locandi
604 2265 655 2309 seu
671 2248 702 2308 in
716 2248 937 2330 emphyteusim
951 2253 1090 2318 tradendi
1104 2277 1176 2319 eom-

216 2337 358 2418 probetur
384 2337 429 2400 vel
455 2355 510 2418 per
536 2336 612 2399 duas
637 2336 831 2400 alienationes
858 2339 1096 2422 emphyteutico
1118 2363 1173 2408 oon

215 2427 365 2489 solemnes
378 2425 456 2490 intra
469 2426 598 2508 spatium
613 2429 652 2488 ao
666 2443 830 2504 annorum,
846 2426 892 2489 vel
907 2445 962 2509 per
971 2448 1067 2493 unarn
1075 2433 1179 2496 solem

216 2516 292 2579 niter
311 2513 437 2592 iaetam3
463 2514 624 2595 requiritur
646 2515 736 2576 etiam
758 2521 793 2576 at
815 2514 894 2578 bona
914 2517 1057 2582 nondum
1079 2522 1185 2586 luerint
1222 2549 1223 2560 ¹

215 2607 354 2669 Ecclesiae
376 2605 557 2686 reintegrata
574 2604 749 2685 priusquam
770 2611 939 2668 contractus
958 2619 1134 2674 renouetur.
1148 2615 1188 2676 lta
1222 2611 1223 2650 l

215 2697 246 2759 S.
261 2696 371 2778 Congo.
394 2695 484 2757 Ceno.
505 2691 536 2755 in
554 2691 613 2754 aad
633 2691 840 2771 Salatr'orum,
856 2695 896 2756 20
914 2711 979 2777 sep.
1003 2699 1104 2776 lim
1121 2703 1189 2764 item

214 2785 376 2867 requiritur
396 2789 430 2846 ut
443 2801 539 2847 novus
557 2789 728 2844 contractus
746 2801 808 2844 non
826 2783 983 2846 maleleel
1003 2785 1116 2852 smtem
1131 2809 1190 2854 non

214 2881 322 2956 augeat
334 2871 520 2939 conditiones
529 2871 638 2952 prioris
651 2869 850 2932 alienationis.

252 2967 342 3026 5338.
359 2961 567 3024 Solemnitates
579 2967 681 3022 autem
696 2977 757 3021 non
772 2959 967 3041 requiruntur
980 2979 1038 3044 pro
1053 2965 1191 3032 locandis

213 3050 303 3112 rebus
322 3049 528 3112 aeclesiasticis
546 3048 623 3110 inira
642 3047 807 3111 triennium
828 3049 956 3126 (llxtrav.
981 3051 1190 3140 Ambitiosa).

213 3141 243 3199 Si
253 3155 301 3199 res
310 3135 631 3200 iructiheetannuatim
640 3155 701 3198 non
710 3142 805 3219 potest
815 3135 904 3199 locari
913 3138 991 3200 ultra
1001 3141 1189 3208 triennium:

213 3227 237 3286 si
250 3227 321 3288 verri
334 3224 492 3289 fructificet
505 3225 626 3288 alternis
639 3226 738 3302 annis,
754 3225 831 3288 ultra
844 3227 1042 3306 sexennium,
1052 3233 1081 3292 si
1097 3235 1192 3296 ternis
1221 3225 1222 3284 l

214 3313 290 3374 ultra
303 3313 500 3376 novennium.
516 3317 583 3376 Non
597 3313 771 3395 prohibetur
785 3321 886 3376 tamen
900 3315 964 3378 lieri
980 3315 1093 3382 locatio
1109 3323 1190 3384 frue-

211 3405 297 3461 tuum
315 3400 353 3462 ad
371 3402 462 3464 vitam
483 3401 684 3481 beneficiarii,
698 3404 770 3466 cnm
790 3421 946 3468 successor
968 3423 1032 3467 non
1045 3415 1192 3477 tencatur

210 3485 344 3548 starculi
357 3486 509 3551 locationi.
525 3489 567 3568 (S.
583 3490 719 3571 Lignea,
733 3491 786 3553 lib.
803 3495 835 3570 4,
849 3501 885 3554 n·
899 3494 968 3570 187,
983 3501 1045 3557 not.
1063 3501 1128 3578 θ’.)

249 3577 338 3640 ³³39.
355 3571 492 3637 Potestne
501 3575 588 3656 adjici
596 3577 761 3642 contractui
774 3579 873 3662 quod,
887 3582 1022 3665 expirato
1031 3585 1193 3668 triennio,

210 3655 234 3720 at
249 3665 335 3723 anua
348 3656 556 3726 conuehentes
568 3679 631 3729 noa
645 3663 863 3732 mmlerttrint
878 3665 1080 3735 intentionem
1096 3675 1140 3738 ab
1154 3697 1192 3740 ea
