<?xml version="1.0" encoding="UTF-8"?>
<!DOCTYPE html PUBLIC "-//W3C//DTD XHTML 1.0 Transitional//EN"
    "http://www.w3.org/TR/xhtml1/DTD/xhtml1-transitional.dtd">
<html xmlns="http://www.w3.org/1999/xhtml" xml:lang="en" lang="en">
 <head>
  <title>
</title>
<meta http-equiv="Content-Type" content="text/html;charset=utf-8" />
  <meta name='ocr-system' content='tesseract 3.04.00' />
  <meta name='ocr-capabilities' content='ocr_page ocr_carea ocr_par ocr_line ocrx_word'/>
</head>
<body>
  <div class='ocr_page' id='page_1' title='image "./manualetotiusju00craigoog_0728.png"; bbox 0 0 2462 3972; ppageno 0'>
   <div class='ocr_carea' id='block_1_1' title="bbox 109 207 1214 417">
    <p class='ocr_par' dir='ltr' id='par_1_1' title="bbox 109 181 1214 432">
     <span class='ocr_line' id='line_1_1' title="bbox 391 207 1029 272; baseline -0.007 -2"><span class='ocrx_word' id='word_1_1' title='bbox 391 225 475 270; x_wconf 83' lang='lat' dir='ltr'>unce</span> <span class='ocrx_word' id='word_1_2' title='bbox 496 220 654 271; x_wconf 82' lang='lat' dir='ltr'>secuunus.</span> <span class='ocrx_word' id='word_1_3' title='bbox 977 207 1029 272; x_wconf 84' lang='grc'>141</span> 
     </span>
     <span class='ocr_line' id='line_1_2' title="bbox 109 296 1214 417; baseline 0 -33"><span class='ocrx_word' id='word_1_4' title='bbox 109 323 191 384; x_wconf 86' lang='grc'><strong>5113.</strong></span> <span class='ocrx_word' id='word_1_5' title='bbox 203 358 241 368; x_wconf 98' lang='grc'>-</span> <span class='ocrx_word' id='word_1_6' title='bbox 256 326 288 386; x_wconf 84' lang='grc'>5·</span> <span class='ocrx_word' id='word_1_7' title='bbox 308 322 364 395; x_wconf 88' lang='lat' dir='ltr'>Oui</span> <span class='ocrx_word' id='word_1_8' title='bbox 386 322 542 384; x_wconf 80' lang='lat' dir='ltr'>contendit</span> <span class='ocrx_word' id='word_1_9' title='bbox 555 323 606 401; x_wconf 86' lang='lat' dir='ltr'>jus</span> <span class='ocrx_word' id='word_1_10' title='bbox 626 320 736 385; x_wconf 89' lang='lat' dir='ltr'>habere</span> <span class='ocrx_word' id='word_1_11' title='bbox 749 321 782 384; x_wconf 96' lang='lat' dir='ltr'>in</span> <span class='ocrx_word' id='word_1_12' title='bbox 799 319 984 386; x_wconf 86' lang='lat' dir='ltr'>beneficium</span> <span class='ocrx_word' id='word_1_13' title='bbox 999 325 1036 385; x_wconf 72' lang='lat' dir='ltr'>ab</span> <span class='ocrx_word' id='word_1_14' title='bbox 1158 296 1214 417; x_wconf 41' lang='lat'>‚53</span> 
     </span>
    </p>
   </div>
   <div class='ocr_carea' id='block_1_2' title="bbox 73 408 1036 493">
    <p class='ocr_par' dir='ltr' id='par_1_2' title="bbox 73 408 1036 493">
     <span class='ocr_line' id='line_1_3' title="bbox 73 408 1036 493; baseline 0.002 -21"><span class='ocrx_word' id='word_1_15' title='bbox 73 408 300 490; x_wconf 89' lang='lat' dir='ltr'>aiinpessessum</span> <span class='ocrx_word' id='word_1_16' title='bbox 311 429 365 493; x_wconf 91' lang='lat' dir='ltr'>per</span> <span class='ocrx_word' id='word_1_17' title='bbox 376 427 472 473; x_wconf 93' lang='lat' dir='ltr'>unum</span> <span class='ocrx_word' id='word_1_18' title='bbox 482 429 609 489; x_wconf 87' lang='lat' dir='ltr'>annum,</span> <span class='ocrx_word' id='word_1_19' title='bbox 621 410 646 472; x_wconf 93' lang='lat' dir='ltr'>is</span> <span class='ocrx_word' id='word_1_20' title='bbox 655 409 877 475; x_wconf 89' lang='lat' dir='ltr'>omninodebet</span> <span class='ocrx_word' id='word_1_21' title='bbox 885 429 997 474; x_wconf 89' lang='lat' dir='ltr'>nomen</span> <span class='ocrx_word' id='word_1_22' title='bbox 1008 419 1036 474; x_wconf 87' lang='lat' dir='ltr'>et</span> 
     </span>
    </p>
   </div>
   <div class='ocr_carea' id='block_1_3' title="bbox 72 497 1152 759">
    <p class='ocr_par' dir='ltr' id='par_1_3' title="bbox 72 466 1217 784">
     <span class='ocr_line' id='line_1_4' title="bbox 73 497 1144 581; baseline 0.005 -21"><span class='ocrx_word' id='word_1_23' title='bbox 73 497 190 580; x_wconf 79' lang='lat' dir='ltr'>gradum</span> <span class='ocrx_word' id='word_1_24' title='bbox 205 500 382 580; x_wconf 78' lang='lat' dir='ltr'>possessoris</span> <span class='ocrx_word' id='word_1_25' title='bbox 396 498 527 562; x_wconf 91' lang='lat' dir='ltr'>indicare</span> <span class='ocrx_word' id='word_1_26' title='bbox 541 506 705 562; x_wconf 80' lang='lat' dir='ltr'>etecusam</span> <span class='ocrx_word' id='word_1_27' title='bbox 719 505 833 564; x_wconf 90' lang='lat' dir='ltr'>certam</span> <span class='ocrx_word' id='word_1_28' title='bbox 850 499 983 581; x_wconf 83' lang='lat' dir='ltr'>proferre</span> <span class='ocrx_word' id='word_1_29' title='bbox 997 499 1037 560; x_wconf 93' lang='lat' dir='ltr'>ob</span> <span class='ocrx_word' id='word_1_30' title='bbox 1141 573 1144 578; x_wconf 90' lang='lat'>.</span> 
     </span>
     <span class='ocr_line' id='line_1_5' title="bbox 72 587 1152 676; baseline 0.002 -28"><span class='ocrx_word' id='word_1_31' title='bbox 72 605 157 667; x_wconf 84' lang='lat' dir='ltr'>quam</span> <span class='ocrx_word' id='word_1_32' title='bbox 165 587 319 650; x_wconf 76' lang='lat' dir='ltr'>contendit</span> <span class='ocrx_word' id='word_1_33' title='bbox 329 587 511 650; x_wconf 85' lang='lat' dir='ltr'>beneficium</span> <span class='ocrx_word' id='word_1_34' title='bbox 524 590 722 670; x_wconf 75' lang='lat' dir='ltr'>apossessore</span> <span class='ocrx_word' id='word_1_35' title='bbox 730 587 852 651; x_wconf 90' lang='lat' dir='ltr'>retineri</span> <span class='ocrx_word' id='word_1_36' title='bbox 863 606 924 650; x_wconf 92' lang='lat' dir='ltr'>non</span> <span class='ocrx_word' id='word_1_37' title='bbox 935 606 1033 670; x_wconf 89' lang='lat' dir='ltr'>posse.</span> <span class='ocrx_word' id='word_1_38' title='bbox 1117 591 1123 676; x_wconf 31' lang='grc' dir='ltr'>Ἰ</span> <span class='ocrx_word' id='word_1_39' title='bbox 1133 609 1134 612; x_wconf 66' lang='grc'>’</span> <span class='ocrx_word' id='word_1_40' title='bbox 1144 595 1152 668; x_wconf 73' lang='lat' dir='ltr'>j</span> 
     </span>
     <span class='ocr_line' id='line_1_6' title="bbox 72 675 1148 759; baseline 0.004 -23"><span class='ocrx_word' id='word_1_41' title='bbox 72 675 160 738; x_wconf 87' lang='lat' dir='ltr'>Debet</span> <span class='ocrx_word' id='word_1_42' title='bbox 171 676 293 758; x_wconf 90' lang='lat' dir='ltr'>insuper</span> <span class='ocrx_word' id='word_1_43' title='bbox 306 694 509 759; x_wconf 83' lang='lat' dir='ltr'>possessorem</span> <span class='ocrx_word' id='word_1_44' title='bbox 532 677 610 739; x_wconf 91' lang='lat' dir='ltr'>intra</span> <span class='ocrx_word' id='word_1_45' title='bbox 630 694 682 740; x_wconf 89' lang='lat' dir='ltr'>sex</span> <span class='ocrx_word' id='word_1_46' title='bbox 703 694 822 740; x_wconf 91' lang='lat' dir='ltr'>menses</span> <span class='ocrx_word' id='word_1_47' title='bbox 835 677 868 738; x_wconf 93' lang='lat' dir='ltr'>in</span> <span class='ocrx_word' id='word_1_48' title='bbox 885 676 1034 757; x_wconf 92' lang='lat' dir='ltr'>judicium</span> <span class='ocrx_word' id='word_1_49' title='bbox 1147 675 1217 784; x_wconf 40' lang='lat' dir='ltr'>‘ff</span> 
     </span>
    </p>
   </div>
   <div class='ocr_carea' id='block_1_4' title="bbox 64 764 1216 2350">
    <p class='ocr_par' dir='ltr' id='par_1_4' title="bbox 69 764 1036 1022">
     <span class='ocr_line' id='line_1_7' title="bbox 70 764 1036 848; baseline 0.002 -24"><span class='ocrx_word' id='word_1_50' title='bbox 70 781 179 839; x_wconf 85' lang='lat' dir='ltr'>vocare,</span> <span class='ocrx_word' id='word_1_51' title='bbox 195 781 377 846; x_wconf 82' lang='lat' dir='ltr'>causamque</span> <span class='ocrx_word' id='word_1_52' title='bbox 387 766 464 826; x_wconf 89' lang='lat' dir='ltr'>intra</span> <span class='ocrx_word' id='word_1_53' title='bbox 477 765 551 827; x_wconf 85' lang='lat' dir='ltr'>elios</span> <span class='ocrx_word' id='word_1_54' title='bbox 561 783 740 828; x_wconf 86' lang='lat' dir='ltr'>sexmenses</span> <span class='ocrx_word' id='word_1_55' title='bbox 749 764 902 848; x_wconf 83' lang='lat' dir='ltr'>prosequi.</span> <span class='ocrx_word' id='word_1_56' title='bbox 917 767 1036 827; x_wconf 77' lang='lat' dir='ltr'>Interea</span> 
     </span>
     <span class='ocr_line' id='line_1_8' title="bbox 69 852 1036 935; baseline 0.004 -23"><span class='ocrx_word' id='word_1_57' title='bbox 69 853 138 914; x_wconf 86' lang='lat' dir='ltr'>verd</span> <span class='ocrx_word' id='word_1_58' title='bbox 149 869 301 933; x_wconf 90' lang='lat' dir='ltr'>possessor</span> <span class='ocrx_word' id='word_1_59' title='bbox 314 854 347 915; x_wconf 95' lang='lat' dir='ltr'>in</span> <span class='ocrx_word' id='word_1_60' title='bbox 363 855 418 916; x_wconf 79' lang='lat' dir='ltr'>sut</span> <span class='ocrx_word' id='word_1_61' title='bbox 431 854 621 935; x_wconf 86' lang='lat' dir='ltr'>possessione</span> <span class='ocrx_word' id='word_1_62' title='bbox 634 859 736 916; x_wconf 85' lang='lat' dir='ltr'>manet</span> <span class='ocrx_word' id='word_1_63' title='bbox 753 854 852 916; x_wconf 90' lang='lat' dir='ltr'>donec</span> <span class='ocrx_word' id='word_1_64' title='bbox 865 852 902 914; x_wconf 90' lang='lat' dir='ltr'>iis</span> <span class='ocrx_word' id='word_1_65' title='bbox 916 852 1036 916; x_wconf 86' lang='lat' dir='ltr'>dirima-</span> 
     </span>
     <span class='ocr_line' id='line_1_9' title="bbox 69 941 540 1022; baseline 0.008 -22"><span class='ocrx_word' id='word_1_66' title='bbox 69 945 116 1002; x_wconf 89' lang='lat' dir='ltr'>tur</span> <span class='ocrx_word' id='word_1_67' title='bbox 131 959 139 1000; x_wconf 73' lang='grc' dir='ltr'><strong>ι</strong></span> <span class='ocrx_word' id='word_1_68' title='bbox 154 941 192 1002; x_wconf 88' lang='lat' dir='ltr'>ita</span> <span class='ocrx_word' id='word_1_69' title='bbox 204 959 269 1022; x_wconf 77' lang='lat' dir='ltr'>reg.</span> <span class='ocrx_word' id='word_1_70' title='bbox 285 945 323 1004; x_wconf 88' lang='grc'>35</span> <span class='ocrx_word' id='word_1_71' title='bbox 338 941 540 1004; x_wconf 82' lang='lat' dir='ltr'>Canceilariae.</span> 
     </span>
    </p>

    <p class='ocr_par' dir='ltr' id='par_1_5' title="bbox 65 1029 1216 1906">
     <span class='ocr_line' id='line_1_10' title="bbox 108 1029 1216 1116; baseline 0.004 -26"><span class='ocrx_word' id='word_1_72' title='bbox 108 1031 194 1092; x_wconf 90' lang='grc'><strong>5414.</strong></span> <span class='ocrx_word' id='word_1_73' title='bbox 205 1063 245 1075; x_wconf 93' lang='grc'>-</span> <span class='ocrx_word' id='word_1_74' title='bbox 260 1033 293 1091; x_wconf 69' lang='grc' dir='ltr'>6ο</span> <span class='ocrx_word' id='word_1_75' title='bbox 313 1030 344 1092; x_wconf 90' lang='lat' dir='ltr'>Si</span> <span class='ocrx_word' id='word_1_76' title='bbox 358 1036 460 1092; x_wconf 87' lang='lat' dir='ltr'>autem</span> <span class='ocrx_word' id='word_1_77' title='bbox 477 1033 627 1112; x_wconf 89' lang='lat' dir='ltr'>possessio</span> <span class='ocrx_word' id='word_1_78' title='bbox 638 1029 729 1094; x_wconf 84' lang='lat' dir='ltr'>fuerit</span> <span class='ocrx_word' id='word_1_79' title='bbox 741 1029 913 1109; x_wconf 81' lang='lat' dir='ltr'>triennalis,</span> <span class='ocrx_word' id='word_1_80' title='bbox 931 1047 969 1093; x_wconf 91' lang='lat' dir='ltr'>ex</span> <span class='ocrx_word' id='word_1_81' title='bbox 988 1049 1036 1093; x_wconf 91' lang='lat' dir='ltr'>re·</span> <span class='ocrx_word' id='word_1_82' title='bbox 1131 1105 1132 1108; x_wconf 8' lang='grc' dir='ltr'><strong>Ἴ</strong></span> <span class='ocrx_word' id='word_1_83' title='bbox 1163 1063 1216 1116; x_wconf 61' lang='lat'>³²:222·</span> 
     </span>
     <span class='ocr_line' id='line_1_11' title="bbox 69 1115 1158 1200; baseline 0.004 -24"><span class='ocrx_word' id='word_1_84' title='bbox 69 1115 138 1199; x_wconf 79' lang='lat' dir='ltr'>guid</span> <span class='ocrx_word' id='word_1_85' title='bbox 156 1119 194 1180; x_wconf 83' lang='lat'>36</span> <span class='ocrx_word' id='word_1_86' title='bbox 221 1117 357 1196; x_wconf 71' lang='lat' dir='ltr'>eiusdem</span> <span class='ocrx_word' id='word_1_87' title='bbox 379 1119 569 1182; x_wconf 85' lang='lat' dir='ltr'>Geneeiiariae</span> <span class='ocrx_word' id='word_1_88' title='bbox 596 1120 636 1182; x_wconf 90' lang='lat' dir='ltr'>ita</span> <span class='ocrx_word' id='word_1_89' title='bbox 656 1121 688 1181; x_wconf 94' lang='lat' dir='ltr'>in</span> <span class='ocrx_word' id='word_1_90' title='bbox 720 1125 786 1182; x_wconf 86' lang='lat' dir='ltr'>tuto</span> <span class='ocrx_word' id='word_1_91' title='bbox 814 1120 938 1200; x_wconf 90' lang='lat' dir='ltr'>ponitur</span> <span class='ocrx_word' id='word_1_92' title='bbox 965 1125 1038 1181; x_wconf 90' lang='lat' dir='ltr'>tune</span> <span class='ocrx_word' id='word_1_93' title='bbox 1150 1117 1158 1146; x_wconf 69' lang='lat'><em>³</em></span> 
     </span>
     <span class='ocr_line' id='line_1_12' title="bbox 70 1206 1214 1290; baseline 0.003 -25"><span class='ocrx_word' id='word_1_94' title='bbox 70 1221 228 1286; x_wconf 86' lang='lat' dir='ltr'>possessor,</span> <span class='ocrx_word' id='word_1_95' title='bbox 243 1206 318 1268; x_wconf 90' lang='lat' dir='ltr'>utin</span> <span class='ocrx_word' id='word_1_96' title='bbox 329 1207 379 1285; x_wconf 86' lang='lat' dir='ltr'>jus</span> <span class='ocrx_word' id='word_1_97' title='bbox 392 1207 492 1270; x_wconf 87' lang='lat' dir='ltr'>vocari</span> <span class='ocrx_word' id='word_1_98' title='bbox 501 1213 532 1270; x_wconf 86' lang='lat' dir='ltr'>et</span> <span class='ocrx_word' id='word_1_99' title='bbox 541 1208 728 1290; x_wconf 88' lang='lat' dir='ltr'>possessione</span> <span class='ocrx_word' id='word_1_100' title='bbox 742 1207 894 1270; x_wconf 90' lang='lat' dir='ltr'>exturbari</span> <span class='ocrx_word' id='word_1_101' title='bbox 907 1206 1039 1288; x_wconf 85' lang='lat' dir='ltr'>ampiids</span> <span class='ocrx_word' id='word_1_102' title='bbox 1174 1223 1180 1236; x_wconf 49' lang='lat'>‘¹</span> <span class='ocrx_word' id='word_1_103' title='bbox 1200 1215 1214 1230; x_wconf 80' lang='grc'>“’</span> 
     </span>
     <span class='ocr_line' id='line_1_13' title="bbox 69 1293 1034 1378; baseline 0.001 -22"><span class='ocrx_word' id='word_1_104' title='bbox 69 1309 129 1356; x_wconf 85' lang='lat' dir='ltr'>non</span> <span class='ocrx_word' id='word_1_105' title='bbox 141 1293 242 1373; x_wconf 85' lang='lat' dir='ltr'>possit.</span> <span class='ocrx_word' id='word_1_106' title='bbox 254 1294 313 1357; x_wconf 89' lang='lat' dir='ltr'>Sed</span> <span class='ocrx_word' id='word_1_107' title='bbox 327 1293 364 1356; x_wconf 89' lang='lat' dir='ltr'>ad</span> <span class='ocrx_word' id='word_1_108' title='bbox 378 1293 436 1357; x_wconf 92' lang='lat' dir='ltr'>hoc</span> <span class='ocrx_word' id='word_1_109' title='bbox 445 1296 608 1377; x_wconf 79' lang='lat' dir='ltr'>requiritur</span> <span class='ocrx_word' id='word_1_110' title='bbox 621 1303 655 1359; x_wconf 88' lang='lat' dir='ltr'>ut</span> <span class='ocrx_word' id='word_1_111' title='bbox 668 1295 817 1378; x_wconf 90' lang='lat' dir='ltr'>possessio</span> <span class='ocrx_word' id='word_1_112' title='bbox 828 1296 866 1357; x_wconf 89' lang='lat' dir='ltr'>sit</span> <span class='ocrx_word' id='word_1_113' title='bbox 879 1295 1034 1366; x_wconf 84' lang='lat' dir='ltr'>continua.</span> 
     </span>
     <span class='ocr_line' id='line_1_14' title="bbox 67 1380 1039 1466; baseline 0.003 -25"><span class='ocrx_word' id='word_1_114' title='bbox 67 1380 228 1461; x_wconf 88' lang='lat' dir='ltr'>compieta,</span> <span class='ocrx_word' id='word_1_115' title='bbox 245 1381 286 1444; x_wconf 87' lang='lat' dir='ltr'>ita</span> <span class='ocrx_word' id='word_1_116' title='bbox 299 1390 333 1446; x_wconf 90' lang='lat' dir='ltr'>ut</span> <span class='ocrx_word' id='word_1_117' title='bbox 347 1401 386 1445; x_wconf 93' lang='lat' dir='ltr'>ne</span> <span class='ocrx_word' id='word_1_118' title='bbox 399 1402 479 1446; x_wconf 92' lang='lat' dir='ltr'>unus</span> <span class='ocrx_word' id='word_1_119' title='bbox 493 1384 617 1465; x_wconf 88' lang='lat' dir='ltr'>quidem</span> <span class='ocrx_word' id='word_1_120' title='bbox 630 1383 696 1448; x_wconf 89' lang='lat' dir='ltr'>dies</span> <span class='ocrx_word' id='word_1_121' title='bbox 708 1383 846 1460; x_wconf 81' lang='lat' dir='ltr'>deiiciat3</span> <span class='ocrx_word' id='word_1_122' title='bbox 860 1383 998 1466; x_wconf 75' lang='lat' dir='ltr'>pacifica,</span> <span class='ocrx_word' id='word_1_123' title='bbox 1007 1382 1039 1444; x_wconf 95' lang='lat' dir='ltr'>id</span> 
     </span>
     <span class='ocr_line' id='line_1_15' title="bbox 67 1469 1038 1554; baseline 0.002 -22"><span class='ocrx_word' id='word_1_124' title='bbox 67 1469 189 1532; x_wconf 77' lang='lat' dir='ltr'>estsine</span> <span class='ocrx_word' id='word_1_125' title='bbox 212 1470 263 1533; x_wconf 89' lang='lat' dir='ltr'>tite</span> <span class='ocrx_word' id='word_1_126' title='bbox 276 1471 322 1534; x_wconf 87' lang='lat' dir='ltr'>rei</span> <span class='ocrx_word' id='word_1_127' title='bbox 342 1473 545 1535; x_wconf 74' lang='lat' dir='ltr'>controversie</span> <span class='ocrx_word' id='word_1_128' title='bbox 571 1473 685 1535; x_wconf 90' lang='lat' dir='ltr'>sivein</span> <span class='ocrx_word' id='word_1_129' title='bbox 707 1473 909 1554; x_wconf 83' lang='lat' dir='ltr'>possessorio,</span> <span class='ocrx_word' id='word_1_130' title='bbox 931 1471 1038 1535; x_wconf 90' lang='lat' dir='ltr'>sivein</span> 
     </span>
     <span class='ocr_line' id='line_1_16' title="bbox 67 1557 1039 1638; baseline 0.003 -21"><span class='ocrx_word' id='word_1_131' title='bbox 67 1557 205 1638; x_wconf 90' lang='lat' dir='ltr'>petitorio</span> <span class='ocrx_word' id='word_1_132' title='bbox 226 1559 370 1636; x_wconf 76' lang='lat' dir='ltr'>exeitatd;</span> <span class='ocrx_word' id='word_1_133' title='bbox 394 1560 486 1624; x_wconf 92' lang='lat' dir='ltr'>debet</span> <span class='ocrx_word' id='word_1_134' title='bbox 504 1563 595 1623; x_wconf 89' lang='lat' dir='ltr'>etiam</span> <span class='ocrx_word' id='word_1_135' title='bbox 615 1580 681 1624; x_wconf 90' lang='lat' dir='ltr'>esse</span> <span class='ocrx_word' id='word_1_136' title='bbox 704 1579 777 1623; x_wconf 87' lang='lat' dir='ltr'>eum</span> <span class='ocrx_word' id='word_1_137' title='bbox 799 1559 880 1622; x_wconf 76' lang='lat' dir='ltr'>bone</span> <span class='ocrx_word' id='word_1_138' title='bbox 901 1559 979 1632; x_wconf 89' lang='lat' dir='ltr'>tide,</span> <span class='ocrx_word' id='word_1_139' title='bbox 1000 1577 1039 1622; x_wconf 83' lang='lat' dir='ltr'>ox</span> 
     </span>
     <span class='ocr_line' id='line_1_17' title="bbox 67 1646 1037 1731; baseline 0 -24"><span class='ocrx_word' id='word_1_140' title='bbox 67 1647 153 1708; x_wconf 88' lang='lat' dir='ltr'>tituto</span> <span class='ocrx_word' id='word_1_141' title='bbox 165 1647 296 1710; x_wconf 86' lang='lat' dir='ltr'>colorato</span> <span class='ocrx_word' id='word_1_142' title='bbox 310 1649 382 1730; x_wconf 79' lang='lat' dir='ltr'>qui,</span> <span class='ocrx_word' id='word_1_143' title='bbox 397 1649 511 1731; x_wconf 81' lang='lat' dir='ltr'>absque</span> <span class='ocrx_word' id='word_1_144' title='bbox 531 1650 660 1710; x_wconf 79' lang='lat' dir='ltr'>simonia</span> <span class='ocrx_word' id='word_1_145' title='bbox 674 1657 726 1710; x_wconf 92' lang='lat' dir='ltr'>aut</span> <span class='ocrx_word' id='word_1_146' title='bbox 744 1648 803 1710; x_wconf 90' lang='lat' dir='ltr'>aiio</span> <span class='ocrx_word' id='word_1_147' title='bbox 816 1648 928 1728; x_wconf 87' lang='lat' dir='ltr'>patenti</span> <span class='ocrx_word' id='word_1_148' title='bbox 947 1646 1037 1724; x_wconf 85' lang='lat' dir='ltr'>uitio,</span> 
     </span>
     <span class='ocr_line' id='line_1_18' title="bbox 66 1733 1039 1815; baseline 0.002 -20"><span class='ocrx_word' id='word_1_149' title='bbox 66 1735 106 1796; x_wconf 89' lang='lat' dir='ltr'>ab</span> <span class='ocrx_word' id='word_1_150' title='bbox 118 1751 156 1797; x_wconf 91' lang='lat' dir='ltr'>eo</span> <span class='ocrx_word' id='word_1_151' title='bbox 171 1737 209 1798; x_wconf 93' lang='lat' dir='ltr'>sit</span> <span class='ocrx_word' id='word_1_152' title='bbox 220 1736 308 1798; x_wconf 88' lang='lat' dir='ltr'>datus</span> <span class='ocrx_word' id='word_1_153' title='bbox 330 1736 380 1799; x_wconf 90' lang='lat' dir='ltr'>eui</span> <span class='ocrx_word' id='word_1_154' title='bbox 398 1738 448 1815; x_wconf 82' lang='lat' dir='ltr'>J&#39;us</span> <span class='ocrx_word' id='word_1_155' title='bbox 469 1743 535 1800; x_wconf 87' lang='lat' dir='ltr'>erat</span> <span class='ocrx_word' id='word_1_156' title='bbox 553 1737 736 1800; x_wconf 84' lang='lat' dir='ltr'>beneficium</span> <span class='ocrx_word' id='word_1_157' title='bbox 754 1733 939 1799; x_wconf 81' lang='lat' dir='ltr'>conferendi.</span> <span class='ocrx_word' id='word_1_158' title='bbox 965 1733 1039 1797; x_wconf 86' lang='lat' dir='ltr'>Vide</span> 
     </span>
     <span class='ocr_line' id='line_1_19' title="bbox 65 1823 714 1906; baseline 0.003 -20"><span class='ocrx_word' id='word_1_159' title='bbox 65 1823 156 1886; x_wconf 71' lang='lat' dir='ltr'>mid.</span> <span class='ocrx_word' id='word_1_160' title='bbox 172 1825 271 1906; x_wconf 82' lang='lat' dir='ltr'>Soglia</span> <span class='ocrx_word' id='word_1_161' title='bbox 284 1823 349 1903; x_wconf 73' lang='lat' dir='ltr'>(ie,</span> <span class='ocrx_word' id='word_1_162' title='bbox 363 1824 383 1906; x_wconf 64' lang='grc' dir='ltr'>ξ</span> <span class='ocrx_word' id='word_1_163' title='bbox 396 1828 457 1904; x_wconf 87' lang='grc'>96),</span> <span class='ocrx_word' id='word_1_164' title='bbox 472 1831 501 1888; x_wconf 91' lang='lat' dir='ltr'>et</span> <span class='ocrx_word' id='word_1_165' title='bbox 515 1844 606 1906; x_wconf 86' lang='lat' dir='ltr'>supra</span> <span class='ocrx_word' id='word_1_166' title='bbox 620 1827 714 1904; x_wconf 84' lang='grc'><strong>(419).</strong></span> 
     </span>
    </p>

    <p class='ocr_par' dir='ltr' id='par_1_6' title="bbox 64 1911 1040 2350">
     <span class='ocr_line' id='line_1_20' title="bbox 108 1911 1038 1995; baseline 0.001 -21"><span class='ocrx_word' id='word_1_167' title='bbox 108 1916 199 1976; x_wconf 86' lang='grc'><strong>5415.</strong></span> <span class='ocrx_word' id='word_1_168' title='bbox 214 1915 258 1976; x_wconf 90' lang='lat' dir='ltr'>De</span> <span class='ocrx_word' id='word_1_169' title='bbox 272 1913 364 1975; x_wconf 94' lang='lat' dir='ltr'>modo</span> <span class='ocrx_word' id='word_1_170' title='bbox 378 1913 516 1976; x_wconf 90' lang='lat' dir='ltr'>mittendi</span> <span class='ocrx_word' id='word_1_171' title='bbox 528 1914 560 1976; x_wconf 91' lang='lat' dir='ltr'>in</span> <span class='ocrx_word' id='word_1_172' title='bbox 569 1913 789 1995; x_wconf 91' lang='lat' dir='ltr'>possessionem</span> <span class='ocrx_word' id='word_1_173' title='bbox 802 1911 936 1976; x_wconf 86' lang='lat' dir='ltr'>diximus</span> <span class='ocrx_word' id='word_1_174' title='bbox 947 1929 1038 1994; x_wconf 87' lang='lat' dir='ltr'>supra</span> 
     </span>
     <span class='ocr_line' id='line_1_21' title="bbox 65 2000 1039 2084; baseline -0.003 -19"><span class='ocrx_word' id='word_1_175' title='bbox 65 2005 161 2078; x_wconf 74' lang='grc'><strong>(365,</strong></span> <span class='ocrx_word' id='word_1_176' title='bbox 178 2005 258 2079; x_wconf 88' lang='grc'>465,</span> <span class='ocrx_word' id='word_1_177' title='bbox 279 2005 370 2079; x_wconf 90' lang='grc'><strong>4464)</strong></span> <span class='ocrx_word' id='word_1_178' title='bbox 386 2003 458 2081; x_wconf 72' lang='lat' dir='ltr'>:ius</span> <span class='ocrx_word' id='word_1_179' title='bbox 476 2009 577 2065; x_wconf 87' lang='lat' dir='ltr'>autem</span> <span class='ocrx_word' id='word_1_180' title='bbox 601 2003 633 2064; x_wconf 94' lang='lat' dir='ltr'>in</span> <span class='ocrx_word' id='word_1_181' title='bbox 655 2001 877 2084; x_wconf 89' lang='lat' dir='ltr'>possessionem</span> <span class='ocrx_word' id='word_1_182' title='bbox 901 2000 1039 2063; x_wconf 90' lang='lat' dir='ltr'>mittendi</span> 
     </span>
     <span class='ocr_line' id='line_1_22' title="bbox 64 2089 1040 2172; baseline -0.002 -18"><span class='ocrx_word' id='word_1_183' title='bbox 64 2089 184 2154; x_wconf 84' lang='lat' dir='ltr'>videtur</span> <span class='ocrx_word' id='word_1_184' title='bbox 199 2091 271 2153; x_wconf 91' lang='lat' dir='ltr'>oiim</span> <span class='ocrx_word' id='word_1_185' title='bbox 283 2090 462 2172; x_wconf 86' lang='lat' dir='ltr'>pertinuisse</span> <span class='ocrx_word' id='word_1_186' title='bbox 475 2089 514 2153; x_wconf 87' lang='lat' dir='ltr'>ud</span> <span class='ocrx_word' id='word_1_187' title='bbox 534 2089 767 2154; x_wconf 79' lang='lat' dir='ltr'>Archidiaoonos</span> <span class='ocrx_word' id='word_1_188' title='bbox 780 2109 788 2152; x_wconf 91' lang='lat'>:</span> <span class='ocrx_word' id='word_1_189' title='bbox 801 2090 941 2172; x_wconf 90' lang='lat' dir='ltr'>incapite</span> <span class='ocrx_word' id='word_1_190' title='bbox 956 2091 1040 2152; x_wconf 93' lang='lat' dir='ltr'>enim</span> 
     </span>
     <span class='ocr_line' id='line_1_23' title="bbox 68 2177 1039 2260; baseline -0.003 -19"><span class='ocrx_word' id='word_1_191' title='bbox 68 2178 229 2258; x_wconf 70' lang='lat' dir='ltr'>Adiacet,</span> <span class='ocrx_word' id='word_1_192' title='bbox 240 2179 275 2242; x_wconf 88' lang='lat' dir='ltr'>de</span> <span class='ocrx_word' id='word_1_193' title='bbox 290 2177 608 2260; x_wconf 80' lang='lat' dir='ltr'>OfficioArcdidiueoni</span> <span class='ocrx_word' id='word_1_194' title='bbox 617 2226 626 2258; x_wconf 91' lang='lat'>‚</span> <span class='ocrx_word' id='word_1_195' title='bbox 640 2178 749 2242; x_wconf 92' lang='lat' dir='ltr'>dicitur</span> <span class='ocrx_word' id='word_1_196' title='bbox 765 2197 773 2240; x_wconf 90' lang='lat'>:</span> <span class='ocrx_word' id='word_1_197' title='bbox 792 2181 889 2242; x_wconf 78' lang='lat' dir='ltr'>ctam</span> <span class='ocrx_word' id='word_1_198' title='bbox 903 2177 962 2240; x_wconf 79' lang='lat' dir='ltr'>ulia</span> <span class='ocrx_word' id='word_1_199' title='bbox 974 2177 1039 2239; x_wconf 88' lang='lat' dir='ltr'>vice</span> 
     </span>
     <span class='ocr_line' id='line_1_24' title="bbox 66 2265 1040 2350; baseline -0.002 -23"><span class='ocrx_word' id='word_1_200' title='bbox 66 2290 82 2327; x_wconf 76' lang='grc'>4</span> <span class='ocrx_word' id='word_1_201' title='bbox 108 2286 166 2330; x_wconf 90' lang='lat' dir='ltr'>nes</span> <span class='ocrx_word' id='word_1_202' title='bbox 183 2268 378 2330; x_wconf 91' lang='lat' dir='ltr'>meminimus</span> <span class='ocrx_word' id='word_1_203' title='bbox 399 2269 580 2349; x_wconf 87' lang='lat' dir='ltr'>expressisse</span> <span class='ocrx_word' id='word_1_204' title='bbox 602 2267 684 2350; x_wconf 80' lang='lat' dir='ltr'>quod</span> <span class='ocrx_word' id='word_1_205' title='bbox 703 2267 854 2330; x_wconf 81' lang='lat' dir='ltr'>institutio</span> <span class='ocrx_word' id='word_1_206' title='bbox 879 2265 1040 2348; x_wconf 76' lang='lat' dir='ltr'>corporatis</span> 
     </span>
    </p>
   </div>
   <div class='ocr_carea' id='block_1_5' title="bbox 64 2354 1147 2439">
    <p class='ocr_par' dir='ltr' id='par_1_7' title="bbox 64 2354 1147 2439">
     <span class='ocr_line' id='line_1_25' title="bbox 64 2354 1147 2439; baseline -0.006 -21"><span class='ocrx_word' id='word_1_207' title='bbox 64 2379 80 2418; x_wconf 77' lang='lat' dir='ltr'>r</span> <span class='ocrx_word' id='word_1_208' title='bbox 106 2358 170 2418; x_wconf 73' lang='lat' dir='ltr'>tem</span> <span class='ocrx_word' id='word_1_209' title='bbox 185 2375 275 2439; x_wconf 88' lang='lat' dir='ltr'>super</span> <span class='ocrx_word' id='word_1_210' title='bbox 289 2354 442 2418; x_wconf 87' lang='lat' dir='ltr'>beneficiis</span> <span class='ocrx_word' id='word_1_211' title='bbox 456 2359 548 2436; x_wconf 77' lang='lat' dir='ltr'>quem</span> <span class='ocrx_word' id='word_1_212' title='bbox 564 2357 655 2419; x_wconf 90' lang='lat' dir='ltr'>etiam</span> <span class='ocrx_word' id='word_1_213' title='bbox 669 2355 868 2436; x_wconf 76' lang='lat' dir='ltr'>Dignitatibus</span> <span class='ocrx_word' id='word_1_214' title='bbox 888 2354 926 2415; x_wconf 87' lang='lat' dir='ltr'>ad</span> <span class='ocrx_word' id='word_1_215' title='bbox 945 2354 1039 2434; x_wconf 84' lang='lat' dir='ltr'>ipsum</span> <span class='ocrx_word' id='word_1_216' title='bbox 1141 2415 1147 2424; x_wconf 70' lang='grc'>,</span> 
     </span>
    </p>
   </div>
   <div class='ocr_carea' id='block_1_6' title="bbox 54 2442 1043 3591">
    <p class='ocr_par' dir='ltr' id='par_1_8' title="bbox 59 2442 1041 2882">
     <span class='ocr_line' id='line_1_26' title="bbox 61 2442 1039 2526; baseline -0.004 -20"><span class='ocrx_word' id='word_1_217' title='bbox 61 2467 79 2506; x_wconf 75' lang='grc' dir='ltr'><strong><em>ι</em></strong></span> <span class='ocrx_word' id='word_1_218' title='bbox 105 2443 210 2507; x_wconf 86' lang='lat' dir='ltr'>debeat</span> <span class='ocrx_word' id='word_1_219' title='bbox 220 2444 383 2526; x_wconf 81' lang='lat' dir='ltr'>pertinere.</span> <span class='ocrx_word' id='word_1_220' title='bbox 408 2465 425 2503; x_wconf 81' lang='lat' dir='ltr'>r</span> <span class='ocrx_word' id='word_1_221' title='bbox 446 2447 492 2506; x_wconf 83' lang='lat' dir='ltr'>Ex</span> <span class='ocrx_word' id='word_1_222' title='bbox 510 2445 641 2526; x_wconf 89' lang='lat' dir='ltr'>capitulo</span> <span class='ocrx_word' id='word_1_223' title='bbox 663 2449 765 2506; x_wconf 87' lang='lat' dir='ltr'>autem</span> <span class='ocrx_word' id='word_1_224' title='bbox 785 2442 957 2504; x_wconf 80' lang='lat' dir='ltr'>letantem</span> <span class='ocrx_word' id='word_1_225' title='bbox 982 2445 1039 2518; x_wconf 90' lang='grc'>36,</span> 
     </span>
     <span class='ocr_line' id='line_1_27' title="bbox 59 2527 1041 2611; baseline -0.007 -15"><span class='ocrx_word' id='word_1_226' title='bbox 59 2535 99 2596; x_wconf 86' lang='lat' dir='ltr'>de</span> <span class='ocrx_word' id='word_1_227' title='bbox 113 2533 260 2611; x_wconf 73' lang='lat' dir='ltr'>simonio,</span> <span class='ocrx_word' id='word_1_228' title='bbox 274 2532 390 2595; x_wconf 85' lang='lat' dir='ltr'>ridetur</span> <span class='ocrx_word' id='word_1_229' title='bbox 403 2549 462 2595; x_wconf 92' lang='lat' dir='ltr'>usu</span> <span class='ocrx_word' id='word_1_230' title='bbox 475 2532 680 2595; x_wconf 87' lang='lat' dir='ltr'>introductum</span> <span class='ocrx_word' id='word_1_231' title='bbox 693 2548 759 2592; x_wconf 90' lang='lat' dir='ltr'>esse</span> <span class='ocrx_word' id='word_1_232' title='bbox 777 2535 811 2592; x_wconf 86' lang='lat' dir='ltr'>ut</span> <span class='ocrx_word' id='word_1_233' title='bbox 824 2529 916 2590; x_wconf 87' lang='lat' dir='ltr'>etiem</span> <span class='ocrx_word' id='word_1_234' title='bbox 929 2527 1041 2590; x_wconf 87' lang='lat' dir='ltr'>Deceni</span> 
     </span>
     <span class='ocr_line' id='line_1_28' title="bbox 60 2615 1041 2702; baseline -0.007 -17"><span class='ocrx_word' id='word_1_235' title='bbox 60 2622 205 2685; x_wconf 89' lang='lat' dir='ltr'>minores</span> <span class='ocrx_word' id='word_1_236' title='bbox 225 2622 377 2684; x_wconf 87' lang='lat' dir='ltr'>mitterent</span> <span class='ocrx_word' id='word_1_237' title='bbox 396 2621 428 2682; x_wconf 94' lang='lat' dir='ltr'>in</span> <span class='ocrx_word' id='word_1_238' title='bbox 443 2621 674 2702; x_wconf 90' lang='lat' dir='ltr'>possessionem.</span> <span class='ocrx_word' id='word_1_239' title='bbox 696 2619 792 2680; x_wconf 85' lang='lat' dir='ltr'>Hodie</span> <span class='ocrx_word' id='word_1_240' title='bbox 810 2618 881 2680; x_wconf 87' lang='lat' dir='ltr'>verd</span> <span class='ocrx_word' id='word_1_241' title='bbox 900 2617 933 2677; x_wconf 97' lang='lat' dir='ltr'>in</span> <span class='ocrx_word' id='word_1_242' title='bbox 947 2615 1041 2678; x_wconf 77' lang='lat' dir='ltr'>Gallie</span> 
     </span>
     <span class='ocr_line' id='line_1_29' title="bbox 59 2703 1041 2791; baseline -0.008 -16"><span class='ocrx_word' id='word_1_243' title='bbox 59 2711 128 2775; x_wconf 89' lang='lat' dir='ltr'>hnc</span> <span class='ocrx_word' id='word_1_244' title='bbox 138 2709 192 2790; x_wconf 87' lang='lat' dir='ltr'>jus</span> <span class='ocrx_word' id='word_1_245' title='bbox 200 2715 355 2774; x_wconf 90' lang='lat' dir='ltr'>exercetur</span> <span class='ocrx_word' id='word_1_246' title='bbox 367 2707 406 2772; x_wconf 91' lang='lat' dir='ltr'>ab</span> <span class='ocrx_word' id='word_1_247' title='bbox 419 2710 559 2791; x_wconf 88' lang='lat' dir='ltr'>Episcopi</span> <span class='ocrx_word' id='word_1_248' title='bbox 573 2708 716 2790; x_wconf 82' lang='lat' dir='ltr'>delegatis</span> <span class='ocrx_word' id='word_1_249' title='bbox 729 2707 790 2771; x_wconf 88' lang='lat' dir='ltr'>sive</span> <span class='ocrx_word' id='word_1_250' title='bbox 799 2703 966 2788; x_wconf 84' lang='lat' dir='ltr'>specialiter</span> <span class='ocrx_word' id='word_1_251' title='bbox 980 2704 1041 2767; x_wconf 84' lang='lat' dir='ltr'>sive</span> 
     </span>
     <span class='ocr_line' id='line_1_30' title="bbox 60 2799 260 2882; baseline 0.015 -22"><span class='ocrx_word' id='word_1_252' title='bbox 60 2799 260 2882; x_wconf 80' lang='lat' dir='ltr'>generaliter.</span> 
     </span>
    </p>

    <p class='ocr_par' dir='ltr' id='par_1_9' title="bbox 58 2881 1041 3060">
     <span class='ocr_line' id='line_1_31' title="bbox 107 2881 1041 2970; baseline -0.002 -22"><span class='ocrx_word' id='word_1_253' title='bbox 107 2886 159 2949; x_wconf 85' lang='lat' dir='ltr'>Ad</span> <span class='ocrx_word' id='word_1_254' title='bbox 180 2887 354 2968; x_wconf 85' lang='lat' dir='ltr'>hujusmodi</span> <span class='ocrx_word' id='word_1_255' title='bbox 374 2887 545 2970; x_wconf 78' lang='lat' dir='ltr'>delegatum</span> <span class='ocrx_word' id='word_1_256' title='bbox 567 2907 631 2951; x_wconf 95' lang='lat' dir='ltr'>non</span> <span class='ocrx_word' id='word_1_257' title='bbox 657 2886 787 2970; x_wconf 87' lang='lat' dir='ltr'>pertinet</span> <span class='ocrx_word' id='word_1_258' title='bbox 809 2881 979 2967; x_wconf 83' lang='lat' dir='ltr'>expendere</span> <span class='ocrx_word' id='word_1_259' title='bbox 1001 2899 1041 2946; x_wconf 88' lang='lat' dir='ltr'>an</span> 
     </span>
     <span class='ocr_line' id='line_1_32' title="bbox 58 2976 625 3060; baseline 0.004 -21"><span class='ocrx_word' id='word_1_260' title='bbox 58 2981 229 3060; x_wconf 88' lang='lat' dir='ltr'>promotus</span> <span class='ocrx_word' id='word_1_261' title='bbox 241 2976 349 3040; x_wconf 89' lang='lat' dir='ltr'>habeat</span> <span class='ocrx_word' id='word_1_262' title='bbox 361 2976 447 3039; x_wconf 88' lang='lat' dir='ltr'>dotes</span> <span class='ocrx_word' id='word_1_263' title='bbox 458 2977 625 3059; x_wconf 82' lang='lat' dir='ltr'>requisitae.</span> 
     </span>
    </p>

    <p class='ocr_par' dir='ltr' id='par_1_10' title="bbox 56 3059 1042 3326">
     <span class='ocr_line' id='line_1_33' title="bbox 105 3059 1041 3148; baseline -0.004 -20"><span class='ocrx_word' id='word_1_264' title='bbox 105 3064 197 3128; x_wconf 83' lang='lat' dir='ltr'>Multi</span> <span class='ocrx_word' id='word_1_265' title='bbox 213 3071 284 3128; x_wconf 90' lang='lat' dir='ltr'>sunt</span> <span class='ocrx_word' id='word_1_266' title='bbox 295 3064 480 3128; x_wconf 86' lang='lat' dir='ltr'>beneficiarii</span> <span class='ocrx_word' id='word_1_267' title='bbox 500 3067 641 3148; x_wconf 79' lang='lat' dir='ltr'>equinus</span> <span class='ocrx_word' id='word_1_268' title='bbox 663 3064 758 3129; x_wconf 86' lang='lat' dir='ltr'>emitti</span> <span class='ocrx_word' id='word_1_269' title='bbox 775 3063 866 3127; x_wconf 91' lang='lat' dir='ltr'>debet</span> <span class='ocrx_word' id='word_1_270' title='bbox 887 3059 958 3126; x_wconf 82' lang='lat' dir='ltr'>fidei</span> <span class='ocrx_word' id='word_1_271' title='bbox 971 3080 1041 3145; x_wconf 91' lang='lat' dir='ltr'>pro-</span> 
     </span>
     <span class='ocr_line' id='line_1_34' title="bbox 56 3151 1042 3237; baseline -0.004 -21"><span class='ocrx_word' id='word_1_272' title='bbox 56 3153 162 3216; x_wconf 83' lang='lat' dir='ltr'>fessio</span> <span class='ocrx_word' id='word_1_273' title='bbox 185 3154 218 3216; x_wconf 94' lang='lat' dir='ltr'>in</span> <span class='ocrx_word' id='word_1_274' title='bbox 242 3155 446 3236; x_wconf 88' lang='lat' dir='ltr'>assumptione</span> <span class='ocrx_word' id='word_1_275' title='bbox 468 3154 665 3237; x_wconf 87' lang='lat' dir='ltr'>possessionis</span> <span class='ocrx_word' id='word_1_276' title='bbox 687 3153 827 3217; x_wconf 87' lang='lat' dir='ltr'>beneficii</span> <span class='ocrx_word' id='word_1_277' title='bbox 852 3172 859 3214; x_wconf 93' lang='lat'><strong>:</strong></span> <span class='ocrx_word' id='word_1_278' title='bbox 884 3151 951 3216; x_wconf 89' lang='lat' dir='ltr'>vide</span> <span class='ocrx_word' id='word_1_279' title='bbox 968 3151 1042 3232; x_wconf 94' lang='lat' dir='ltr'>quid</span> 
     </span>
     <span class='ocr_line' id='line_1_35' title="bbox 56 3241 1040 3326; baseline -0.003 -21"><span class='ocrx_word' id='word_1_280' title='bbox 56 3243 103 3305; x_wconf 93' lang='lat' dir='ltr'>de</span> <span class='ocrx_word' id='word_1_281' title='bbox 124 3241 188 3305; x_wconf 76' lang='lat' dir='ltr'>hee</span> <span class='ocrx_word' id='word_1_282' title='bbox 201 3243 362 3306; x_wconf 88' lang='lat' dir='ltr'>emissione</span> <span class='ocrx_word' id='word_1_283' title='bbox 375 3243 507 3306; x_wconf 84' lang='lat' dir='ltr'>diximus</span> <span class='ocrx_word' id='word_1_284' title='bbox 524 3263 615 3326; x_wconf 90' lang='lat' dir='ltr'>supra</span> <span class='ocrx_word' id='word_1_285' title='bbox 629 3247 716 3323; x_wconf 90' lang='grc'><strong>(441,</strong></span> <span class='ocrx_word' id='word_1_286' title='bbox 733 3247 829 3320; x_wconf 84' lang='grc'><strong>1444,</strong></span> <span class='ocrx_word' id='word_1_287' title='bbox 844 3244 1040 3316; x_wconf 79' lang='grc'><strong>43654369).</strong></span> 
     </span>
    </p>

    <p class='ocr_par' dir='ltr' id='par_1_11' title="bbox 54 3327 1043 3591">
     <span class='ocr_line' id='line_1_36' title="bbox 106 3327 1040 3414; baseline -0.006 -20"><span class='ocrx_word' id='word_1_288' title='bbox 106 3335 205 3394; x_wconf 90' lang='grc'><strong>5416.</strong></span> <span class='ocrx_word' id='word_1_289' title='bbox 233 3331 338 3405; x_wconf 84' lang='lat' dir='ltr'>Quoad</span> <span class='ocrx_word' id='word_1_290' title='bbox 363 3341 464 3396; x_wconf 85' lang='lat' dir='ltr'>autem</span> <span class='ocrx_word' id='word_1_291' title='bbox 496 3339 685 3396; x_wconf 88' lang='lat' dir='ltr'>momentum</span> <span class='ocrx_word' id='word_1_292' title='bbox 712 3350 775 3414; x_wconf 93' lang='lat' dir='ltr'>quo</span> <span class='ocrx_word' id='word_1_293' title='bbox 801 3327 984 3393; x_wconf 84' lang='lat' dir='ltr'>beneficiarii</span> <span class='ocrx_word' id='word_1_294' title='bbox 1011 3329 1040 3389; x_wconf 95' lang='lat' dir='ltr'>in</span> 
     </span>
     <span class='ocr_line' id='line_1_37' title="bbox 54 3418 1043 3502; baseline -0.007 -20"><span class='ocrx_word' id='word_1_295' title='bbox 54 3419 169 3482; x_wconf 76' lang='lat' dir='ltr'>Gallie</span> <span class='ocrx_word' id='word_1_296' title='bbox 187 3419 239 3500; x_wconf 76' lang='lat' dir='ltr'>ius</span> <span class='ocrx_word' id='word_1_297' title='bbox 260 3419 389 3483; x_wconf 79' lang='lat' dir='ltr'>habeant</span> <span class='ocrx_word' id='word_1_298' title='bbox 402 3439 456 3484; x_wconf 87' lang='lat' dir='ltr'>sua</span> <span class='ocrx_word' id='word_1_299' title='bbox 479 3422 684 3486; x_wconf 78' lang='lat' dir='ltr'>emolumenta</span> <span class='ocrx_word' id='word_1_300' title='bbox 696 3418 879 3502; x_wconf 91' lang='lat' dir='ltr'>recipiendi,</span> <span class='ocrx_word' id='word_1_301' title='bbox 898 3421 1043 3479; x_wconf 74' lang='lat' dir='ltr'>statutum</span> 
     </span>
     <span class='ocr_line' id='line_1_38' title="bbox 55 3501 1043 3591; baseline -0.012 -20"><span class='ocrx_word' id='word_1_302' title='bbox 55 3507 200 3591; x_wconf 87' lang='lat' dir='ltr'>quidem</span> <span class='ocrx_word' id='word_1_303' title='bbox 219 3507 318 3572; x_wconf 81' lang='lat' dir='ltr'>fueret</span> <span class='ocrx_word' id='word_1_304' title='bbox 334 3527 388 3591; x_wconf 92' lang='lat' dir='ltr'>per</span> <span class='ocrx_word' id='word_1_305' title='bbox 405 3511 564 3572; x_wconf 82' lang='lat' dir='ltr'>Decretum</span> <span class='ocrx_word' id='word_1_306' title='bbox 583 3512 623 3572; x_wconf 84' lang='grc'>30</span> <span class='ocrx_word' id='word_1_307' title='bbox 641 3509 781 3570; x_wconf 88' lang='lat' dir='ltr'>thermid.</span> <span class='ocrx_word' id='word_1_308' title='bbox 798 3505 924 3568; x_wconf 78' lang='lat' dir='ltr'>annixi</span> <span class='ocrx_word' id='word_1_309' title='bbox 942 3501 1043 3580; x_wconf 90' lang='lat' dir='ltr'>quoad</span> 
     </span>
    </p>
   </div>
   <div class='ocr_carea' id='block_1_7' title="bbox 56 3589 1044 3762">
    <p class='ocr_par' dir='ltr' id='par_1_12' title="bbox 56 3589 1044 3762">
     <span class='ocr_line' id='line_1_39' title="bbox 56 3589 1044 3680; baseline -0.017 -17"><span class='ocrx_word' id='word_1_310' title='bbox 56 3599 260 3680; x_wconf 75' lang='lat' dir='ltr'>Episcopm,</span> <span class='ocrx_word' id='word_1_311' title='bbox 276 3605 305 3660; x_wconf 91' lang='lat' dir='ltr'>et</span> <span class='ocrx_word' id='word_1_312' title='bbox 320 3618 372 3680; x_wconf 89' lang='lat' dir='ltr'>per</span> <span class='ocrx_word' id='word_1_313' title='bbox 388 3598 524 3660; x_wconf 82' lang='lat' dir='ltr'>Edictum</span> <span class='ocrx_word' id='word_1_314' title='bbox 534 3605 553 3660; x_wconf 84' lang='lat' dir='ltr'>e</span> <span class='ocrx_word' id='word_1_315' title='bbox 564 3599 628 3678; x_wconf 87' lang='lat' dir='ltr'>jan.</span> <span class='ocrx_word' id='word_1_316' title='bbox 641 3600 718 3660; x_wconf 83' lang='grc'><strong>1816</strong></span> <span class='ocrx_word' id='word_1_317' title='bbox 733 3595 832 3679; x_wconf 86' lang='lat' dir='ltr'>quoad</span> <span class='ocrx_word' id='word_1_318' title='bbox 845 3591 975 3656; x_wconf 87' lang='lat' dir='ltr'>Vicarios</span> <span class='ocrx_word' id='word_1_319' title='bbox 988 3589 1044 3649; x_wconf 82' lang='lat' dir='ltr'>Ge·</span> 
     </span>
     <span class='ocr_line' id='line_1_40' title="bbox 197 3697 920 3762; baseline -0.032 0"><span class='ocrx_word' id='word_1_320' title='bbox 197 3717 228 3762; x_wconf 87' lang='lat' dir='ltr'>r.</span> <span class='ocrx_word' id='word_1_321' title='bbox 241 3717 287 3762; x_wconf 87' lang='lat'>111.</span> <span class='ocrx_word' id='word_1_322' title='bbox 883 3697 920 3756; x_wconf 77' lang='lat'>21</span> 
     </span>
    </p>
   </div>
   <div class='ocr_carea' id='block_1_8' title="bbox 0 0 1238 3972">
    <p class='ocr_par' dir='ltr' id='par_1_13' title="bbox 0 0 1238 3972">
     <span class='ocr_line' id='line_1_41' title="bbox 0 0 1238 3972; baseline 0 0"><span class='ocrx_word' id='word_1_323' title='bbox 0 0 1238 3972; x_wconf 95' lang='lat' dir='ltr'> </span> 
     </span>
    </p>
   </div>
  </div>
 </body>
</html>
