2416 3954
168 173 223 234 l08
386 189 524 234 uvvuarr
544 160 646 238 ronna
665 192 747 237 vonis
768 187 918 236 cauovucv.

167 289 273 352 ullivno
292 287 469 371 impletum,
486 289 516 348 in
536 296 612 352 stulu
638 290 740 372 gratiae
761 289 1038 368 supernotamus
1054 301 1126 349 corn-

166 380 287 442 nvnnibs
302 386 329 438 et
345 377 543 459 probabilius,
559 397 608 459 op.
625 381 656 442 S.
673 380 794 459 liquor.
813 377 876 456 (lib.
892 381 923 450 6,
940 386 974 438 n⁰
988 379 1065 452 53t);
1076 376 1128 435 ipo

167 465 403 544 Bened.XlV,in
415 470 469 528 sul
479 467 602 530 Constit.
615 468 872 549 interpreteritos
882 463 970 527 dicit:
986 463 1129 527 ullructu

166 578 180 614 o
205 555 402 637 indulgentie
433 555 560 618 minime
589 555 793 620 excludendos
818 554 886 617 illos
907 553 1129 615 existimavimus

166 669 182 706 o
206 645 277 726 qui,
294 663 355 706 non
370 644 527 725 praemissb
539 644 744 721 consessione,
759 642 959 707 visitationem
974 641 1128 723 incipiunt,

165 757 180 793 v
205 733 388 812 dummodo,
406 733 529 814 quondo
549 752 627 815 opus
649 734 792 797 ultimum
811 731 989 814 perficiunt,
1010 731 1040 793 in
1062 737 1129 792 statu

166 846 181 884 v
205 823 308 904 gratim
325 823 385 884 sint
398 841 428 898 v;
453 821 506 884 sed
528 823 631 886 omnia
654 841 746 906 opera
769 823 801 884 in
823 829 900 883 statu
920 819 1023 900 gratiae
1042 826 1130 881 essent

165 911 302 975 facienda
325 911 366 989 si,
381 931 409 973 v.
428 931 472 992 q.q
490 912 642 976 diceretur
660 913 691 974 in
714 911 819 974 litteris
835 908 1040 972 concessionis
1058 906 1130 989 quod

168 1001 215 1064 illa
230 1003 247 1062 lu
261 1001 327 1064 verb
338 1001 547 1083 poenitentibus
561 1011 590 1064 et
603 1003 740 1083 confessis
754 1005 855 1064 essent
867 997 1050 1081 peragenda.
1066 996 1131 1059 Vidn

166 1089 307 1153 Chre'tv'en
320 1090 438 1164 erluini,
454 1099 510 1152 elc.
523 1094 565 1172 (p.
583 1095 633 1168 88,
649 1097 680 1152 d·
693 1091 789 1170 edin).

205 1184 295 1242 toro.
312 1179 545 1241 Controvertitnr
564 1188 664 1242 autern
684 1199 723 1242 an
738 1180 763 1242 is
781 1179 834 1262 qui
848 1183 951 1240 munel
968 1175 1000 1238 in
1020 1181 1131 1258 peceato

166 1269 283 1332 mortali
307 1267 400 1349 possit
424 1267 624 1350 indulgentias
644 1268 751 1331 lucrari
775 1285 830 1350 pro
851 1265 1024 1329 defunctis:
1041 1265 1130 1345 plures

166 1375 270 1438 graves
292 1363 431 1418 auctores
453 1357 602 1420 allirment
625 1378 633 1435 ;
654 1357 707 1420 sed
730 1357 831 1439 plures
859 1358 980 1418 econtra
1005 1360 1129 1436 nogant,

167 1459 297 1527 quorum
309 1445 412 1527 opinio
426 1447 524 1508 verior
537 1446 654 1509 videtur
669 1449 699 1509 S.
717 1445 875 1526 Liguorio:
887 1465 902 1502 u
915 1443 1007 1526 quia,
1023 1441 1128 1522 inquit,

166 1551 297 1595 r-nemo
319 1539 417 1614 potest
436 1533 519 1596 alteri
547 1535 698 1617 applicare
719 1533 954 1614 indulgentiam,
977 1531 1035 1594 nisi
1057 1532 1128 1611 prius

165 1644 181 1683 o
205 1641 272 1685 eam
295 1623 400 1685 lecerit
419 1641 543 1684 sunm»
570 1624 646 1702 (Lib.
662 1629 691 1686 6.
714 1633 746 1684 n⁰
768 1627 827 1684 534
849 1623 904 1703 l⁰).
928 1621 1016 1683 Certo
1038 1627 1127 1682 nutem

167 1712 328 1794 requiritur
347 1718 440 1772 slatus
459 1711 562 1793 graliae
580 1711 702 1794 quondo
721 1711 758 1774 ad
783 1709 958 1774 lucrandam
977 1707 1127 1789 indulgen-

167 1803 239 1862 tiam
254 1799 402 1862 consessio
423 1807 453 1862 ct
471 1803 647 1864 communio
667 1800 916 1882 praescribuntur,
936 1807 970 1860 ut
986 1797 1049 1860 lieri
1064 1795 1126 1858 solat

165 1888 288 1970 quando
311 1889 410 1968 agitur
432 1888 470 1950 de
494 1889 689 1972 indulgentiis
712 1889 865 1971 plenariis.
889 1885 974 1965 (Vide
997 1886 1125 1950 Cbre'n'an

165 1977 282 2052 solorre,
294 1995 324 2058 p.
341 1979 391 2054 89,
406 1983 438 2038 4·
453 1977 537 2055 edil.)

204 2070 294 2127 uotr.
311 2067 376 2126 Non
392 2066 492 2128 sollum
509 2073 603 2128 status
621 2065 723 2146 gratioe
736 2064 899 2147 requiritur
912 2065 945 2126 in
958 2081 996 2126 eo
1009 2065 1125 2147 quivult

164 2155 275 2218 lucrari
288 2161 380 2215 lotam
395 2153 613 2234 indulgentiam
628 2154 813 2235 plenariam,
829 2153 882 2217 sed
897 2153 1021 2236 insuper
1033 2155 1126 2236 requi·

164 2243 240 2307 ritur
252 2249 287 2306 ut
299 2244 337 2304 sit
351 2241 495 2304 immunis
508 2242 547 2304 ab
562 2243 647 2304 ouini
662 2253 785 2324 peccato
799 2244 890 2305 etiam
903 2242 1012 2304 veniali
1030 2263 1036 2303 :
1053 2261 1124 2318 nam,

164 2340 197 2396 ut
225 2329 471 2413 supradiximus
498 2333 615 2412 (4527),
644 2331 789 2413 quamdiu
812 2338 949 2394 remanet
980 2341 1125 2412 peccatum

164 2421 265 2500 (etiam
280 2419 422 2500 veniale),
438 2419 547 2483 dimitti
562 2439 624 2482 non
639 2429 735 2502 potest
749 2439 837 2503 poena
851 2420 941 2482 etiarn
964 2421 1126 2502 temporalis

164 2509 220 2591 ipsi
234 2508 334 2572 debito
350 2528 358 2571 :
373 2508 466 2585 unde,
486 2511 517 2571 in
530 2527 602 2573 casu
621 2511 796 2593 supposito,
811 2511 889 2573 bene
903 2509 1026 2592 quidem
1042 2516 1126 2592 potest

165 2597 278 2680 acquiri
295 2599 482 2681 indulgentia
495 2599 595 2681 quoad
604 2607 727 2682 peccata
736 2598 870 2670 dimissa,
883 2617 943 2661 non
956 2603 1028 2662 voro
1037 2598 1125 2681 quoad

165 2706 227 2751 non
241 2688 384 2766 dimissa3
401 2687 527 2770 proinde
545 2686 748 2770 indulgentis,
761 2687 818 2762 etsi
840 2687 992 2769 plenaria,
1007 2689 1045 2752 de
1058 2689 1125 2751 lucto

166 2775 299 2857 plenarie
320 2797 381 2840 non
409 2776 537 2854 luerint,
557 2785 586 2838 et
605 2777 734 2840 eflicitur
754 2777 896 2860 partialis.
916 2776 991 2839 Vide
1011 2777 1126 2840 Billuort

166 2864 219 2942 (ne
235 2865 367 2946 lodulp,
382 2873 427 2928 art
441 2869 471 2942 5,
481 2873 545 2948 pet.
562 2863 618 2949 Ρ).

205 2965 295 3022 4578.
307 2995 347 3006 -
359 2967 391 3023 2⁰
404 2965 494 3024 Juxta
514 2965 676 3026 Auctorem
700 2963 766 3025 libri
780 2963 894 3048 pluries
910 2963 974 3044 jam
992 2964 1073 3028 citati
1092 2965 1126 3028 Le

167 3047 307 3112 t'lvre'tz'ea
320 3049 428 3110 e'rtoire'
442 3056 483 3130 (p.
495 3053 544 3126 84)
555 3099 562 3125 ,
573 3052 610 3112 nd
625 3051 782 3114 lucrandas
793 3051 994 3134 indulgentias
1006 3055 1125 3136 requiri·

167 3145 215 3198 tur
229 3137 354 3199 intentio
368 3155 418 3198 eus
437 3139 571 3201 lucrandi
587 3159 594 3201 :
614 3139 673 3202 hoc
687 3143 806 3202 tuntum
826 3148 861 3202 ut
875 3143 1027 3224 probabile
1047 3143 1124 3205 habat

168 3225 364 3304 Billuartlv'b.‚
372 3235 433 3308 pet.
446 3231 500 3304 8⁰);
509 3227 593 3306 juxta
602 3237 703 3291 aulem
714 3231 745 3292 S.
758 3231 879 3310 Lignor.
891 3231 954 3306 (lib.
966 3235 997 3310 6,
1012 3243 1045 3294 n⁰
1059 3237 1123 3308 354,

168 3317 229 3390 lor,
247 3317 293 3393 V),
310 3315 434 3378 intentio
444 3317 664 3399 interpretativa
678 3320 756 3379 oertd
770 3319 897 3382 sullicil:
913 3319 966 3382 sed
981 3322 1052 3402 quio
1065 3341 1124 3384 seo·

168 3403 258 3466 lontio
281 3405 433 3466 affirmans
453 3415 497 3468 est
514 3407 622 3484 tutior,
638 3407 702 3469 baec
720 3426 775 3489 pro
794 3409 878 3490 praxi
900 3411 1067 3475 consulitur
1080 3431 1087 3473 ε
1100 3417 1123 3472 at

165 3493 250 3572 juxta
263 3511 370 3555 omnes
383 3495 491 3557 sufficit
503 3495 630 3558 intentio
642 3495 795 3574 virtualis,
807 3515 865 3560 nec
878 3500 1040 3580 requiritur
1052 3499 1122 3584 quod

167 3579 201 3642 in
222 3583 321 3662 specie
334 3595 554 3663 cognoscantur
571 3583 766 3664 indulgentiae
788 3585 959 3666 lucrandae,
976 3590 1066 3652 modo
1082 3591 1122 3652 lvo·
