2498 3966
265 323 351 374 omna
373 319 532 370 sncounua.
557 337 595 350 -
616 319 805 368 serenorum.
962 305 1018 372 tot

52 420 223 517 perpensis,
251 431 491 516 praehabitoquc
514 429 578 494 bu.
605 429 828 496 consultorum
844 441 931 512 roto,
957 453 1023 500 res·

51 525 253 605 pondendum
269 529 477 586 censuerunt:

89 639 104 671 s
119 613 210 676 udi:
237 611 396 693 negative,
424 619 456 675 ct
469 611 496 674 si
509 617 620 691 agatur
634 609 674 673 de
687 611 888 676 societatibus
904 631 1022 678 masso·

52 705 125 768 nico
140 709 231 766 aeota
241 701 377 778 filiabus,
392 701 513 764 incurri
528 717 639 782 poenas
653 708 763 764 contra
778 701 861 766 benc
875 704 963 766 latas.

29 841 31 845 ,
87 790 392 870 »Adllrllegatirc

89 907 100 941 r
120 881 212 945 Facta
227 879 266 944 de
286 879 442 942 biaSSmo
459 878 593 944 llornino
604 877 716 943 Nostro
731 878 823 944 Leoni
840 881 932 964 Papae
955 882 1023 946 lllll

48 973 211 1048 relatione,
234 968 390 1033 Sanctitas
410 967 474 1032 Sua
493 971 703 1033 resolutiones
725 968 875 1033 limorum
894 973 1020 1035 Patrum

47 1062 236 1146 adprobavit
262 1065 293 1121 ct
316 1057 528 1138 confirmarit,
543 1067 575 1120 et
591 1077 664 1122 cum
680 1059 823 1122 locorum
850 1061 1023 1126 Ordinariis

46 1146 330 1214 communicandas
357 1146 531 1222 mandarit,
560 1156 595 1210 ut
618 1158 797 1229 opportune
824 1148 1025 1214 instruendos

45 1250 156 1305 curent
169 1235 391 1302 christifideles
400 1237 484 1299 circa
496 1237 714 1300 detestabilem
726 1237 860 1300 abusum
882 1238 1025 1304 humana

46 1349 176 1412 corpora
192 1326 369 1404 cremandi,
385 1335 484 1409 utque
498 1324 584 1390 abeo
597 1345 722 1410 gregem
732 1325 791 1390 sibi
807 1329 1023 1394 concreditum

45 1423 115 1483 totis
131 1419 253 1482 viribus
263 1415 453 1478 deterreant.

84 1509 180 1572 clos.
204 1506 346 1579 ututur,
358 1503 394 1568 S.
406 1507 445 1569 li.
458 1512 488 1570 et
504 1505 542 1570 ll.
561 1504 628 1588 lup.
649 1505 797 1571 Notus-ior
814 1530 844 1571 ι.

82 1605 116 1662 2⁰
136 1597 297 1660 Decretum
311 1594 342 1657 d.
369 1594 406 1656 lb
419 1595 690 1658 Decembrirtdilii.

84 1713 98 1745 α
117 1689 209 1750 Feria
225 1683 264 1747 tv
280 1685 331 1745 die
345 1686 383 1744 to
396 1683 576 1746 Decembris
592 1687 681 1746 1886.

83 1801 98 1834 s
116 1775 188 1840 Emi
203 1792 243 1836 ac
267 1772 338 1836 limi
354 1771 416 1835 bb.
436 1773 617 1836 cardinales
635 1773 840 1853 Inquisitorcs
855 1775 1024 1840 Generales

42 1869 270 1935 decreverunt:
288 1863 411 1944 quoties
425 1865 528 1944 agitur
541 1862 581 1926 dc
599 1864 650 1939 iis,
663 1882 800 1945 quorum
815 1879 946 1948 corpora
960 1881 1022 1929 uon

44 1957 176 2040 propria
201 1955 355 2035 ipsorum,
372 1951 424 2014 aed
441 1951 542 2014 aliana
571 1951 732 2016 voluntate
751 1956 934 2020 cremationi
947 1955 1023 2018 sub·

42 2049 205 2128 jiciantur‚
224 2041 370 2104 Ecclesiae
390 2042 467 2104 ritus
479 2049 509 2103 ct
523 2041 670 2124 suffragia
685 2042 829 2109 adbiberi
845 2063 938 2129 posse
954 2053 1022 2108 tum

41 2137 140 2210 dorni,
158 2143 230 2197 tum
246 2133 278 2193 in
295 2131 444 2206 Ecclesia,
457 2148 522 2194 uon
543 2139 648 2194 autern
660 2135 809 2215 usquead
822 2133 1024 2197 cremationis

41 2225 161 2302 locum,
173 2229 297 2284 remoto
306 2219 668 2284 scandalo.Scandalum
686 2223 1024 2288 vereremcrcrietiam

41 2318 170 2397 poterit,
187 2312 213 2375 si
228 2317 339 2372 notum
353 2309 417 2386 fiet,
428 2309 653 2377 cremationem
663 2329 726 2376 non
743 2314 871 2395 propria
884 2312 1025 2377 deunctt

41 2407 212 2470 voluntate
233 2398 365 2463 electam
378 2397 485 2465 fuisse.
507 2399 547 2461 tt
571 2400 628 2462 ubi
651 2412 764 2480 agatur
776 2403 816 2464 de
830 2403 870 2466 iis
883 2402 938 2483 qui
955 2419 1025 2484 pro·

40 2497 109 2575 pria
125 2491 293 2558 voluntate
307 2489 533 2551 cremationem
555 2488 729 2568 elegerunt,
746 2495 777 2552 et
789 2489 822 2551 in
838 2490 899 2553 bac
914 2491 1024 2553 solun-

40 2593 104 2646 tatc
136 2589 228 2644 certo
254 2585 285 2640 et
318 2577 442 2639 notorie
462 2593 563 2654 usque
597 2578 636 2638 ad
676 2585 810 2640 mortam
843 2593 1026 2661 persevera-

39 2681 128 2748 runt,
142 2677 266 2733 attento
278 2663 466 2730 decretoler.
482 2663 522 2727 ll
541 2671 574 2729 ts
589 2667 664 2729 maii
679 2665 766 2744 test,
783 2668 940 2750 agendum
950 2687 1023 2731 curn

39 2764 78 2826 iis
91 2764 184 2844 juxta
209 2773 338 2820 normas
364 2754 494 2818 llitualis
511 2754 726 2834 nonantule.
750 2755 865 2833 Quibus
879 2774 939 2820 uon
954 2755 1026 2821 licet

39 2855 117 2916 dore
135 2845 586 2924 ecclesiasticumsepulturum.
603 2845 638 2908 ln
655 2845 781 2910 casibus
799 2855 904 2909 autern
930 2847 1025 2928 parti·

38 2940 221 3013 sularibus,
248 2939 280 2997 in
307 2935 423 3017 quibus
445 2934 580 2997 dubium
613 2934 663 2998 rel
704 2935 875 2999 diliicultas
893 2936 1024 3002 oriatur.

36 3023 261 3094 consulendus
289 3025 347 3088 erit
374 3021 571 3099 ordinarius,
600 3025 655 3109 qui
684 3039 830 3090 accurate
857 3027 1024 3112 perpensis

37 3117 197 3181 omnibus
210 3112 378 3194 adjunctis,
395 3113 426 3176 id
443 3111 590 3176 decernat
616 3115 701 3196 quod
717 3115 816 3198 magis
831 3115 1024 3200 expedirem

37 3201 396 3282 Dominojudicarerit.
415 3225 430 3260 ι
