2474 3946
153 229 211 292 298
373 241 512 290 uxuuaue
531 243 633 290 renus
652 241 734 290 mnrs
755 239 903 290 asuerum.

153 344 177 406 si
193 344 224 405 in
238 341 427 426 approbatis,
451 360 514 404 non
527 343 628 424 agnita
646 347 749 404 tamen
769 339 807 404 ab
829 339 967 424 Eeoleaia-
983 345 1123 415 unquam

154 431 315 507 solemnia,
330 434 458 512 possunt
470 430 594 512 quidem
608 447 675 493 esse
688 429 939 511 impedimentum
953 427 1122 510 prohibens,

155 527 188 584 ut
201 519 341 601 superiirs
354 517 486 582 diximus
500 523 605 597 (etet,
618 513 699 598 atel,
712 536 773 580 non
787 519 858 580 rard
872 516 1017 580 dirimens
1027 537 1036 594 ;
1048 517 1124 595 exai-

155 609 234 690 pitur
247 615 349 670 tamen
366 615 471 670 votum
483 607 730 670 scholasticorum
743 606 825 688 apud
844 603 1023 669 Societatem
1036 608 1123 684 lesu,

155 695 235 778 quod
252 695 318 758 illos
332 695 479 759 inhabiles
493 695 591 760 reddit
610 695 647 759 ad
665 694 894 758 matrimonium
913 694 1059 776 quamdiu
1080 713 1125 758 re·

154 792 278 848 rnanent
292 785 323 847 in
337 785 502 863 Societate;
519 785 590 848 item
608 784 801 866 probabiliter
814 789 917 846 volum
930 800 1076 846 amissum
1089 783 1126 846 ab

154 891 248 937 uxore
263 873 341 938 illius
355 875 407 956 qui
421 892 522 937 sacros
535 874 656 937 ordines
670 873 813 954 suscipit,
828 871 868 935 de
881 891 944 954 quo
957 877 1058 935 tamen
1071 871 1126 934 dis·

156 971 296 1044 putatur,
311 969 345 1027 ut
359 982 450 1044 supra
462 961 595 1026 diximus
614 965 724 1040 (tlte).
741 961 891 1024 Dirimens
905 961 1070 1042 praesertim
1084 967 1127 1023 ast

156 1059 258 1114 votum
271 1053 408 1116 solemne
423 1054 568 1114 emissum
583 1053 614 1114 in
630 1051 785 1132 Religione
796 1050 960 1132 approbate
972 1067 981 1110 t
994 1049 1045 1112 rSi
1059 1051 1127 1132 quis

155 1163 170 1200 s
194 1140 322 1218 dixerit,
338 1141 435 1220 inquit
449 1141 582 1203 'trident
598 1143 683 1219 (sess.
698 1143 753 1218 tl,
764 1159 832 1202 ean.
847 1143 878 1218 9)
882 1184 943 1216 .....
960 1139 1125 1219 regulares,

155 1257 171 1299 a
197 1231 360 1292 castitatem
370 1229 543 1292 solemniter
553 1232 714 1312 protessos,
724 1225 1126 1312 possematrimoniumeon·

158 1341 172 1374 a
193 1319 328 1392 trabere,
349 1327 598 1397 contractumque
616 1317 749 1382 validum
769 1336 834 1381 esse
853 1334 915 1379 non
938 1316 1124 1379 obstante...

158 1429 172 1466 a
192 1413 322 1484 roto...,
337 1408 496 1470 anathema
510 1409 558 1470 sit.
574 1429 590 1466 a

197 1499 229 1556 ln
241 1513 375 1577 quonam
385 1504 486 1558 autom
500 1497 642 1559 consistat
655 1495 829 1559 solemnitas
841 1495 899 1558 voti
909 1493 1049 1557 castitatis
1062 1493 1128 1558 reli·

158 1584 264 1666 giosae,
279 1593 306 1645 rt
322 1603 454 1664 quonam
469 1587 535 1664 iure
549 1585 716 1667 peripsum
731 1585 959 1646 matrimonium
972 1583 1128 1647 dirimatur

156 1673 217 1752 jam
239 1673 370 1737 diximus
387 1693 478 1756 supra
497 1677 607 1752 (2469,
622 1674 703 1754 ete).
728 1672 801 1735 Vide
825 1671 916 1734 etiam
937 1673 968 1734 S.
990 1671 1126 1754 Lignea,

158 1761 209 1824 tte.
227 1767 265 1840 a,
283 1765 315 1823 nr
332 1766 420 1825 rurs.

143 1877 147 1886 ·
197 1853 230 1912 ln
245 1854 437 1932 quicumque
463 1851 631 1926 sententie,
648 1853 680 1914 S.
704 1848 839 1912 Pontifex
857 1847 1031 1931 dispensare
1051 1848 1129 1916 valet

158 1957 249 2021 super
263 1941 320 2002 lroe
335 1940 562 2022 impedimento.
583 1939 734 2022 (Ibidem.)

198 2027 334 2090 Diximus
347 2047 438 2110 supra
460 2031 533 2111 quid
546 2029 584 2090 sit
601 2028 794 2092 sentiendum
806 2025 846 2091 da
867 2025 1056 2091 solemnitate
1074 2047 1128 2093 vo-

158 2121 258 2178 torum
274 2118 450 2180 monialium
466 2118 496 2180 in
511 2119 604 2180 Gallia
625 2119 736 2195 (2306).

196 2209 286 2267 ⁴252.
315 2207 401 2268 «Viri
416 2205 580 2274 urlruodiun
594 2207 673 2268 docti
687 2255 694 2283 ,
710 2207 808 2288 inquit
820 2203 906 2267 card.
923 2204 1023 2288 Soglia
1038 2206 1127 2286 (last.

158 2316 172 2353 a
190 2291 258 2375 jar.
272 2296 367 2376 pria,
383 2295 400 2376 ξ
416 2298 495 2374 tra),
518 2295 691 2357 existimant
704 2295 838 2357 solemne
854 2294 994 2356 eastitatis
1007 2304 1128 2376 uotum,

158 2407 172 2442 n
197 2383 270 2444 olim
292 2385 411 2466 nuptias
428 2402 490 2446 non
510 2383 651 2462 solvisse,
675 2383 728 2446 sed
752 2383 885 2465 primirm
906 2383 964 2446 sub
983 2385 1132 2466 Gregorio

158 2495 173 2529 u
195 2473 304 2552 lllagnn
318 2491 385 2535 ram
399 2472 589 2554 disciplinam
600 2471 783 2554 propositam
796 2481 825 2534 et
836 2470 959 2533 demum
972 2473 1002 2533 in
1012 2473 1129 2536 Concil.

144 2585 172 2642 a
197 2562 387 2624 Lateranensi
401 2563 427 2624 ll
441 2561 539 2642 legem
552 2561 725 2642 generalem
740 2561 850 2638 laum,
874 2565 914 2632 ut¹
929 2559 1011 2622 nulla
1031 2559 1133 2632 lorent

158 2673 172 2708 a
197 2651 388 2718 matrimonia
401 2669 470 2732 quse
482 2658 586 2713 contra
602 2657 703 2712 votum
715 2648 898 2726 eastitatisin
908 2649 1134 2734 Religione'ap-

158 2762 173 2800 a
197 2739 321 2821 probata
334 2740 567 2802 celebrarentur.
583 2761 599 2798 a
739 2813 740 2816 Ἴ

405 2936 440 2978 ur
455 2934 639 2978 tarantarum
653 2933 763 2978 oanrms
783 2933 871 2978 eacan

196 3013 286 3074 4253.
310 3011 431 3072 Certum
446 3021 491 3072 est
503 3011 647 3073 Ordinem
670 3011 795 3072 Sacrum
815 3008 958 3074 dirimere
970 3011 1135 3078 matrimo-

159 3101 244 3163 nium
254 3121 261 3160 :
273 3105 302 3162 et
311 3105 503 3180 oonstatcap.
515 3101 558 3162 De
567 3101 693 3162 Dtoeono
702 3103 730 3165 l:
740 3117 807 3180 cap.
820 3098 1066 3184 Eaelitteronan,
1076 3102 1137 3185 qui

158 3187 1135 3272 clerieivelreuent.,·llxtrav.Aatiqao.deuotoretprreaertimex

159 3277 291 3338 Concilio
303 3274 436 3338 Trident.
452 3277 534 3354 (sess.
554 3282 612 3354 at,
630 3297 698 3340 ean.
714 3281 762 3355 9l²
782 3279 842 3340 «si
863 3278 931 3359 quis
943 3277 1053 3342 dixerit
1065 3283 1136 3345 ele-

158 3385 173 3423 a
198 3365 276 3427 rieos
302 3365 335 3426 in
353 3367 445 3426 sacris
463 3365 618 3427 ordinibus
634 3369 847 3428 constitutos...
866 3385 953 3447 posse
975 3373 1136 3434 matrimo-

159 3475 173 3516 o
199 3457 284 3516 nium
297 3451 484 3524 contrahere,
494 3461 742 3536 contractumque
755 3455 885 3518 validum
900 3473 965 3516 esse
981 3475 1043 3519 non
1057 3460 1136 3523 oba·

160 3565 174 3606 e
198 3548 279 3605 tante
303 3539 369 3622 lege
395 3541 596 3602 ecelesiastica
623 3543 669 3604 vel
691 3552 820 3622 votem,
848 3545 1006 3606 anatliema
1041 3548 1093 3610 sit.
1113 3567 1138 3608 ι·

198 3627 404 3692 Communiter
429 3627 535 3689 dieunt
560 3631 646 3701 illa,
668 3639 698 3693 et
718 3649 790 3694 oum
817 3633 861 3694 eis
884 3634 1137 3707 supradiximus
