2498 3966
1031 6 1040 9 -
1074 6 1138 23 „ss

208 127 265 190 788
427 146 568 194 nannius
587 146 693 192 rorrus
710 145 790 192 sunus
811 146 963 192 canonici.
1087 153 1090 160 ·

208 261 310 342 gendo
325 262 435 326 saltem
450 263 562 328 iisdem
587 261 765 342 spiritualia
777 264 925 326 exercitia
936 263 1082 345 aliasque
1096 263 1177 328 saln-

209 363 290 414 tarcs
306 353 518 433 poenitentias,
532 361 628 434 atque
639 369 709 414 eam
739 353 809 414 vitae
823 354 990 426 rationem.
1017 373 1092 436 quae
1108 373 1183 435 prae·

208 435 306 504 {eritis
330 443 510 505 excessibus
536 441 732 504 redimendis
767 450 841 521 apta
864 441 1022 520 videatur,
1040 463 1187 524 unusque

209 530 354 594 fidelibus
364 530 510 612 exemplo
530 531 572 592 sit
586 531 625 593 ad
638 541 721 593 recte
732 539 763 592 et
776 530 948 593 christiane
967 533 1158 596 vivendum.
1174 559 1186 588 ι

249 618 377 696 Deinde,
390 639 446 701 per
456 619 618 684 decretum
632 619 693 682 diei
708 623 728 681 9
755 618 826 681 Jan.
840 619 929 696 1889,
940 639 1132 684 concessum
1145 633 1186 684 cst

139 775 140 778 ,
210 707 382 772 ordinariis
404 709 490 772 illam
518 708 699 772 laenitatem
718 731 733 766 a
749 725 840 790 possa
860 709 1007 788 delegare
1037 711 1171 774 habitus

210 797 281 860 liter
304 797 451 878 parochis
466 805 601 876 tanturn,
618 796 873 879 satprceasibus
889 798 1045 860 duntaxat
1068 800 1102 862 in
1116 803 1179 881 qui·

210 887 269 950 bus
283 887 371 950 deest
384 886 554 969 tempusad
569 887 655 968 ipses
680 889 876 966 recurrendi,
898 897 928 950 et
945 889 1129 970 periculum
1145 900 1185 951 eat

211 994 383 1040 rumora.»

249 1065 367 1129 Eadem
382 1083 456 1129 raro
467 1065 687 1147 Gongragatio,
701 1065 802 1128 (11023
819 1066 917 1146 April.
932 1066 1024 1144 tneo,
1036 1069 1183 1136 decrerit,

108 1209 110 1214 .
211 1157 270 1219 sub
283 1155 413 1236 nomine
428 1155 641 1237 parochorum
662 1156 694 1216 in
708 1173 782 1218 casu
800 1179 814 1212 a
835 1158 1065 1237 comprobandi
1081 1176 1185 1220 ornnes

100 1305 103 1310 a
211 1247 266 1326 qni
296 1254 368 1308 actu
392 1263 501 1308 curam
524 1245 702 1307 animarum
738 1254 897 1320 exercent,
938 1247 1078 1308 exclusis
1109 1249 1186 1308 rire·

214 1335 361 1414 parochis
375 1343 404 1396 et
421 1332 591 1415 capellanis
607 1357 635 1396 a.
1071 1343 1074 1350 ’

85 1421 89 1428 ’
260 1429 390 1503 Rursus,
406 1424 535 1486 decreto
549 1424 601 1488 dia
616 1425 652 1484 l'l
671 1418 870 1500 Septembris
885 1417 974 1484 1890,
990 1433 1180 1496 responsum

220 1527 268 1578 est
279 1519 336 1577 hes
346 1515 518 1576 laenitates
529 1515 633 1576 valere
647 1517 771 1574 tuntum
784 1509 886 1588 quoad
895 1507 1030 1567 civiliter
1036 1505 1178 1582 junctos,

220 1605 270 1668 rel
283 1605 360 1668 alias
383 1603 414 1664 in
431 1603 645 1666 concubinatu
662 1601 804 1662 viventes
825 1611 833 1671 3
855 1602 886 1657 et
900 1598 951 1657 die
966 1599 981 1657 l
998 1597 1076 1658 lnlii
1093 1599 1179 1668 1891,

222 1693 494 1772 dispensationem
523 1691 655 1754 concedi
682 1706 786 1770 posse,
809 1689 1022 1763 circaegrotet
1043 1687 1097 1766 qui
1124 1689 1180 1747 irn-

223 1785 402 1866 prdimcnto
418 1783 590 1858 detinetur,
614 1781 679 1842 sive
699 1779 789 1838 alter.
809 1776 868 1855 (Gi.
889 1773 1067 1860 c'anona'are,
1093 1779 1180 1856 1888,
1242 1831 1243 1894 1

224 1894 254 1956 p.
279 1875 317 1932 85
330 1873 434 1949 ;1889,
452 1889 484 1950 p.
503 1870 561 1931 351
578 1887 585 1946 ;
603 1871 695 1948 teet,
718 1887 748 1947 p.
766 1865 805 1928 30
820 1874 850 1932 et
862 1865 945 1944 500.)
1242 1897 1243 1957 p

568 2215 757 2282 APPENDlX
773 2214 838 2278 XV.

268 2382 352 2428 crant
374 2376 832 2427 8110810111111111111108011
851 2377 1116 2424 tlxrntssottlnslbt.

622 2514 668 2579 (11
685 2513 786 2576 pseu.)
1240 2541 1241 2623 ἦ

251 2677 479 2743 Controversiae
512 2683 544 2738 et
575 2673 790 2748 difficultates,
814 2671 999 2754 dequibus
1029 2679 1137 2735 auctor
1155 2691 1183 2734 n.

214 2769 411 2846 1115110110
432 2767 537 2830 locum
553 2763 692 2845 amplius
705 2781 771 2826 non
786 2761 908 2824 habent
923 2779 931 2824 :
948 2761 986 2825 S.
1005 2762 1092 2824 enirn
1107 2759 1140 2822 G.
1156 2761 1186 2822 8.

212 2857 469 2936 Olficii‚dccreto
481 2853 522 2918 10
535 2853 621 2918 lebr.
656 2851 747 2929 1888,
779 2850 977 2934 approbante
998 2849 1109 2924 SSmo,
1137 2850 1188 2912 de-

215 2949 342 3012 crevit:

256 3039 320 3097 ul·
345 3035 600 3118 Dispensationes
640 3027 896 3096 matrimoniales
921 3046 1034 3091 ornnes
1062 3028 1192 3110 (scilicet

215 3124 276 3186 fori
300 3125 435 3205 externi)
471 3127 503 3188 in
528 3131 690 3206 posterum
710 3115 953 3188 committendas
966 3135 1035 3181 esee
1051 3115 1101 3181 vel
1118 3115 1190 3181 Ora·

214 3221 318 3274 torum
344 3209 868 3289 0111111110,1010111111101001.

254 3322 268 3355 1
285 3301 318 3359 2⁰
332 3301 552 3380 appellatione
566 3301 722 3366 Ordinirii
747 3301 856 3363 uenire
885 3297 1072 3379 episcopos,
1088 3297 1190 3359 aduri-

215 3386 397 3450 nistratores
438 3407 494 3451 sen
526 3387 668 3456 vicarios
719 3387 921 3472 apostolicos,
959 3385 1110 3448 Praelatos
1138 3403 1189 3446 scu

215 3473 381 3537 Praelcctos
421 3475 575 3542 habentes
609 3480 866 3551 jurisdictionem
910 3493 983 3540 curn
1037 3476 1190 3568 territorio
