2482 3944
195 175 233 231 tt
411 182 550 229 annuato
569 180 670 228 nortus
693 181 775 229 scats
795 163 944 228 canonici.

193 309 207 342 o
233 281 384 344 sufficiens
405 283 462 344 erit
482 301 573 345 causa
594 281 729 344 mutandi
754 281 804 344 illo
829 281 936 360 verba,
958 297 997 345 no
1021 279 1159 344 infirmus
1226 345 1227 354 ,

194 395 208 430 a
233 389 345 452 ariagne
359 388 488 432 moerore
501 370 656 434 alliciatur.
680 393 694 430 n
1226 371 1227 376 ’

635 611 653 690 ς
672 611 724 674 ιιι.

460 769 505 834 De
525 769 667 832 Ministro
687 767 900 832 Eucharistiae.

235 979 324 1040 3386.
344 973 445 1036 «Fide
472 977 588 1035 certum
615 977 676 1044 est,
705 969 803 1051 inquit
830 971 860 1032 S.
891 969 1011 1052 Lignea:
1038 971 1102 1048 (lib.
1130 977 1159 1050 6,

198 1089 211 1124 o
237 1077 270 1126 ιιο
284 1063 459 1132 23ll.solos
469 1058 638 1122 sacerdotes
646 1058 741 1120 valide
750 1077 926 1120 consecrare
936 1058 1161 1140 Eucharistiam,

198 1180 211 1210 ι)
237 1161 269 1214 ut
278 1159 392 1214 constat
402 1171 437 1212 ex
446 1150 604 1210 traditione
618 1147 882 1208 etdefinitionibus
892 1148 1160 1210 Consiliorum...»
1229 1221 1230 1224 Ἴ

198 1241 509 1322 Srdquiacontingere
518 1245 612 1318 potest
622 1243 656 1298 ut
669 1235 770 1316 plures
779 1235 869 1298 simul
883 1235 1033 1297 celebrent
1043 1283 1051 1311 ,
1062 1244 1162 1317 prout,

197 1350 224 1389 v.
243 1351 285 1410 g,
306 1330 336 1390 in
360 1329 451 1388 missa
464 1325 683 1388 ordinationis:
704 1325 789 1396 «Qui
810 1342 881 1386 cum
896 1323 1044 1404 Episcopo
1063 1343 1164 1388 consa-

198 1441 212 1476 n
237 1425 336 1488 cram,
353 1418 450 1496 primd
464 1433 569 1477 curare
582 1414 703 1488 debent,
722 1413 851 1474 aitidem
866 1414 896 1474 S.
914 1413 1049 1492 Liguor.,
1065 1416 1164 1494 quoad
1230 1471 1231 1482 ,

198 1529 212 1566 n
238 1506 301 1566 lieri
326 1512 439 1586 potest,
465 1503 553 1565 simul
577 1521 648 1564 cum
671 1502 818 1583 Episcopo
842 1500 968 1562 sormam
992 1501 1163 1566 absolvere:

198 1618 212 1656 n
238 1602 380 1676 praeterea
399 1592 509 1654 habere
531 1591 642 1652 debent
663 1590 860 1652 intentionem
880 1590 1075 1651 consecrandi
1094 1601 1165 1654 tunc

198 1707 212 1742 o
238 1683 354 1744 tantiam
375 1681 497 1764 qtaando
516 1679 545 1740 in
568 1677 674 1740 eodem
696 1685 832 1759 tempore
853 1696 925 1740 cum
944 1679 1092 1760 Episcopo
1106 1680 1165 1742 sor-

198 1795 211 1828 o
238 1791 318 1834 mam
333 1771 512 1832 absolvunt:
528 1770 641 1843 ιιιιὸ,..,
657 1767 688 1828 ιιι
703 1767 928 1830 consecratione
942 1767 1051 1840 calicis,
1072 1769 1167 1830 inten·
1231 1777 1232 1802 ³

197 1885 211 1918 o
236 1859 308 1922 dant
322 1861 410 1922 etiam
427 1877 487 1921 non
501 1875 677 1920 consecrare
691 1857 714 1918 si
730 1875 840 1936 panem
855 1855 930 1917 lortd
944 1855 1000 1936 ipsi
1012 1873 1076 1917 non
1090 1877 1166 1919 con-

197 1972 212 2006 o
237 1949 453 2011 sociaverint.»
469 1949 510 2026 (S.
524 1946 601 2025 Lig„,
614 1945 664 2005 tio.
680 1948 710 2018 6,
727 1953 759 2004 n⁰
774 1945 856 2022 232.)

238 2051 358 2110 Certum
379 2056 423 2108 est
446 2050 534 2108 etiam
558 2048 595 2107 ad
620 2047 700 2108 solos
725 2046 893 2108 sacerdotes
916 2045 1065 2127 pertinere
1085 2047 1165 2110 ordi·
1232 2071 1233 2116 t

198 2138 313 2198 nariam
341 2135 628 2197 administrationem
654 2133 854 2196 Eucharistiae.
882 2139 928 2212 An
954 2138 1024 2197 vend
1047 2135 1164 2199 diaconi

197 2226 386 2306 possintesse
401 2223 534 2302 ejusdem
550 2223 676 2284 ministri
692 2222 917 2284 extraordinarii
931 2223 1062 2285 diximus
1076 2244 1165 2307 supra

197 2315 306 2390 (tulit
324 2312 389 2374 aide
405 2313 494 2372 etiam
516 2313 546 2373 S.
568 2311 687 2390 Lignor.
710 2311 776 2389 (lib.
797 2315 827 2384 6,
844 2321 876 2371 n⁰
890 2315 970 2388 237),
992 2312 1042 2373 ubi
1057 2331 1167 2393 expen-

196 2401 277 2462 ditur
291 2401 416 2480 quaestio
426 2419 464 2461 an
478 2400 594 2462 clericis
607 2407 636 2460 et
649 2399 738 2460 etiam
750 2399 832 2460 laicis
847 2399 933 2461 liceat
947 2401 977 2460 in
993 2403 1166 2466 necessitate

197 2509 250 2570 per
272 2491 385 2568 seipsos
409 2490 626 2550 Eucliaristiam
647 2505 787 2564 sumere,
803 2496 832 2548 et
848 2487 955 2549 dicitur
969 2490 1165 2568 quaestionem

197 2597 260 2638 esse
275 2587 513 2638 controversam:
526 2577 549 2638 si
565 2585 665 2638 tarnen
680 2576 864 2655 agereturde
876 2577 1029 2638 sacerdote
1046 2572 1164 2650 (ibidem

208 2670 326 2742 110238),
339 2667 438 2747 plures
445 2667 574 2727 citantur
584 2673 720 2727 auctores
728 2664 862 2726 dicentes
876 2683 946 2726 eum
957 2713 965 2740 ‚
976 2666 1066 2726 etiam
1080 2664 1166 2730 devo·

195 2755 285 2816 tionis
297 2757 403 2832 causa,
419 2771 506 2835 posse
524 2754 656 2835 seipsum
676 2754 920 2826 communicare,
936 2753 1018 2834 quia,
1041 2756 1166 2834 praeciso

196 2845 353 2918 scandale,
370 2845 401 2904 in
419 2843 476 2904 hoe
492 2843 573 2904 nulla
587 2849 631 2903 est
648 2841 853 2914 irreverentia,
870 2859 926 2903 nec
940 2841 1024 2903 ullibi
1038 2850 1084 2904 est
1097 2846 1165 2906 veti·

196 2941 277 3008 tum,
294 2933 350 2993 nisi
365 2931 441 2992 adsit
454 2931 530 2991 alius
543 2928 692 2990 sacerdos.
711 2928 860 3010 Additquc
874 2931 1006 2992 Concina
1020 2949 1091 2992 cum
1103 2933 1167 2996 aliis

194 3020 252 3081 hoc
274 3023 364 3081 etiam
387 3018 515 3078 diacono
537 3017 684 3097 permitti,
711 3019 782 3098 quia
806 3035 842 3079 ex
867 3019 1000 3080 Concilio
1022 3020 1164 3099 Nicaeno,

194 3125 262 3168 can.
280 3111 328 3178 tt,
345 3105 374 3166 id
384 3106 411 3165 ei
425 3105 600 3166 conceditur
611 3123 619 3165 ι
631 3105 682 3166 sed
692 3105 846 3167 concludit
860 3106 889 3168 in
901 3105 957 3169 hoc
971 3109 1165 3189 spectandam

195 3213 259 3256 esso
280 3193 468 3273 disciplinam
484 3192 681 3268 hodiernam
697 3194 776 3255 idem
791 3196 882 3256 sentit
900 3195 1042 3277 Lequeux
1060 3197 1165 3260 saltem

195 3283 294 3361 maced
315 3281 501 3342 sacerdotem
519 3284 568 3358 (n⁰
586 3285 655 3356 79¹,
672 3283 735 3358 lll).
754 3281 931 3362 Disputatur
950 3285 1060 3364 pariter
1079 3305 1119 3348 an
1134 3307 1164 3349 an

195 3369 369 3431 necessitate
384 3369 466 3430 laicis
480 3369 517 3431 sit
532 3369 710 3450 permissum
726 3371 874 3432 Viaticum
889 3373 1057 3434 ministrare
1072 3377 1164 3436 mori·

194 3457 414 3520 buado-Sed
428 3459 518 3520 etiarn
531 3458 692 3537 Tournely,
709 3459 761 3538 qui
776 3459 804 3519 id
821 3469 927 3539 negat,
942 3461 1051 3541 excipit
1061 3481 1163 3526 casum

194 3565 254 3616 ouo
267 3547 551 3622 infirmusnequiret
560 3545 641 3608 aliud
654 3565 774 3609 sumere
788 3559 1023 3638 suctaumutum,
1037 3555 1069 3612 ct
1079 3549 1163 3614 dubi·
