2498 3966
263 205 347 253 ctnnn
369 205 530 256 secuunus.
554 225 592 238 -
613 203 804 255 errtnntcrs.
966 190 1019 256 tot

92 339 107 373 ι
125 317 159 378 lo
175 315 356 380 disserenda
372 316 612 398 lracquaestione
625 317 877 382 obliviscendum
893 328 1027 394 nonest,

49 404 138 485 quod
150 403 321 468 tribunalia
333 406 507 482 saecularia,
519 424 655 488 quorum
666 416 713 471 est
723 409 868 487 judicare
878 407 917 470 de
927 409 1029 469 causis

47 493 210 569 civilibus,
224 495 335 557 eadem
351 506 437 568 sunt,
454 494 571 576 quibus
587 515 668 559 nora
685 496 751 577 lege
778 495 937 558 incumbit
952 515 1028 560 cau-

47 600 99 646 sas
114 583 366 646 matrimoniales
380 602 570 666 cognoscere
584 584 772 666 etJudicare.
789 585 877 661 Quod
903 586 928 647 si
941 585 1026 666 iudi·

45 672 459 736 cibuscatbolieisvetitum
488 673 584 736 luerit
601 674 787 754 huiusmodi
815 674 1027 738 tribunalibus
1123 739 1127 750 ,

43 762 213 834 interesse,
228 761 260 824 in
285 762 600 843 magnumdamnum
614 764 733 827 civium
747 781 783 826 ea
797 762 969 826 tribunalia
983 765 1026 827 eis

42 849 208 931 judicibus
224 850 386 928 carebunt,
400 851 455 934 qui
472 853 585 916 timore
597 851 651 915 Dei
665 852 751 935 pleni
771 853 822 936 pie
844 861 875 916 et
886 853 1026 934 iustoiu-

44 941 200 1004 dicant.»

87 1027 119 1091 S.
134 1028 168 1092 (l.
184 1030 207 1091 l.
237 1029 256 1090 3
283 1030 363 1111 Apr.
396 1030 487 1103 t877,
513 1031 700 1112 respondit:
721 1052 738 1089 «
763 1031 870 1102 Quosd
889 1032 1026 1113 judices,

43 1127 190 1182 recurrat
212 1119 244 1180 ln
269 1119 396 1182 casibus
425 1119 679 1200 particularibus.
708 1119 816 1194 Quoad
846 1120 1025 1191 advocatos,

43 1209 166 1272 dautur
188 1225 341 1288 responsa
367 1209 430 1290 jam
457 1207 529 1272 dala
558 1209 714 1292 Episcopo
753 1207 1024 1284 Southwarcensi,

44 1307 151 1360 020.»

85 1385 119 1448 30
133 1385 291 1449 Decretum
303 1384 338 1448 S.
358 1383 392 1448 0.
400 1386 441 1450 cd
450 1386 629 1450 Orditturt'os
637 1386 823 1452 Galliarum.

85 1475 272 1550 enucleat,
292 1475 442 1538 restitutis
457 1477 489 1538 in
510 1474 610 1538 Gallia
629 1477 754 1540 divortii
773 1477 906 1560 legibus,
921 1476 1024 1542 allatae

42 1574 122 1627 sunt
136 1565 329 1646 quaestiones
354 1563 393 1628 sd
422 1563 453 1628 S.
472 1564 509 1629 G.
528 1564 612 1648 lnq.,
638 1566 715 1647 quid
732 1566 840 1629 liceret
850 1565 1023 1647 judicibus,

42 1655 217 1726 advocatis,
229 1653 498 1734 procuratoribus.
515 1653 712 1736 Responsum
730 1663 775 1716 est
797 1655 910 1734 djunii
922 1657 999 1719 1885
1015 1676 1022 1719 t

86 1767 101 1801 e
120 1741 363 1805 Eminentissimi
378 1742 485 1804 Patres
499 1761 562 1804 una
575 1761 698 1804 mecum
712 1743 918 1824 inquisitores
932 1762 1023 1825 gene·

42 1833 139 1904 mles,
153 1850 187 1894 re
201 1839 324 1894 mature
339 1847 504 1912 perpensa,
525 1831 566 1893 ita
579 1837 774 1893 censuerunt
790 1849 799 1892 :

85 1921 249 1982 »Attentis
264 1919 458 2000 gravissimis
474 1937 591 1998 rerum,
622 1928 801 2002 temporum
824 1939 861 1984 ac
880 1922 1022 1987 locorum

41 2009 214 2090 adjunctis,
228 2007 353 2071 tolerari
368 2026 471 2090 posse,
489 2017 523 2070 ut
538 2009 592 2089 qui
617 2008 819 2084 magistratus
831 2009 978 2073 obtinent
992 2022 1022 2074 et

42 2100 198 2171 advocati,
215 2115 325 2160 causas
348 2097 597 2160 matrimoniales
619 2097 652 2158 in
684 2096 783 2160 Gallia
809 2106 915 2178 agant,
943 2102 1021 2182 quin

42 2189 149 2252 ollicio
162 2187 271 2250 cedere
291 2195 469 2261 teneantur,
486 2185 664 2250 dummodo
693 2185 884 2250 catholicam
907 2189 1021 2252 doctri·

42 2277 170 2341 namda
198 2276 400 2339 matrimonio
427 2276 531 2358 deque
551 2276 653 2340 causis
680 2277 966 2342 matrimonialibus
981 2280 1021 2343 ad

42 2369 129 2431 solos
144 2366 266 2446 judiees
293 2365 520 2429 ecclesiasticos
544 2364 777 2447 pertinentibus
802 2366 905 2445 palam
928 2369 1020 2447 proli-

41 2465 169 2520 teantur
184 2463 215 2518 et
229 2453 401 2517 dummodo
416 2455 457 2516 ita
468 2455 575 2516 animo
589 2453 764 2533 comparati
777 2455 840 2515 sint
854 2465 922 2517 tum
938 2457 1019 2518 circa

40 2546 223 2608 valoremet
234 2543 413 2607 nullitatem
435 2541 587 2622 conjugii,
604 2551 673 2604 tum
692 2542 775 2605 circa
789 2547 1018 2622 separationem

42 2652 226 2716 corporum,
241 2633 282 2697 de
297 2631 678 2712 quibuscautisjudicara
693 2639 861 2708 coguntur,
879 2639 913 2695 ut
938 2651 1019 2695 nun-

41 2741 141 2806 quam
175 2720 336 2804 prolerant
371 2721 559 2784 sententiam
605 2736 707 2802 neque
730 2719 769 2782 ad
798 2721 1045 2802 prolereudarn·

40 2814 215 2880 delendant
230 2812 275 2876 rel
293 2811 408 2876 adeam
423 2820 596 2893 provocent
616 2813 661 2875 rel
688 2809 825 2874 excitent
839 2809 946 2874 divino
965 2821 1018 2874 aut

40 2903 253 2970 ecclesiastico
264 2901 329 2982 juri
346 2909 589 2983 repugnantem,
602 2907 632 2962 et
647 2900 679 2962 in
693 2899 819 2963 casibus
843 2899 950 2964 dubiis
969 2901 1017 2964 val

41 2991 272 3060 difficilioribus
295 3009 388 3056 suum
419 2991 551 3071 quisque
579 2988 781 3053 Ordinarlum
817 2987 920 3065 adeat,
949 2990 1018 3070 ejus

37 3084 164 3168 judicic
177 3100 209 3144 se
219 3080 332 3161 dirigat
344 3091 384 3156 ct,
395 3089 552 3162 quatenus
563 3095 644 3159 opus
657 3079 707 3154 sit,
720 3095 854 3160 pereum
869 3079 909 3142 ad
927 3085 1017 3162 lpos·

42 3174 170 3239 tollcam
186 3169 452 3233 Poenllenliariatn
467 3175 617 3231 recurrat.

85 3287 101 3320 s
117 3260 183 3324 lloc
204 3261 365 3322 decretum
391 3257 446 3322 SS.
472 3260 561 3320 Pater
594 3265 698 3320 ratum
728 3256 842 3322 habuit
884 3257 1016 3340 ideoque

41 3339 193 3418 omuibus
205 3350 238 3412 in
253 3346 614 3429 uattietmuieptscopis
628 3356 658 3410 et
672 3346 838 3430 Episcopis
857 3357 968 3410 notum
983 3349 1016 3408 lrt

43 3461 102 3526 pro
115 3457 225 3504 eorum
241 3456 351 3503 norma
363 3436 485 3524 perbas
498 3435 628 3512 litterae,
644 3435 826 3519 ceteroquin
846 3453 908 3499 non
927 3441 1013 3499 erut·

41 3532 173 3618 gandae.
186 3553 201 3590 s
