2416 3954
898 1 960 8 nv*

175 247 233 310 506
398 259 536 309 nanuum
555 261 658 310 ronus
678 260 760 309 rums
779 259 929 310 oauourcr.

174 365 252 426 circa
265 361 407 436 virtutes,
421 359 602 441 expenditur
622 359 748 424 dubium
761 359 839 422 circa
854 359 1019 440 ipsummet
1031 368 1142 444 marty·

174 453 252 514 rium
277 456 307 514 et
328 448 409 513 illius
421 467 556 512 causam.
574 449 809 514 controvertitur
822 453 924 510 autem
938 468 978 511 an
992 449 1022 512 iu
1040 449 1142 530 hujus-

174 539 254 602 modi
278 537 376 601 causis
397 539 564 600 necessarie
584 538 644 602 sint
665 537 833 600 miracula:
854 536 907 600 sed
930 545 1071 601 constans
1090 540 1144 602 luit

175 645 295 709 semper
309 626 394 688 Sedis
411 628 555 690 Romanae
573 627 674 709 praxis
689 643 751 689 non
773 625 963 688 beatificandi
983 645 1040 690 nec
1057 645 1144 692 cano

174 715 293 779 nizandi
317 718 481 797 Martyres,
506 714 563 778 nisi
590 715 628 777 ab
651 715 723 797 ipsis
744 721 811 796 post
834 716 1011 797 martyrium
1033 723 1143 798 patrata

176 803 287 867 tuerint
300 803 447 867 miracula
461 822 470 865 z
485 803 671 866 videBencd.
681 805 746 865 lllV
761 803 816 882 (lie
825 803 1063 886 Beatificotr'one,
1072 813 1142 884 etc,

175 892 227 956 lib.
245 897 325 972 l,c.
347 896 401 970 28,
416 895 474 970 29,
489 893 549 971 30).

214 985 303 1045 tura.
328 981 409 1044 Noto
424 981 454 1043 2⁰
468 980 554 1053 Ourid
568 981 628 1043 sint
637 981 761 1064 quidam
775 997 863 1043 casus
877 980 908 1043 iu
923 981 1035 1063 quibus
1047 983 1144 1047 obser·

174 1071 272 1134 venda
290 1077 410 1134 nonest
429 1069 598 1151 supradicto
612 1070 703 1132 series
722 1067 937 1132 formalitatum
956 1090 1012 1152 pro
1026 1075 1144 1135 canoni·

175 1160 291 1224 ratione
304 1158 487 1242 perficiendo
497 1159 709 1239 requisiturum
726 1179 733 1213 τ
749 1157 870 1239 quando
884 1159 967 1221 euim
977 1161 1059 1222 Serri
1073 1163 1141 1240 ltei,

175 1249 220 1313 rel
236 1267 273 1311 ex
286 1249 404 1312 lndulto
418 1246 591 1324 Pontificio,
606 1248 653 1308 rel
667 1267 704 1310 ex
717 1248 748 1310 S.
765 1248 801 1308 R.
821 1248 932 1329 Gongr.
949 1247 1085 1331 licentia,
1100 1252 1144 1314 rel

176 1357 212 1402 ex
226 1337 402 1400 uniuersalis
415 1336 556 1398 Ecclesiae
566 1354 728 1414 consensu,
742 1335 789 1399 vel
803 1353 839 1398 ex
853 1337 1017 1400 assertione
1024 1339 1077 1402 SS.
1094 1341 1144 1401 Pe-

176 1433 256 1489 trum
270 1431 301 1488 et
319 1425 506 1506 Scriptorum
521 1424 806 1503 ecclesiasticorum,
821 1429 872 1488 aut
887 1424 1019 1507 denique
1037 1446 1074 1490 ex
1089 1430 1144 1491 im·

177 1513 362 1577 memorabili
387 1512 545 1575 traditione
562 1512 593 1573 in
608 1513 797 1594 possessione
818 1513 916 1577 cultus
930 1515 1042 1596 publici
1061 1517 1145 1580 inre-

176 1603 300 1665 niuntur
316 1650 324 1680 ,
339 1602 377 1665 de
387 1620 448 1684 quo
457 1600 633 1663 Ordinarius
645 1600 733 1663 debet
739 1599 886 1681 judicare,
900 1611 991 1684 prout
1004 1605 1035 1666 in
1047 1610 1146 1672 causis

174 1689 618 1771 communibusjudicatdenoo
628 1689 717 1761 cultu,
727 1690 813 1769 juxta
819 1693 1058 1757 DecretaUrbaui
1067 1699 1149 1772 Vlll5

175 1787 268 1859 tunc,
283 1779 523 1862 approbante.
539 1777 616 1843 Sede
630 1778 778 1842 sententia
791 1778 957 1860 ordinarii,
973 1783 1082 1846 Servus
1091 1787 1147 1849 Dei

175 1869 332 1934 habendus
359 1875 405 1932 eat
426 1874 460 1934 ut
485 1867 712 1951 oequipollonter
735 1866 941 1947 Beatilicatus,
971 1877 1002 1933 et
1027 1874 1149 1938 omissis

175 1957 241 2020 aliis
254 1956 497 2036 formalitatibus,
513 1963 613 2020 statim
628 1954 810 2038 proceditur,
825 1956 856 2018 in
866 1958 897 2019 S.
914 1958 949 2020 R.
966 1961 1092 2042 Gongr„
1108 1965 1150 2027 ad

176 2063 302 2108 examen
322 2045 467 2108 virtutum
481 2051 511 2107 et
524 2045 739 2108 miraculorum
756 2062 810 2126 pro
824 2045 1052 2112 canonizatione
1072 2059 1153 2116 tem-

175 2152 248 2214 pore
270 2151 326 2197 suo
341 2133 538 2211 celebrandt3
564 2133 690 2216 proinde
713 2151 775 2194 non
794 2141 967 2216 expectatur
988 2140 1072 2220 qudd
1098 2143 1153 2206 de-

175 2221 318 2284 cennium
340 2219 429 2286 luerit
441 2221 624 2300 absolutum,
640 2229 728 2305 prout
743 2223 774 2285 in
787 2223 886 2286 causis
898 2224 1057 2290 ordinariis
1073 2251 1153 2296 con-

175 2310 281 2393 tingit;
304 2308 357 2374 sed
379 2327 416 2372 ex
438 2311 565 2373 Decreto
589 2311 701 2374 Bened.
731 2311 814 2390 XlV,
840 2313 878 2374 23
898 2331 964 2394 apr.
991 2321 1092 2396 lili,
1117 2323 1152 2386 in

175 2396 779 2480 huiusmodiCenonizntionibusperviam
792 2403 879 2464 casus
890 2405 1006 2484 excepti
1016 2415 1155 2487 quatuor
1206 2413 1207 2452 l

176 2489 371 2571 requiruntur
381 2488 524 2550 miracula
537 2489 571 2550 de
586 2489 649 2550 uisu
664 2489 873 2570 comprobata,
888 2499 932 2570 ut,
948 2495 1157 2574 probetisvir-

176 2577 288 2642 tutibus
302 2585 352 2642 aut
366 2575 518 2657 nrartyrio,
537 2577 680 2639 solemnis
694 2577 819 2639 obtineri
834 2579 928 2658 possit
941 2581 1153 2654 canonizatio.

176 2667 232 2747 (De
245 2667 373 2748 Bootis„
389 2663 440 2726 lib.
458 2668 488 2742 l,
503 2683 570 2746 cup,
587 2669 637 2742 32,
654 2677 687 2726 n⁰
701 2667 743 2746 5.)

215 2759 305 2820 4873.
327 2753 503 2835 intelligitur
521 2760 621 2816 autom
635 2771 690 2835 per
703 2755 899 2836 miraculum,
912 2759 998 2839 juxta
1012 2762 1042 2825 S.
1064 2765 1157 2830 Tho-

176 2863 259 2910 mem
272 2847 298 2924 (t
311 2863 391 2926 pars,
406 2863 438 2925 q.
449 2846 517 2920 llll,
527 2849 583 2904 art.
597 2847 625 2918 d,
641 2842 809 2925 incorpore)
825 2845 890 2910 :Id
899 2847 979 2930 qood
987 2851 1159 2933 fitproeter

177 2932 308 2995 ordinem
321 2941 437 2995 nutare
449 2947 463 3007 ;
476 2930 701 3012 distinguuntur
714 2932 801 3010 verd,
815 2934 898 3012 iuxta
910 2939 1073 3018 eumdem,
1086 2949 1159 3009 tres

177 3021 288 3102 gradus
307 3038 361 3082 seu
378 3020 493 3100 speeies
515 3019 729 3082 miraculorum
750 3039 758 3082 τ
771 3023 907 3103 primus,
926 3025 1157 3098 miraculorum

177 3126 245 3190 quae
260 3114 330 3169 sunt
341 3126 431 3189 supro
444 3115 593 3184 naturum,
609 3115 642 3172 ul
651 3109 827 3173 resurrectio
841 3121 1030 3180 mortuorum
1042 3138 1052 3181 τ
1064 3121 1157 3187 solum
1205 3173 1206 3178 ,

117 3237 119 3244 -
177 3199 257 3258 Deus
274 3213 310 3257 ea
331 3201 471 3276 prestare
489 3203 601 3276 potest,
617 3199 689 3279 quia
710 3199 806 3263 asolo
826 3203 889 3266 Deo
912 3205 971 3270 vita
991 3209 1156 3292 proredit;
1205 3191 1206 3210 ¹

177 3281 323 3358 secandus,
346 3291 448 3344 contro
461 3293 620 3364 naturam,
635 3293 669 3348 ut
681 3293 752 3349 sunt
773 3305 808 3352 ca
821 3309 890 3372 quae
909 3294 1025 3358 etiamsi
1047 3297 1157 3379 sona,

177 3368 365 3449 permittente
385 3371 462 3448 Deo,
478 3379 599 3451 possent
618 3373 683 3436 lieri
696 3375 735 3437 ab
756 3375 856 3460 aliqud
868 3387 1025 3463 creatura,
1042 3390 1160 3454 tanren

178 3461 248 3515 sunt
260 3465 363 3520 contra
374 3457 455 3538 leges
466 3464 579 3521 naturae
589 3461 694 3542 quales
707 3462 828 3529 luerunt
840 3469 858 3530 'a
872 3471 936 3534 lieo
950 3471 1114 3556 institutae,
1124 3495 1162 3543 et

178 3559 268 3622 supra
290 3543 454 3606 humanam
474 3552 652 3648 potestatem
676 3569 685 3612 ε
713 3571 742 3616 v.
766 3574 810 3638 g„
836 3558 919 3640 qudd
941 3561 1059 3628 steterit
1088 3567 1160 3648 sol,

179 3635 268 3707 prout
285 3637 418 3714 tempore
431 3635 523 3696 losuo
539 3655 631 3715 ipsius
646 3657 717 3704 uoce
731 3643 858 3726 accidit,
873 3654 925 3711 aut
945 3649 1024 3733 quod
1040 3671 1160 3734 nram,
