2420 3968
406 259 490 306 arom
512 259 669 308 secururs.
961 247 1017 308 tbi

67 343 106 408 lex
118 349 238 434 obligat,
254 357 376 440 nequid
392 357 460 434 flat,
476 358 545 420 dato
559 361 665 440 operat,
682 367 715 422 ut
734 360 781 423 lex
797 361 937 424 eludatur
952 362 1018 442 (ib,

66 433 110 498 lib,
125 443 155 517 3,
170 453 201 503 n⁰
216 449 313 523 1045);
330 449 392 510 imo
402 450 432 510 S.
445 448 605 529 Lignorius
618 447 669 529 (it.
686 459 719 510 n⁰
736 454 824 530 tolo)
840 457 924 534 putat
938 451 1019 514 idem

65 529 176 594 omnino
187 551 250 598 esse
264 537 428 600 tenendum
438 537 522 600 daeo
532 539 584 620 qui
599 538 664 599 sint
675 543 766 602 causa
779 540 912 606 laborem
923 542 1018 606 scien·

66 619 103 676 ter
115 623 229 685 assumit
242 626 259 686 t
265 626 381 706 jeiunio
390 633 595 704 excusantem,
607 628 743 709 quamvis
758 647 819 692 non
835 631 866 695 in
882 631 1018 694 fraudem

64 711 188 804 praecepti
201 717 290 796 :quia
305 716 356 797 qui
366 723 485 780 tenetur
496 715 647 794 adfinem,
658 722 779 781 tenetur
789 737 851 782 non
865 740 1018 804 apponere

29 813 31 818 ’
65 797 306 876 tmpedimentaad
316 805 400 868 illum
411 805 660 888 consequendum
675 823 683 867 ε
697 807 841 871 motivum
855 816 956 873 tamen
969 811 1020 873 ali·

63 887 131 962 quod
145 886 259 954 lucrum
273 895 543 957 extraordinarium
554 894 683 958 faciendi
694 943 701 973 ,
713 895 862 959 sufficeret
874 899 912 960 ad
926 919 1017 962 excu-

62 974 195 1056 sandum,
219 1000 281 1044 non
295 985 368 1046 vero
386 1003 476 1046 causa
499 984 729 1063 oblectamenti,
750 985 795 1047 vel
810 987 954 1068 simplicis
974 1009 1019 1050 re·

60 1065 215 1133 creationis.
237 1095 252 1131 a
273 1075 361 1135 Notat
374 1080 474 1136 autem
498 1074 667 1137 Sanchez...
684 1073 767 1156 qubd
785 1075 809 1136 si
824 1075 892 1157 quis
907 1094 968 1136 non
983 1077 1019 1138 ad

61 1170 73 1205 a
94 1159 319 1242 recreationem,
339 1162 392 1226 sed
411 1163 448 1225 ad
468 1164 561 1226 finem
581 1163 706 1241 utilem,
723 1163 791 1228 licet
806 1183 867 1227 non
881 1183 1019 1226 necessa-

59 1259 71 1295 υ
92 1242 181 1342 ¹u'unr,
205 1258 339 1314 assumat
354 1251 508 1331 laborem,
523 1271 585 1315 non
600 1259 705 1334 peccet
717 1258 821 1316 contra
835 1261 1019 1336 praeoeptum

58 1351 70 1385 υ
89 1335 212 1416 jejunii,
237 1343 261 1404 si
278 1349 381 1424 postea
401 1361 462 1404 non
474 1343 600 1422 jeJunet
616 1343 700 1405 Idem
714 1343 793 1404 ait...
809 1343 847 1406 de
861 1343 1019 1404 itinerante

55 1441 68 1476 r
89 1427 233 1510 exaliqua
258 1435 350 1495 coust
363 1431 509 1510 honesta,
532 1433 585 1495 etsi
609 1451 670 1494 non
693 1434 879 1508 necessarit,
895 1437 967 1514 puta
982 1432 1019 1494 ad

55 1531 67 1564 o
89 1511 254 1582 invisendos
279 1522 467 1603 propinquos
485 1521 531 1583 vel
545 1522 690 1603 patriam,
706 1521 744 1582 ad
768 1521 958 1598 venandum,
983 1519 1021 1583 ad

54 1621 66 1656 a
87 1599 248 1671 ludendum
274 1611 355 1691 pita:
376 1617 449 1672 tunc
469 1611 551 1672 enim
571 1611 664 1673 semel
687 1611 733 1672 vel
752 1611 861 1673 iterum
885 1617 1018 1673 excusat.

54 1712 65 1746 o
86 1693 140 1756 Sed
155 1697 201 1760 bis
210 1699 306 1780 (addit
316 1702 347 1762 S.
357 1699 526 1781 Liguorius)
540 1719 600 1761 non
615 1699 753 1762 universe
765 1701 935 1781 acquiesc0,
946 1719 1022 1782 prae

51 1801 64 1836 n
86 1785 184 1852 sertim
198 1789 236 1868 si,
250 1789 316 1851 solt
328 1788 534 1851 delectationis
543 1791 645 1865 causa,
661 1789 771 1864 itervel
782 1790 857 1852 alius
866 1789 951 1850 labor
958 1807 1021 1852 sus·

49 1891 61 1927 a
84 1873 238 1954 cipiaturu
257 1878 367 1958 (itit).

83 1967 170 2027 5023.
196 1967 316 2044 Quarto
339 1987 430 2031 causa
449 1985 596 2032 excusans
623 1968 834 2048 tjejunioest
855 1967 967 2051 pictos,
995 1969 1020 2032 si

48 2069 149 2136 nenape
164 2057 378 2140 peragendum
393 2057 431 2120 sit
444 2077 520 2140 opus
534 2056 684 2119 charitatis
699 2063 751 2121 aut
759 2058 914 2140 religionis
928 2058 1021 2139 majo-

48 2140 82 2202 ris
102 2147 252 2208 momenti
268 2149 361 2228 quam
373 2148 523 2227 Jejunium
540 2167 548 2209 ε
564 2153 593 2209 et
611 2146 669 2210 hoc
683 2147 887 2230 probabilitas,
904 2149 1021 2210 etiamsi

45 2251 114 2313 opus
129 2255 191 2298 non
209 2255 249 2298 ex
265 2237 457 2317 necessitate,
473 2236 525 2299 sed
537 2245 643 2319 sponte
658 2237 855 2317 suscipiatur,
871 2237 963 2300 modo
984 2256 1020 2299 ex

43 2321 115 2398 justt
134 2329 231 2388 coust
246 2325 300 2387 liat
319 2331 349 2386 et
373 2345 433 2389 non
449 2326 541 2408 possit
558 2325 684 2389 differri.
701 2329 732 2389 S.
759 2327 880 2408 Lignor.
897 2327 961 2400 (lib.
980 2329 1020 2399 3,

43 2413 71 2471 1¹⁰
93 2418 194 2496 rota).
222 2415 304 2478 Hinc
328 2421 508 2478 excusantur
534 2416 586 2497 qui
613 2417 749 2496 pluribus
773 2415 921 2492 infirmis,
950 2433 1021 2475 cum

43 2518 150 2584 magno
185 2505 316 2584 labore,
345 2505 512 2567 inserviunt
537 2505 567 2565 io
596 2503 791 2585 hospitalibus
817 2509 869 2564 aut
899 2521 1022 2564 monas-

42 2592 129 2656 teriia.

76 2684 277 2748 Excusantur
291 2684 517 2765 peregrinantes
530 2683 567 2744 ad
580 2683 647 2746 loca
661 2699 762 2750 sacra,
781 2680 806 2742 si
821 2678 1023 2760 peregrinatio

41 2779 170 2838 versum
189 2776 225 2837 in
250 2791 397 2855 magnum
420 2773 474 2835 Dei
488 2772 635 2834 bonorem
649 2818 656 2848 ,
672 2771 718 2832 vel
732 2786 875 2850 magnam
889 2767 1023 2830 aedifica-

40 2861 152 2927 tionem
167 2881 389 2941 communem,
403 2863 449 2926 vel
463 2863 494 2924 in
510 2879 651 2942 magnam
666 2859 760 2942 ipsius
774 2858 925 2940 peregrini
943 2859 1025 2920 utili-1

40 2955 146 3031 tatem3
180 2954 207 3015 si
241 2953 312 3015 verb
334 2950 535 3034 peregrinatio
572 2949 716 3031 simplicis
741 2948 905 3011 devotionis
935 2953 1023 3012 causta

38 3045 245 3126 suscipiatur,
262 3060 323 3102 non
339 3047 462 3104 excusat
476 3039 620 3120 ajejunio
637 3037 770 3100 :differri
786 3044 888 3100 autom
903 3037 1025 3102 deberet

38 3147 160 3215 semper
176 3151 217 3195 ao
232 3131 393 3193 commode
411 3129 524 3191 clitl'erri
538 3133 639 3210 posset
654 3149 661 3205 ;
678 3126 885 3210 quandovero
902 3129 967 3207 jam
982 3136 1026 3191 est

36 3230 200 3306 suscepta,
228 3220 254 3282 si
270 3219 335 3282 dies
345 3219 453 3300 jeiunli
474 3223 629 3296 occurrat,
646 3237 708 3279 non
722 3223 768 3280 est
781 3216 923 3300 obligatio
938 3220 1026 3280 inter·

36 3311 181 3374 mittendi
190 3327 264 3373 eam
278 3315 311 3372 ut
315 3309 468 3390 jejunium
482 3313 626 3370 servetur.
642 3307 737 3370 Homo
746 3305 921 3388 apostolicus
929 3307 1023 3386 (tract.

53 3409 70 3446 ⁴)
131 3413 144 3442 o

36 3399 394 3554 l.gorp24ptpixcusanmr
414 3491 643 3553 concionatores
669 3487 722 3568 qui
744 3485 908 3569 pradicant
931 3486 1027 3567 quoti-

30 3581 103 3659 die,
140 3581 213 3644 sive
238 3579 409 3662 frequenter
433 3579 463 3641 in
493 3577 748 3657 Quadragesima,
772 3576 840 3638 licet
862 3572 967 3635 deceat
994 3580 1027 3634 ut

32 3672 198 3749 quontbm
210 3666 277 3730 fieri
287 3676 384 3752 potest
397 3674 530 3748 satagunt
538 3665 652 3746 jejunia
663 3665 831 3740 observare,
842 3669 875 3722 ut
889 3660 1027 3739 exemplo
