2482 3944
384 193 468 238 arnan
490 193 648 246 securam.
965 176 1004 238 69

46 307 58 342 r
78 287 126 348 sed
146 289 235 349 etiam
259 287 300 349 ob
319 284 471 350 lodultum
495 288 656 350 Clementis
676 292 736 367 ill,
750 293 786 352 ut
803 287 939 350 referunt
955 289 1007 350 Be

45 399 56 432 s
78 376 141 439 nod.
163 379 241 451 lllv,
268 377 312 438 De
331 377 442 456 Sacris.
463 376 581 453 Missoe,
605 377 657 439 lib.
679 379 718 456 3,
738 395 766 440 o.
787 391 826 450 6:
847 395 909 459 quo
936 395 1007 438 oon·

45 484 186 528 »cessum
213 465 272 528 iuii
299 466 456 545 Equitibus
478 465 781 547 Hierosolymitanis,
803 485 884 529 anno
909 469 1003 544 troo,

44 576 55 612 ι
75 555 219 620 celebrare
241 554 274 616 in
296 555 390 626 mari,
413 555 470 617 hac
487 563 588 617 amen
612 553 679 634 lege
695 574 702 616 :
721 559 752 618 l⁰
773 565 806 619 ut
825 555 902 618 adsit
916 555 1005 637 longa

43 665 54 699 ι
74 643 205 706 distantia
219 647 238 706 a
252 644 374 719 littore;
404 651 435 706 2⁰
463 651 496 706 ut
515 661 599 706 mare
623 645 661 706 sit
688 643 904 725 tranquillum3
921 647 952 706 3⁰
973 651 1004 706 ut

43 753 54 788 n
73 735 182 795 assistat
199 734 278 796 alius
297 733 455 810 sacerdos,
470 733 516 795 nel
539 733 702 811 diaconus,
718 733 810 814 quisi
825 733 893 814 quis
907 733 1007 794 conci-

42 843 53 877 υ
73 829 145 884 tetur
154 829 259 886 motus
268 871 276 900 ,
286 821 413 884 calicem
424 820 548 886 iirmam
558 827 696 884 teneat.»
710 823 753 900 (S.
766 819 962 902 Lignor.,lib.
974 823 1005 896 6,

45 915 77 968 n²⁸
89 915 143 974 356
156 919 185 974 et
199 915 285 990 359.)

74 1003 155 1062 3565.
179 1001 243 1062 Etsi
259 1001 292 1061 in
306 1019 373 1082 cap.
390 999 496 1077 Sicut,
511 999 547 1062 de
569 1018 706 1070 conseer..
730 998 800 1062 dist.
818 1001 848 1072 l,
863 997 1002 1060 dicatur:

43 1087 95 1148 Non
115 1089 202 1152 licere
226 1097 317 1152 extra
337 1089 486 1151 ecclesium
506 1087 666 1160 celebrare,
683 1089 743 1150 nisi
755 1107 867 1149 summa
881 1088 1006 1168 coperit

42 1177 192 1252 necessitas,
211 1187 345 1240 attamen
362 1177 452 1240 hodie
463 1225 472 1254 ,
482 1196 518 1239 ex
532 1177 772 1256 consuetudine,
790 1177 892 1238 minor
906 1195 1006 1239 raeces

42 1269 97 1327 nitas
112 1268 295 1350 requiritur3
310 1267 394 1329 unde
407 1266 510 1348 plures
524 1269 587 1327 llll.
604 1266 720 1342 dieunt,
737 1266 817 1347 apud
832 1266 864 1328 S.
880 1267 1001 1347 liguor.

42 1353 136 1436 iiiia),
156 1375 251 1440 posse
274 1357 516 1439 peregrinantem
531 1355 734 1437 perdeserta,
750 1361 833 1418 extra
846 1355 1004 1418 ecclesiam

43 1445 189 1523 celebrare,
207 1447 316 1509 nediu
330 1451 456 1528 cogatur
471 1445 562 1507 missa
575 1463 688 1508 carere.

71 1547 151 1608 3566.
174 1546 302 1618 Quaerit.
320 1550 352 1607 l⁰
367 1547 414 1604 An
429 1543 515 1606 liceat
528 1543 680 1605 celebrare
695 1543 726 1604 in
741 1545 877 1606 oratoriis
890 1544 1004 1626 absque

42 1631 143 1698 licentia
159 1636 321 1718 Episcopi,
345 1641 376 1696 et
399 1652 438 1694 an
463 1633 601 1714 Episcopi
620 1631 692 1694 dare
715 1632 830 1714 possint
852 1633 1004 1695 licentiam

41 1723 194 1788 celebrandi
210 1725 304 1787 etiam
313 1723 344 1786 in
359 1723 497 1785 oratoriis
510 1721 672 1784 domorum
686 1721 894 1803 privatarum?

74 1824 152 1906 Resp.
169 1824 309 1889 Oratoria
330 1821 388 1885 alia
402 1840 467 1883 esse
481 1821 600 1903 publica
620 1827 650 1881 et
670 1819 730 1879 alia
744 1821 857 1898 privata
873 1837 881 1878 ε
898 1825 931 1879 ut
956 1837 1007 1898 pu·

44 1907 105 1974 blica
116 1913 257 1978 habenda
271 1919 342 1976 sunt
366 1910 468 1974 omnia
482 1909 613 1972 oratoria
634 1905 791 1970 benedicta
811 1911 842 1967 ei
860 1905 1006 1968 destinata

45 1999 73 2060 ad
85 2021 148 2067 usus
161 2021 268 2066 sacros
279 2049 286 2078 ,
298 2002 322 2062 si
333 2000 464 2062 habeant
474 1999 601 2080 januam
610 1997 642 2058 in
653 1997 700 2058 via
710 1994 830 2076 publica
842 2042 850 2072 ,
862 1994 917 2057 etsi
927 2013 1006 2059 cnm·

45 2109 133 2166 pinam
147 2111 213 2156 non
228 2091 375 2153 habeant¹
390 2109 397 2149 ι
416 2090 487 2150 item
504 2085 633 2150 oratoria
645 2084 807 2148 domorum
821 2085 1004 2166 regularium

47 2183 195 2248 stilianum
211 2179 486 2257 communitatum,
501 2175 731 2238 seminariorum
744 2222 754 2255 ,
768 2178 1004 2239 conservatoria-

47 2285 118 2344 rum,
140 2271 336 2354 hospitalium
355 2317 363 2348 ,
387 2284 570 2343 carcerum,
597 2265 901 2342 confraternitatum,
925 2271 1002 2343 cic.;

46 2357 99 2421 item
113 2363 243 2425 oratoria
254 2366 352 2421 erecta
362 2359 394 2418 in
406 2355 526 2418 Palatiis
536 2355 753 2437 Episcoporum
764 2354 853 2416 etiam
868 2353 899 2415 in
913 2353 1005 2418 domo

44 2451 196 2527 rusticana,
212 2457 242 2510 et
256 2453 338 2511 extra
359 2445 512 2529 propriam
526 2443 701 2520 dioecesim,
720 2443 819 2505 adhuc
832 2443 897 2506 sine
911 2443 1004 2507 licen·

44 2538 227 2602 tittlrdinarii
244 2545 353 2600 erecta.
370 2536 463 2597 Porro
478 2535 508 2595 in
523 2533 569 2596 his
581 2533 723 2596 omnibus
741 2531 855 2594 licitum
867 2539 912 2593 est
920 2533 1003 2596 omni

42 2629 173 2692 sacrrdoti
193 2628 316 2690 missam
338 2626 491 2688 celebrare
516 2623 630 2703 absque
651 2619 770 2683 licentii
795 2620 954 2701 Episcopi,
976 2629 1005 2684 et

43 2720 170 2782 omnibus
184 2717 324 2780 fidelibus
337 2715 461 2776 missam
475 2713 599 2789 audire,
615 2711 704 2771 etiam
725 2707 757 2768 in
774 2707 881 2767 nliebus
894 2707 1004 2769 solem-

46 2805 162 2872 rioribus
182 2807 276 2884 anni,
303 2804 394 2866 modo
419 2803 549 2864 habeant
569 2799 672 2862 omnia
694 2794 838 2876 requisita
857 2793 895 2856 ad
913 2795 1006 2856 eccle-

43 2895 120 2976 siam,
137 2899 183 2960 uel
197 2895 361 2959 oratorium
376 2893 532 2976 publicum
547 2884 805 2952 constituendum.
822 2883 897 2946 Vide
911 2885 943 2946 S.
962 2883 1006 2946 li-

43 3003 126 3062 guou,
144 2987 195 3049 lib.
213 2989 248 3064 6,
265 2996 299 3046 n⁰
312 2987 383 3046 35¹1.

73 3090 157 3149 3557.
175 3085 291 3146 Privata
310 3080 440 3145 oratoria
453 3085 523 3142 sunt
541 3097 577 3140 ea
599 3077 636 3140 ad
657 3095 726 3158 quae
739 3092 800 3137 non
814 3079 895 3157 patet
907 3071 1006 3136 aditus

43 3175 86 3234 nisi
102 3195 154 3257 per
167 3175 295 3236 domum
309 3173 453 3254 privatam
463 3190 472 3246 ;
483 3176 513 3230 et
526 3175 601 3230 tunc
613 3167 644 3227 in
659 3166 703 3227 eis
717 3182 779 3228 non
793 3165 881 3242 licet,
892 3162 1005 3245 absquo

42 3261 127 3324 debita
141 3263 260 3326 licentia
273 3309 281 3339 ,
296 3261 466 3333 celebrare,
484 3275 540 3318 nec
560 3256 736 3336 regulariter
754 3254 868 3336 absque
886 3251 1005 3316 indulto
1084 3315 1086 3318 .

44 3349 185 3416 lontiiicio
214 3359 311 3434 potest
337 3351 369 3412 in
395 3350 439 3412 eis
460 3333 596 3410 salisiieri
624 3349 775 3427 pnaeceplo
802 3343 925 3405 missam
951 3362 1004 3406 au·

69 3525 153 3576 ‘Circa
173 3542 200 3590 ea
218 3539 274 3592 quac
293 3522 404 3574 indicant
424 3519 559 3572 oratorium
577 3535 631 3571 essa
648 3517 785 3584 publicum,
807 3515 863 3566 vide
883 3515 1002 3574 Ferraria,

46 3609 67 3642 ¹·
78 3598 224 3660 ultoriam,
238 3599 275 3648 ul·
286 3595 326 3656 86,
339 3595 396 3650 tot,
408 3592 454 3644 102
467 3597 492 3640 ei
503 3589 557 3642 tot.
