2434 3940
1029 4 1198 15 ἡ

432 211 520 262 trusa
539 211 699 264 susumus.
996 200 1050 264 221

24 330 26 426 p
109 309 190 386 bbus,
205 311 255 374 sed
267 311 328 376 sola
342 313 484 397 suspicio,
500 313 592 376 modb
604 318 766 377 vehemens
779 319 810 379 et
819 313 971 397 prudens3
987 317 1019 378 3ο
1033 317 1056 378 si

24 435 26 488 p
108 415 201 480 magna
212 400 330 465 alterius
348 401 447 467 debita
467 401 662 484 delegantur,
676 401 722 466 uel
736 422 825 486 grave
838 403 876 467 sit
890 405 1057 487 periculum

106 485 232 566 lonunae,
259 487 362 567 lamae,
391 491 507 565 morbi,
532 491 734 573 paupertatis,
757 499 839 570 etc.;
868 493 893 556 si
919 494 1058 558 timeatur

24 575 25 578 ’
105 577 172 656 qubd
186 586 266 660 pater
287 581 324 642 sit
342 579 438 642 lilium
454 579 715 656 exhaeredaturus3
730 580 761 643 si
783 599 912 663 sponsus
935 583 1058 664 incipiat

103 667 187 746 sagari
205 685 275 730 cum
289 668 482 732 incommodo
504 687 634 751 sponse.
650 669 693 746 (S.
709 669 845 751 Lignea,
860 670 913 732 lib.
928 675 960 747 6,
975 673 1057 747 863.)

90 789 93 793 ’
134 759 215 817 illiti.
238 757 360 829 Quaerit.
386 761 416 819 t·
440 760 487 819 An
509 775 578 839 pars
599 757 739 820 laborans
758 757 876 821 delectu
900 757 1057 822 sullicienli

101 840 686 926 adsolsendaspousalia,teneaturillum
695 845 1057 928 mauilestareaotequam

100 931 318 1010 contrabantur;
334 934 398 1011 vol,
414 933 457 1002 eis
471 935 646 1010 contractis,
662 942 732 998 anto
748 934 1000 998 matrimonium?

132 1021 214 1103 ltasp.
239 1023 294 1086 Vel
310 1023 358 1086 ille
371 1022 505 1086 delectus
521 1022 659 1086 redderet
676 1024 796 1106 nuptias
811 1023 1009 1104 perniciosas,
1024 1027 1058 1085 ut

99 1117 164 1170 asset
185 1111 330 1186 infamia,
353 1111 476 1174 morbus
496 1113 708 1193 contagiosus,
731 1111 777 1174 vel
803 1112 827 1174 si
851 1110 961 1174 mulier
981 1115 1058 1174 esset

98 1198 223 1276 gravida3
240 1209 272 1262 et
284 1209 358 1263 tuno
372 1218 502 1281 sponsus
516 1199 562 1262 bis
576 1201 653 1263 vitiis
667 1201 806 1264 laborans
815 1207 935 1264 tenetur
947 1219 982 1264 ea
997 1219 1058 1264 ma·

99 1283 224 1352 nilrstare
240 1296 294 1352 aut
315 1291 332 1350 d
349 1289 459 1372 nuptiis
480 1288 645 1366 desistere,
670 1291 726 1352 nisi
749 1291 841 1353 altera
860 1308 928 1372 pars
950 1289 1056 1352 eodem

96 1371 201 1456 delectu
223 1377 396 1440 laboraret:
416 1377 549 1459 alioquin
568 1386 672 1440 contra
687 1378 832 1458 justitiam
854 1385 1001 1461 peccaret.
1016 1413 1057 1426 -

97 1463 121 1523 Si
138 1467 206 1528 verb
218 1465 355 1528 delectus
377 1466 496 1547 nuptias
510 1483 571 1527 non
595 1465 733 1530 redderet
747 1470 866 1542 noxias,
885 1467 938 1530 sed
956 1468 1055 1532 solbm

97 1553 184 1616 minus
205 1555 404 1638 appetibiles,
427 1573 538 1636 nempe
560 1556 584 1617 si
605 1575 716 1637 sponsa
734 1563 813 1620 esset
832 1575 965 1639 pauper,
987 1575 1055 1639 quae

21 1641 22 1644 ’
95 1644 281 1722 reputabatur
301 1663 367 1706 esse
385 1643 487 1722 dives,
506 1643 653 1723 ignobilis
675 1663 743 1726 quas
765 1645 893 1720 nobilis,
913 1645 1056 1708 delornris

95 1747 153 1809 quaa
167 1733 296 1813 pulchra
309 1779 317 1807 ,
330 1740 471 1813 corrupta
485 1751 554 1814 quas
567 1734 650 1813 virgo
668 1749 677 1792 ε
693 1749 766 1794 runc
782 1749 843 1792 non
857 1739 903 1791 est
915 1733 1056 1810 obligatio

94 1819 157 1883 iales
169 1821 305 1884 delectus
320 1821 547 1898 manilestandi‚
563 1822 635 1901 quia
657 1837 748 1881 nemo
765 1825 886 1880 tenetur
900 1817 1057 1900 propalare

94 1924 172 1972 suum
185 1901 340 1974 delectum
354 1929 425 1974 cum
447 1910 568 1992 propriu
581 1907 702 1970 infamia
715 1953 723 1984 ,
739 1909 763 1970 si
780 1925 840 1969 non
856 1905 936 1969 laedit
946 1906 997 1985 J'us
1011 1905 1055 1967 al·

93 1999 183 2062 terius.
204 2023 220 2062 a
243 1998 326 2061 Licet
346 1999 428 2061 enim
447 2015 596 2080 sponsuS,
620 1997 717 2080 inquit
730 1998 761 2059 S.
782 1996 904 2078 Lignor.
927 1994 1055 2074 (z'br'dem

92 2105 105 2140 r
126 2092 248 2168 o·865),
258 2087 379 2170 cognito
391 2087 527 2164 delectu,
542 2086 650 2148 habeat
657 2085 864 2166 jusresiliendi
879 2085 1053 2167 asponsati-

91 2194 104 2232 s
125 2175 231 2252 bus...‚
247 2184 349 2239 tamen
361 2175 533 2258 usquedum
548 2176 826 2258 ipsoexceptionem
842 2194 903 2239 non
917 2175 1051 2257 apponit,

90 2284 104 2322 a
125 2275 219 2346 potest
230 2266 300 2346 cogi
314 2268 450 2347 dsponsa
463 2264 500 2326 ad
515 2265 791 2341 matrimonium...;
808 2264 927 2329 unde...
942 2282 1054 2346 sponsa

89 2371 103 2410 r
124 2355 160 2416 ab
173 2355 234 2419 alio
243 2364 395 2435 corrupta,
410 2353 525 2416 etiamsi
541 2357 741 2436 interrogetur
754 2357 772 2417 b
785 2373 897 2437 sponso
909 2372 949 2438 pn
964 2353 1055 2416 luerit

89 2463 102 2500 a
124 2443 160 2504 ab
173 2445 234 2508 atio
256 2445 397 2524 cognita,
413 2442 520 2525 poterit
541 2441 731 2507 dissimulare
743 2451 774 2506 et
797 2462 908 2526 negare
923 2451 1052 2524 porres-

88 2550 102 2590 r
124 2533 295 2596 trictionem
310 2549 371 2596 non
392 2533 468 2614 pure
486 2532 665 2610 mentalem,
681 2531 892 2615 respondendo
913 2550 975 2594 non
989 2549 1054 2594 essa

88 2629 317 2704 amaruptam,
344 2619 574 2704 subintelligens
603 2621 636 2684 ia
668 2621 815 2683 conamuai
841 2619 1050 2688 estimatione,

88 2729 102 2768 r
123 2723 174 2772 aut
187 2707 432 2791 adoperiendam
446 2709 513 2772 titi.
529 2731 545 2769 a
562 2711 673 2772 cavere
686 2717 788 2770 tamen
802 2708 890 2769 debet
904 2723 943 2767 ne
957 2709 1054 2769 virum

87 2801 208 2875 positive
221 2799 363 2881 decipiat,
374 2797 516 2875 lingendo
530 2817 563 2860 se
577 2795 830 2859 immuncmtstali
844 2792 983 2864 delectata
999 2810 1055 2856 nec

88 2901 173 2950 etiam
200 2889 258 2971 ipsi
291 2885 444 2968 expediret
468 2885 681 2956 dissimulare,
706 2887 730 2948 si
755 2884 919 2967 prudenter
936 2885 1055 2945 timere·

87 2983 132 3038 tur
152 2977 237 3060 qubd
250 2974 383 3038 delectus
404 2983 470 3056 post
492 2976 611 3056 nuptias
631 2973 805 3056 propaletur
823 2971 975 3036 alexiade
995 2971 1056 3036 siut

87 3063 242 3128 dismrdiae
255 3073 456 3146 proventurae.
478 3065 521 3142 (S.
539 3063 672 3145 lignos,
689 3063 741 3126 lib.
757 3067 794 3136 o,
809 3065 966 3141 863-866.)

123 3158 215 3218 tout.
238 3153 362 3227 Ouaerit.
385 3157 417 3214 2⁰
442 3155 489 3213 An
517 3170 593 3214 nova
615 3152 816 3235 superueniens
838 3151 994 3216 hereditas
1016 3151 1055 3214 sit

87 3259 176 3306 eausa
189 3243 341 3306 sufficiens
354 3239 533 3304 dissolvendi
548 3241 718 3322 sponsalia?

125 3334 216 3415 ltesp.
240 3330 493 3394 Communissimb
513 3331 633 3411 negari,
657 3331 728 3413 quia
750 3348 879 3412 sponsus
901 3331 945 3394 sic
964 3332 1053 3397 ditior

89 3418 198 3499 lactus,
213 3440 276 3484 non
289 3420 345 3484 luit
356 3427 457 3482 tamen
471 3418 614 3502 deceptus
627 3420 658 3482 in
672 3418 843 3482 conditione
855 3419 987 3498 alterius,
1003 3441 1055 3483 cu·

86 3508 134 3587 jus
149 3510 281 3573 conditio
304 3527 366 3571 non
384 3516 430 3571 cst
447 3515 562 3570 mutata
583 3527 591 3568 z
614 3507 722 3569 adsunt
743 3514 845 3568 tamen
860 3515 965 3568 contra
984 3521 1053 3563 sen·

89 3597 204 3668 tientes,
221 3599 311 3662 etiam
325 3597 358 3664 io
379 3614 451 3660 casu
466 3613 528 3680 quo
542 3602 610 3675 post
622 3594 772 3676 sponsalia
783 3593 909 3656 otlertur
923 3583 1052 3648 alterutri
