2482 3944
421 179 506 228 0110
526 179 684 228 succubus.
999 165 1037 227 33

78 279 307 356 asttencndum,
323 283 356 344 ut
375 285 490 344 constat
513 299 549 342 cx
571 283 698 344 Decreta
722 281 813 343 Cone.
832 278 981 354 trident,
1005 278 1039 341 dc

77 368 175 431 charra
191 367 542 444 incarcerationes.
558 367 602 429 Pii
618 369 654 446 V,
671 369 707 432 In
722 369 842 432 Christo
860 367 1039 432 Potentiae

78 461 104 520 S.
118 460 250 540 Lignea,
266 458 318 519 lib.
331 461 368 534 6,
384 465 417 519 n⁰
431 459 500 520 315.

111 551 195 610 3349.
211 546 364 628 Quidquid
379 547 452 609 olim
466 547 616 610 senserint
629 551 739 610 Suarez
752 545 855 623 etalii,
866 553 927 610 tres
941 547 1039 609 missae

78 653 131 698 000
147 643 271 717 possunt
284 633 430 698 celebrari
444 636 476 698 in
491 643 580 698 nocte
593 635 759 698 Natiuitatis
773 635 910 698 Domini:
922 635 1040 697 rubrica

77 725 149 784 enim
174 727 314 806 expresse
336 723 408 786 dicit
432 741 440 785 1
469 737 484 783 a
508 725 609 786 Prima
630 725 723 786 missa
746 721 855 786 dicitur
879 725 909 784 in
933 733 1041 800 nocte,

77 837 90 871 a
111 813 241 876 soeunda
255 813 287 875 in
302 815 430 884 aurora,
445 813 532 875 tertia
546 813 577 874 in
592 813 670 876 die»
687 833 696 890 ;
713 813 756 876 sic
769 813 892 894 insuper
910 812 1043 873 declara-

79 909 134 963 lutn
148 901 202 964 luit
216 905 234 964 d
249 904 281 966 S.
299 903 410 982 Congr.
426 903 530 974 Cone,
549 907 586 965 l8
600 901 737 964 decemb.
757 905 852 964 13011
873 925 888 960 a
898 904 964 962 Non
979 900 1045 962 licet

79 1011 92 1046 a
112 987 140 1051 in
163 987 265 1052 media
287 997 375 1053 nocte
396 991 559 1052 Natiuitatis
578 991 698 1054 Domini
714 991 866 1053 celebrare
880 991 1045 1053 successivis

79 1101 92 1135 a
113 1080 181 1142 alias
199 1081 279 1142 duas
296 1082 403 1142 missas
426 1086 454 1142 et
474 1098 589 1142 sacram
608 1080 854 1143 communionem
875 1079 1041 1142 exhiberes

80 1167 115 1244 (S.
130 1167 268 1250 Lignea,
285 1167 336 1230 lib.
349 1174 380 1246 b,
396 1175 429 1230 n⁰
444 1169 525 1246 313).
542 1169 578 1230 Et
590 1168 647 1231 hoc
660 1169 775 1232 etiarnsi
787 1169 902 1231 adesset
915 1187 1045 1232 consue·

80 1255 145 1318 tudo
159 1257 429 1320 immemorabilis:
446 1258 485 1319 ita
500 1260 530 1318 S.
548 1259 582 1318 lt.
600 1259 709 1339 congr,
726 1257 879 1338 (Gardell,
897 1259 1043 1337 011153).

83 1343 210 1427 l'ideap.
231 1345 460 1424 Α(ι((1(.110,11ε
481 1345 560 1421 1111,
583 1345 640 1408 col.
660 1347 1010 1410 ((93.-Ρ1οο1010100
1030 1351 1047 1410 a

83 1435 109 1494 S.
126 1435 157 1495 ll.
177 1435 211 1498 G.
228 1435 420 1498 consuetudo
433 1435 458 1496 vi
474 1435 560 1514 eujus
578 1435 706 1516 quisquc
720 1437 859 1499 sacerdos
871 1445 941 1500 ante
964 1455 1049 1498 auro-

84 1541 139 1584 ram
158 1524 284 1588 missam
305 1521 437 1586 celebrat
452 1525 482 1586 in
501 1533 587 1586 nocte
608 1525 769 1586 Nativitatis
787 1529 836 1603 (l8
855 1531 929 1608 sept.
948 1528 1046 1603 1381).

117 1615 205 1676 3550.
232 1611 339 1675 Dicere
359 1613 498 1676 videntur
521 1613 664 1675 Analecta
686 1613 783 1694 (idid.)
804 1615 965 1696 prohibitas
984 1633 1050 1677 esse

84 1699 181 1765 missas
204 1719 269 1764 non
304 1707 437 1765 cantatas
468 1703 498 1764 in
528 1709 615 1765 nocte
642 1701 807 1764 Natiuitatis
833 1705 974 1778 Domini,
998 1702 1050 1765 scd

87 1791 191 1852 nullam
206 1789 442 1854 declarationem
461 1791 491 1853 S.
514 1791 550 1852 ll.
570 1791 680 1870 Gongr.
696 1789 843 1870 allegant3
859 1791 997 1871 quinimd
1014 1792 1052 1853 ab

87 1877 149 1959 ipsis
169 1877 298 1943 retertur
313 1879 430 1942 Decisio
445 1881 475 1944 S.
491 1879 528 1942 R.
545 1881 655 1960 Congr.
671 1879 706 1958 {7
722 1885 797 1958 sept.
823 1881 926 1958 1850),
942 1877 993 1940 ubi
1015 1880 1051 1943 ad

86 1969 261 2048 quesitum:
282 1991 297 2027 0
313 1973 359 2030 An
374 1967 405 2030 in
425 1967 563 2031 oratoriis
577 1967 722 2048 publicis,
736 1985 790 2028 seu
800 1965 932 2049 capellis,
963 1967 1053 2033 Nocte

87 2078 99 2111 1
121 2057 282 2120 Natiuitatis
306 2057 413 2120 Christi
434 2058 492 2121 dici
520 2057 616 2120 valcat
638 2053 729 2118 missa
749 2055 837 2119 eliam
859 2055 924 2121 sind
943 2067 1050 2137 cantu,

88 2168 100 2201 ι
118 2145 202 2224 juata
215 2147 348 2227 regionis
364 2145 653 2210 consuetudinema:
668 2145 835 2225 respondit:
848 2147 1053 2228 «Spectorccd

88 2233 272 2318 Episcopum.
287 2259 302 2294 a
320 2233 400 2318 Ergo
415 2236 514 2298 missae
528 2249 589 2296 non
606 2239 731 2296 cantatae
745 2243 815 2298 sunt
834 2236 920 2299 licitae
935 2238 965 2298 in
980 2238 1054 2301 locis

89 2321 133 2384 ubi
146 2323 205 2388 boc
219 2323 326 2386 tolerat
341 2325 525 2406 Episcopus,
541 2329 630 2405 prout
643 2322 723 2406 apud
738 2343 793 2386 nos
803 2325 833 2386 in
849 2325 952 2388 Gallia.

122 2415 212 2474 aest.
224 2413 304 2475 Noto
313 2431 351 2475 ex
361 2413 470 2475 Suarcz
481 2461 489 2487 ,
500 2411 624 2488 Nerati,
640 2421 710 2490 ete,
726 2413 810 2476 valde
821 2415 974 2495 probabile
989 2433 1053 2478 esse

89 2502 164 2582 qubd
179 2499 370 2584 privilegium
385 2501 555 2563 celebrandi
574 2501 635 2562 und
650 2499 723 2563 hora
737 2509 802 2583 post
818 2501 993 2578 meridiem,
1007 2505 1052 2566 rel

90 2599 153 2654 ante
165 2609 323 2664 auroram,
338 2587 444 2652 debeat
459 2589 583 2672 intelligi
597 2593 659 2653 unt
674 2590 745 2653 hort
760 2601 829 2653 (0110
843 2593 887 2654 rel
898 2601 964 2675 post
979 2601 1047 2654 tenu

90 2697 141 2760 pus
154 2681 170 2741 a
185 2681 249 2742 DD.
264 2677 449 2760 assignatum
472 2678 560 2742 etiam
584 2697 646 2740 non
667 2679 876 2760 privilegiatis;
892 2699 979 2742 secus
994 2681 1053 2761 pri·

90 2769 226 2850 vilegium
241 2787 348 2850 parum
364 2768 526 2850 prodesset.
543 2769 575 2831 S.
592 2769 727 2848 ligone,
742 2765 794 2827 lib.
811 2769 842 2843 a,
859 2769 892 2826 n⁰
906 2769 974 2828 346.

124 2861 213 2921 3552.
231 2858 352 2929 Ouaerit.
371 2861 400 2919 1ο
415 2858 507 2930 Quale
525 2857 563 2920 sit
580 2861 738 2937 peccatum
760 2851 913 2917 celebrare
933 2855 1056 2935 missam

90 2953 152 3010 ante
166 2947 374 3010 recitationem
384 2944 530 3009 blatutini.

125 3039 214 3118 llesp.
225 3033 355 3099 Nullum
369 3034 539 3118 discrepare
548 3037 609 3098 DD.
622 3035 702 3099 circa
715 3033 895 3098 solutionem
904 3033 995 3114 hujus
1005 3035 1057 3099 du·

91 3121 126 3186 bii
137 3146 144 3187 :
157 3125 208 3188 alii
226 3125 311 3186 enim
322 3121 427 3187 dicunt
442 3123 736 3206 bocessepecoatum
745 3125 879 3200 mortale;
896 3123 945 3186 alii
959 3144 989 3186 m
1000 3125 1057 3190 hoc
1090 3155 1094 3160 ·
1171 3121 1174 3128 '

93 3213 203 3277 nullum
217 3220 386 3296 agnoscunt
400 3221 557 3294 peccatum
573 3233 581 3275 :
598 3215 792 3278 communitus
809 3209 930 3275 tandem
944 3221 972 3276 el
987 3235 1056 3297 pro-

94 3299 214 3366 babilitas
227 3301 353 3366 docetur
370 3297 428 3365 boc
443 3321 507 3365 esse
521 3301 626 3366 saltem
640 3303 764 3367 veniale.
781 3301 854 3366 Vide
869 3305 900 3366 S.
922 3303 1055 3388 Liguor.‚

94 3391 140 3454 lib.
155 3390 185 3469 3,
201 3404 236 3454 n⁰
249 3393 319 3469 317,
336 3392 387 3473 qui
403 3389 501 3454 addit:
515 3415 530 3452 a
544 3395 559 3454 l
564 3399 633 3456 uxta
643 3391 721 3455 hanc
732 3391 850 3455 tertiam
865 3399 1056 3474 sententiam,

94 3501 107 3540 a
127 3481 280 3546 excusabit
293 3477 437 3563 quaelibet
450 3481 610 3544 mediocris
624 3500 715 3544 causa
731 3481 931 3557 rationabilis,
947 3489 1019 3564 puta
1033 3486 1056 3546 si

95 3565 202 3634 nuans
227 3571 454 3654 eleemosynam
483 3569 613 3652 postulat
637 3577 671 3633 ut
696 3569 795 3634 statim
820 3569 1008 3634 celebretur.
1034 3569 1058 3630 si
