2462 3972
204 240 261 304 ott
424 255 561 302 nunnius
581 254 681 302 ronus
700 255 783 304 mars
803 255 950 304 canumet.

204 351 401 415 contioiantur
417 368 424 414 ἐ
441 349 620 434 promittens
634 369 665 413 so
684 352 896 414 associatorum
916 355 1127 416 communitati
1141 353 1174 418 ntl
1223 419 1224 432 p

204 439 437 523 postulandum,
453 439 477 501 si
496 457 575 521 opus
591 437 646 518 sit,
666 438 835 503 subsidium
851 441 868 502 l
889 442 1050 522 gubernio.
1066 447 1098 505 3⁰
1112 445 1172 506 Nou
1223 453 1224 504 ξ

204 529 301 592 sollum
317 527 419 609 petitio
433 525 576 605 labrioae,
592 527 645 591 sed
659 535 743 590 aolus
754 529 978 606 aestimatorius‚
992 535 1024 593 et
1036 531 1176 593 delibera·
1223 571 1224 608 p

204 617 292 678 tionis
315 616 446 678 exaratio
469 615 558 678 simul
579 635 650 680 oum
670 615 802 698 budgeto
824 609 946 680 lobriuua
968 617 1008 680 ab
1030 620 1176 702 Episcops
1223 655 1224 696 3

204 703 366 787 approbata
387 703 497 766 remitti
524 703 636 768 debent
662 705 767 784 Maiori
789 706 1026 770 communitatis.
1048 713 1081 769 l·
1105 711 1176 772 Cesa
1223 717 1224 788 l

203 807 267 876 quo
291 791 456 855 Consilium
484 793 665 875 Municipale
692 793 868 874 petitionem
898 794 1021 858 lubrice
1049 797 1177 878 benigni

202 882 329 964 aosipit,
354 881 509 962 negotium
528 880 565 944 ad
586 881 765 945 Praeleotum
785 883 996 946 transmittitur
1014 891 1050 947 ut
1070 903 1177 948 exem·

205 969 278 1032 tioni
294 969 430 1032 mandari
445 967 557 1032 valeat:
573 971 598 1032 si
612 971 683 1033 vead
692 971 770 1033 hano
784 971 961 1052 petitionem
975 973 1102 1054 repellat
1111 976 1173 1035 llu-

206 1059 334 1141 nioipalo
349 1059 537 1135 Consilium,
559 1077 670 1140 prorsus
692 1059 811 1121 fabricae
834 1059 959 1141 requirit
980 1063 1062 1123 uaria
1085 1061 1172 1125 door·

207 1153 309 1210 menta
332 1145 436 1225 Maiori
464 1146 610 1224 remissa,
638 1147 775 1210 videlieet
801 1153 903 1210 actura
929 1149 1175 1228 aestimentiam,
1223 1221 1224 1244 χ

208 1237 383 1317 budgetum,
399 1251 495 1316 eaque
509 1234 600 1296 mittit
607 1235 644 1298 ed
653 1231 904 1298 SulePraaleotum
911 1244 946 1298 ut
954 1237 1019 1318 ipso
1029 1238 1178 1300 mediante

119 1317 127 1328 ⁸
207 1325 245 1386 ud
271 1323 448 1386 Praeleotum
475 1325 668 1406 perveniant,
695 1325 758 1406 qui,
786 1323 925 1387 eonsulto
945 1322 1114 1406 Episcopo,
1129 1335 1179 1388 ste

129 1411 131 1414 ’
208 1413 263 1474 tuit
281 1413 353 1494 quid
372 1413 409 1474 sit
430 1411 601 1492 agendum:
618 1412 642 1475 si
663 1413 767 1496 petitio
784 1411 904 1474 labrioae
921 1429 984 1475 non
1010 1413 1176 1477 admittatur

207 1501 403 1572 aPraeleoto,
421 1507 557 1582 superest
573 1501 694 1563 labrioae
708 1509 742 1563 ut
759 1500 805 1562 vit
824 1501 977 1583 petitionis
995 1511 1134 1564 recurrat
1146 1503 1178 1564 ad

207 1589 377 1652 Ministrum
400 1589 548 1652 cultuum.
568 1590 705 1652 Admisso
719 1589 841 1652 tandem
855 1591 872 1651 t
886 1591 1031 1652 rraetecto
1044 1599 1075 1652 et
1089 1593 1109 1652 e
1123 1594 1178 1654 Gu-

208 1675 313 1739 lternio
322 1677 442 1738 labrioae
450 1675 607 1757 petitione,
619 1680 822 1740 communitas
833 1677 984 1759 impensas
999 1682 1181 1742 neeessarias

209 1763 399 1847 suppeditare
420 1763 527 1842 debet,
547 1771 578 1826 et
598 1765 622 1827 si
643 1773 750 1828 renuat
768 1765 1003 1847 imponunturl
1026 1765 1177 1830 Praelerto

151 1851 154 1854 ’
210 1853 283 1916 Vide
296 1855 399 1916 Journ.
421 1852 468 1914 des
487 1852 580 1934 fabr„
603 1861 676 1915 tom.
692 1857 723 1932 l,
744 1873 773 1936 p.
790 1857 862 1933 ato,
882 1861 912 1916 et
925 1861 998 1916 tom.
1023 1860 1054 1933 5,
1074 1877 1108 1937 p.
1134 1862 1176 1935 555

136 1951 154 1962 ''
211 1941 281 2006 Ord.
302 1942 835 2023 Valent.proonn0184230rdonn.
856 1941 1177 2025 deMprCltutn-ornee

211 2045 243 2092 n⁰
258 2037 306 2108 l0,
323 2052 353 2113 p.
370 2035 400 2094 t.

248 2124 337 2195 5346.
355 2123 455 2182 -111.
472 2121 626 2183 Bonorum
637 2120 908 2185 ecelesiasticorum
925 2121 1177 2186 administratores

209 2207 319 2270 debent
333 2207 383 2270 illa
397 2209 647 2271 administrarent
661 2209 732 2270 boni
741 2208 979 2290 patresfamilias,
988 2217 1020 2272 et
1029 2213 1173 2293 prouidere

210 2304 241 2359 ut
269 2297 386 2358 nullum
408 2299 558 2379 patiantur
590 2295 827 2376 detrimentum,
851 2298 913 2360 imd
935 2305 971 2360 ut
990 2302 1169 2364 meliorentur

145 2389 150 2396 '
211 2385 357 2467 «peantium
373 2385 525 2448 moraliter
535 2387 598 2448 lueri
612 2393 708 2468 potest
720 2405 728 2459 ;
739 2387 874 2469 ipsorum
889 2387 1020 2468 proinde
1036 2397 1092 2466 est,
1104 2391 1174 2452 atsi

211 2473 289 2538 aedes
304 2475 491 2558 reparatione
508 2474 678 2556 indigeant,
703 2476 873 2558 opportune
893 2487 1072 2557 reparentur
1084 2527 1092 2553 ,
1106 2497 1179 2561 pre·

211 2565 260 2626 dia
274 2565 466 2641 excolantur,
482 2563 608 2626 alienata
622 2561 822 2642 vindicentur,
837 2563 992 2646 deperdita
1008 2583 1183 2650 recuperen-

211 2661 279 2730 tur,
294 2651 444 2715 debitores
457 2651 495 2714 ud
509 2651 689 2714 solutionem
703 2653 932 2733 compellantur.
949 2653 980 2716 Si
996 2659 1102 2718 aulem
1113 2659 1185 2740 ipso

211 2763 280 2806 rum
293 2743 382 2824 oulpt
393 2739 505 2824 aliquid
515 2739 667 2822 deperent,
682 2747 734 2803 aut
747 2741 877 2804 deterius
890 2741 953 2820 flat,
968 2745 993 2804 si
1009 2761 1037 2804 v.
1053 2763 1103 2826 g„
1119 2748 1186 2808 n'tes

211 2833 243 2894 in
258 2832 376 2910 lundis,
392 2837 443 2893 aut
456 2829 530 2912 quid
543 2827 624 2892 aliud
637 2827 825 2892 fructiferum
839 2829 1022 2911 succidatur,
1038 2831 1186 2898 danunmn

211 2916 1186 3002 propriobeneficiatireladministratorisaereostresaroiendum,

212 3007 470 3089 quemadmodum
484 3007 652 3089 disponitur
666 3009 683 3069 t
697 3007 813 3086 legibus
827 3007 926 3088 quoad
937 3013 1054 3072 tutores
1070 3021 1127 3076 aut
1141 3033 1189 3096 pu·

213 3095 307 3157 blioos
318 3096 585 3159 administratores.

253 3183 338 3256 Quod
352 3189 494 3248 statutum
509 3186 565 3248 fuit
578 3187 595 3247 t
610 3185 755 3248 Clement.
774 3185 848 3262 Onia
858 3187 1018 3268 contingit,
1033 3205 1133 3272 supro
1147 3213 1188 3254 re·

212 3273 271 3333 latu
289 3273 409 3351 (5309),
427 3269 466 3334 de
486 3273 691 3352 xenodochiis,
714 3275 796 3355 qudd
811 3291 921 3356 nempe
935 3276 1077 3358 ipsorum
1093 3282 1187 3342 adnui-

213 3357 400 3435 nistratores,
415 3358 512 3420 instar
526 3369 655 3423 tutorum
671 3369 824 3425 teneantur
829 3361 1036 3444 juramentum
1043 3381 1189 3449 precone

211 3443 247 3504 de
262 3442 341 3505 bonis
352 3445 550 3508 inventarium
560 3450 711 3533 conficere,
722 3457 751 3513 et
762 3451 932 3514 Ordtnurt't‘s
943 3455 1191 3540 reuatttuqutto

213 3529 274 3590 loeo
287 3529 407 3592 subsunt
415 3576 426 3606 ,
445 3535 532 3595 annis
548 3537 692 3618 n'npuliu,
711 3537 746 3601 de
764 3539 1022 3604 administratione
1033 3547 1092 3605 aad
1104 3549 1191 3608 mtto

213 3625 275 3674 nnn
291 3613 431 3686 tutam:
453 3615 510 3682 hoe
523 3621 644 3686 extendl
667 3623 759 3690 etlam
777 3623 866 3692 debet
879 3625 918 3692 ad
929 3625 1192 3698 administratore
