2462 3972
433 205 519 254 tmen
539 149 697 254 enutritam.
992 192 1050 254 695

87 305 260 380 euenerat,
276 301 383 364 ioeatio
396 302 502 364 eedem
517 301 554 364 ad
572 301 653 364 aliud
674 301 838 364 triennium
857 307 1052 386 prorogetur,

87 401 114 456 et
137 393 177 454 ita
194 391 232 454 de
251 391 382 453 triennio
401 391 433 452 in
455 391 622 453 triennium
642 397 801 471 prorogata
819 390 1002 453 censeatur?
1015 423 1055 437 -

89 482 170 544 Circa
191 480 271 542 hane
291 481 489 560 questionem
508 495 570 541 non
588 477 748 540 unanimes
771 485 842 540 sunt
861 479 924 539 DD.
939 497 946 538 :
962 477 1054 560 aliqui

88 571 167 630 enim
179 573 300 651 negant,
311 569 348 629 eo
361 567 443 649 quod
450 567 614 630 iocationes
621 565 792 644 hujusmodi
803 583 864 628 non
875 565 1056 630 sintinterse

88 658 251 734 distinete,
266 653 318 718 sed
333 673 426 718 unam
441 656 569 718 efficiant
587 655 765 717 locationem
786 653 965 736 prohibitam
979 675 1057 738 qua-

62 789 64 792 ·
88 753 176 808 tenus
188 751 234 808 est
251 743 395 808 duratura
415 745 493 808 ultra
514 744 690 806 triennium.
709 741 885 805 irritamen
908 741 1057 806 affirmant

89 835 125 896 ed
138 831 220 916 quod
233 834 294 895 sint
306 833 428 896 diverse
447 831 620 908 locationes,
635 833 707 893 edm
725 835 795 892 ante
817 833 1057 916 unumquodque

89 921 254 984 triennium
280 921 489 984 contrahentes
522 921 634 983 habent
659 918 826 980 libertatem
859 921 877 980 ir
904 927 1057 985 contractu

90 1009 263 1086 recedendi3
278 1009 344 1072 haeo
357 1009 488 1072 seeundo
504 1008 650 1072 sententia
663 1005 977 1089 probabiliorvidetur.
984 1009 1059 1072 Vide

90 1098 176 1159 Card.
194 1057 422 1179 ὃοςίἰιιϋιιιι.
402 1091 469 1178 yui.
483 1099 577 1180 prio,
591 1097 704 1178 §ffli-
722 1095 811 1176 Apud
829 1095 1074 1174 nosloeationee'
1147 1143 1156 1150 -.
1213 1141 1215 1150 .

50 1189 52 1194 ’
92 1186 168 1248 irunt
179 1187 258 1250 ultra
271 1187 451 1258 triennium
462 1183 709 1272 permittentibus
722 1184 926 1266 Episcoprs
1072 1183 1076 1192 ’
1137 1189 1148 1218 ·’
1179 1191 1180 1194 ’

84 1299 89 1306 ·
129 1279 220 1338 5340
236 1265 333 1347 Ottaeri
351 1261 442 1337 'etiam
455 1279 553 1355 potest
566 1291 604 1336 un
618 1268 775 1339 solventur
788 1273 951 1337 locationes
965 1273 1077 1337 bono·
1108 1295 1117 1304 .
1149 1249 1159 1256 ’
1191 1265 1195 1274 ’

91 1381 160 1426 mm
172 1363 442 1426 ecclesiastieorum
457 1369 553 1424 morte
568 1361 648 1424 iliius
661 1361 713 1443 qui
730 1379 766 1423 ea
778 1357 906 1424 locavit?
891 1360 1037 1435 Ίέ-Οιιι
1031 1383 1060 1426 m

91 1471 141 1530 re,
168 1451 266 1534 inquit
279 1450 365 1536 Cam.
388 1451 489 1532 Sogiia
507 1448 616 1532 (ibid),
637 1447 801 1512 videndum
824 1455 868 1512 est
887 1469 961 1514 num
983 1451 1061 1518 bona

93 1541 188 1603 iocata
209 1539 247 1601 ad
265 1539 422 1616 eeclesias,
438 1539 487 1622 pia
507 1539 589 1616 loca,
606 1557 644 1601 an
665 1539 735 1600 vero
753 1538 791 1600 ad
814 1555 951 1601 mensam
969 1539 1061 1604 bene-

17 1699 19 1704 ,
92 1630 182 1690 ficiati
197 1625 243 1710 rel
258 1627 374 1690 Praelati
388 1631 555 1710 pertineant
570 1647 577 1687 :
592 1629 622 1688 in
637 1627 833 1708 mimicam,
849 1645 910 1690 non
925 1647 1062 1693 neeessa-

91 1717 135 1778 riti
152 1713 1063 1796 solvitureontreetusmorteloeatoris‚quiatuneeontraetus
1155 1791 1157 1796 ,
1195 1697 1215 1788 's

94 1823 156 1866 non
181 1823 341 1886 persenam
365 1803 525 1881 leomeris,
548 1801 599 1864 sed
622 1803 787 1864 Ecclesiam
810 1801 911 1884 ligat:
936 1803 1063 1888 ideoque

93 1895 232 1955 tirmatus
246 1899 397 1969 remanet,
413 1891 482 1954 lieet
495 1889 717 1953 administrator
731 1891 849 1952 muneri
864 1895 1003 1972 cesserit,
1019 1897 1064 1956 vel
1161 1899 1165 1910 '

92 1981 217 2058 oirierit3
234 1983 264 2042 in
279 1981 434 2062 posteriori
450 1997 537 2058 cusu,
553 1985 723 2042 contractus
737 1979 848 2040 corruit
867 1987 962 2042 morte
977 1981 1065 2044 liene·
1090 2033 1091 2038 ,

92 2068 204 2147 deind,
219 2069 305 2151 quia,
321 2069 419 2150 inquit
432 2067 518 2130 Card.
534 2071 575 2130 De
589 2070 687 2144 Luca,
702 2072 872 2130 contractus
887 2067 979 2132 initur
991 2077 1065 2134 tune

92 2159 129 2219 ab
151 2176 188 2219 eo
203 2159 254 2238 qui
274 2157 304 2220 in
324 2155 412 2218 bonis
430 2153 636 2218 ecciesiasticis
656 2162 685 2217 et
709 2154 855 2219 fructibus
875 2173 1000 2236 eorum,
1016 2161 1065 2239 jus

93 2243 260 2327 temporale
274 2243 378 2322 hebet,
395 2243 542 2326 quamdiu
556 2246 665 2325 nempe
679 2253 724 2307 est
742 2244 879 2308 beneficii
894 2263 1062 2328 possessor3

93 2335 187 2415 porro
198 2334 256 2395 tate
268 2333 318 2413 jus
332 2333 500 2395 necessario
514 2333 670 2395 resolvitur
684 2351 738 2414 per
752 2341 880 2398 mortem
895 2343 946 2397 aut
959 2336 1067 2398 demis·

92 2424 213 2484 sionem
228 2421 410 2484 beneficiarii
425 2421 622 2502 possidentis,
637 2426 668 2483 et
681 2421 806 2502 proinde
820 2429 916 2484 cessat
933 2431 994 2486 tam
1008 2445 1067 2488 ree

93 2517 186 2593 peetu
206 2511 300 2591 ipsius
322 2509 414 2591 quem
437 2509 612 2572 habemium
632 2525 754 2571 eausam
775 2509 870 2572 abeo
894 2529 901 2570 :
922 2513 946 2572 si
965 2517 1066 2575 tamen

93 2597 161 2681 agri
171 2601 231 2661 sint
242 2598 360 2678 consiti,
376 2597 501 2679 equitas
513 2595 652 2679 postulat,
669 2595 871 2678 pendentibus
884 2596 1068 2664 adhueiruo-

93 2689 193 2768 tibus,
207 2695 242 2750 ut
254 2705 352 2749 annus
366 2687 501 2768 inceptus
515 2689 532 2747 i
547 2685 729 2748 conductore
743 2685 912 2768 impleatur.

137 2785 228 2846 tert.
244 2781 374 2844 Observa
389 2781 438 2843 hte
451 2781 532 2864 qudd
551 2789 680 2844 rectores
700 2781 917 2845 beneficiorum
931 2789 1063 2848 retentu

95 2872 253 2955 percipere
263 2869 397 2934 redditus
408 2877 572 2952 antequam
584 2877 704 2952 tempus
718 2869 876 2934 solutionis
889 2873 1009 2936 veniat:
1025 2875 1069 2938 sio

93 2962 181 3024 enim
191 2959 279 3022 habet
289 2961 403 3022 Concil.
415 2959 548 3022 Trident.
564 2961 647 3038 (sess,
664 2963 714 3037 25,
729 2979 757 3022 e.
771 2963 820 3038 tt,
835 2957 871 3022 de
883 2959 953 3044 res.)
963 2982 970 3023 :
982 2963 1066 3026 etta-

96 3072 111 3108 »
138 3065 229 3130 gnam
244 3047 378 3111 ecelesiis
391 3047 555 3130 perniciem
569 3045 675 3110 afferre
688 3047 843 3110 soleteirm
857 3067 962 3114 eerum
976 3051 1067 3131 bona,
1176 3097 1178 3102 .

96 3161 113 3196 u
139 3135 348 3220 repraesentati
356 3135 498 3219 poeonii,
514 3135 545 3198 in
560 3153 767 3200 suceessorum
781 3137 990 3219 praejudieium
1005 3143 1069 3204 aiiis

97 3249 113 3285 u
139 3223 1069 3310 locantur;ornnesigiturhaeiocationes,sientierpatiaeolutio

99 3314 225 3376 anites
246 3313 336 3398 fient,
367 3313 538 3377 nullatenus
564 3313 595 3375 in
623 3314 833 3396 praejudicium
861 3311 1068 3380 sucees'sorum

99 3423 115 3462 ι
141 3403 243 3464 validae
257 3402 484 3484 intelligentem,
495 3420 688 3484 quocumque
702 3401 838 3483 indulto,
854 3410 907 3466 aut
917 3405 1071 3487 privilegio

135 3578 231 3632 timu
248 3590 290 3644 rur
309 3575 380 3630 ridie
397 3575 424 3628 iu
442 3575 519 3633 thttt
538 3577 628 3636 electri
645 3583 749 3646 ponunt
765 3575 849 3634 retttte
862 3577 887 3634 tn
904 3581 1014 3636 entur·
1026 3595 1067 3644 pra

1203 3615 1212 3682 i
