2474 3946
7 31 9 44 i

425 162 511 213 trena
532 159 690 213 secuntus.
978 143 1037 212 27³

62 267 281 344 conmoritur,
306 285 374 350 quoe
401 266 482 329 idem
510 267 601 329 etiam
624 263 838 340 interdicutm
863 282 952 345 ergo,
981 271 1040 329 cte.

100 357 229 438 ipsimet
241 358 339 438 Reges
349 355 502 418 christiani
519 373 580 417 non
595 353 773 434 reputabant
786 351 1043 436 sehaberepotes·

64 451 155 508 tatem
165 443 383 526 impedimenta
396 443 624 506 matrimonium
636 441 808 503 dirimentia
817 443 1018 505 constituendi
1031 462 1040 505 ε

7 547 9 612 2
66 534 166 614 legati
177 534 262 596 enim
273 533 363 615 Regis
372 533 501 595 Galliae&
514 531 650 594 Patribus
663 529 787 592 concilii
797 529 929 592 Trident.
941 540 1042 614 postu-

7 629 9 666 !
67 621 167 686 ttrunt
179 628 216 685 ut
232 621 425 684 matrimonia
440 619 699 684 fitiorurnfamilits
713 619 778 681 sine
799 626 958 700 parentum
972 639 1043 684 con·

68 729 159 788 sensu
177 717 350 787 contracta,
373 710 455 773 irrita
474 709 713 786 declararentur3
736 725 809 786 ergo
824 727 885 771 non
899 710 1043 791 putabant

68 803 133 863 ean
153 800 260 882 seipsis
275 817 362 881 posse
381 798 495 860 dirimi.
516 800 578 861 Neo
596 796 693 879 magis
707 795 884 860 existimarit
897 797 929 860 S.
946 800 1043 880 Syno-

68 889 145 968 dus‚
166 888 283 970 quippe
303 906 364 950 non
388 889 508 950 tantiam
532 888 667 968 ipsorum
690 885 827 968 petitioni
848 885 969 963 abnuit,
992 887 1044 950 sed

68 977 160 1038 etiam
174 975 519 1057 anathemateperoussit
531 993 584 1038 eos
596 997 612 1034 o
625 975 678 1056 qui
689 973 766 1056 foleti
778 977 927 1056 affirmant
940 975 1046 1036 motn'·

7 1119 9 1138 5
69 1088 83 1126 a
106 1064 241 1126 moniaci
263 1061 476 1147 filiisfomrlr'tia
496 1063 559 1126 aab
577 1083 711 1128 comoneat
726 1071 882 1166 parentum
896 1071 1046 1126 contracto

68 1155 233 1322 gisem
220 1171 296 1305 essct}1
289 1161 488 1330 petigrorenter
502 1172 535 1216 eo
552 1161 620 1256 roto
635 1151 681 1217 oet
699 1152 793 1216 irrito
812 1153 910 1234 facere
925 1172 1008 1236 poree
1026 1176 1042 1214 c

109 1335 176 1398 Neo
189 1339 219 1395 et
220 1333 279 1396 iam
295 1333 440 1395 Praesules
455 1330 557 1396 Gatttae
570 1331 772 1413 opinabantur
791 1331 964 1416 Principem
982 1332 1045 1399 dic·
1139 1393 1142 1398 .
1178 1391 1185 1398 .

7 1427 9 1448 '
67 1429 135 1484 tam
151 1427 326 1503 potestatem
341 1420 516 1500 possidere·
533 1423 723 1498 nemetim,
742 1425 934 1490 annot62tt
944 1423 1046 1486 Ludo·
1077 1477 1103 1485 ..
1186 1476 1190 1484 .

71 1513 157 1572 ricus
170 1511 236 1572 thl
257 1511 406 1572 statuisset
426 1509 615 1572 matrimonia
636 1509 895 1572 filiorumiamitias
909 1513 974 1574 sine
992 1531 1070 1596 pa,
1177 1587 1182 1596 ι

7 1459 10 1616 t

7 1621 9 1680 t
70 1605 198 1662 rentum
217 1615 368 1660 consensu
390 1589 463 1660 inita
474 1605 646 1679 tanquam
662 1597 789 1660 invalida
807 1618 872 1662 esse
892 1599 1046 1676 habenda,

72 1689 180 1750 Cieros
203 1685 372 1750 Gallicanus
396 1694 464 1788 post
452 1685 555 1750 tuterit
577 1686 661 1766 quod
683 1685 854 1766 hujusmodi
884 1688 1049 1758 invaliditas

7 1783 9 1832 t
73 1795 138 1840 non
153 1775 367 1856 intelligeretur
382 1776 440 1836 nist
437 1774 552 1858 quoad
562 1775 677 1856 effeetus
697 1776 816 1844 ciuiles,
834 1782 863 1836 et
877 1779 1050 1858 supprime·

7 1877 8 1934 ξ
73 1871 183 1929 rentur
196 1863 314 1927 verba·
306 1908 315 1926 .
340 1867 479 1926 «Seront
496 1870 585 1926 tenus
604 1863 669 1924 les
658 1881 747 1944 Juges
760 1863 998 1946 ecclesiastiques
1012 1864 1050 1928 de

72 1977 89 2016 a
111 1955 205 2036 juger
223 1953 268 2016 les
286 1971 391 2015 causes
409 1953 521 2016 desdits
540 1953 688 2032 mariages
702 1951 942 2014 conforme'ment
963 1955 980 2014 ὲ
1003 1959 1050 2016 cet

7 2035 8 2060 t
74 2067 90 2104 r
116 2043 220 2105 article
233 2062 271 2119 η
292 2049 322 2104 et
335 2041 410 2104 ratio
423 2060 515 2123 quam
536 2040 700 2104 afferebant
718 2047 763 2104 est
782 2041 864 2124 quod
884 2043 1008 2106 Decreta
1020 2049 1050 2106 et

76 2131 312 2194 Constitutiones
334 2130 540 2194 ecclesiastieae
564 2131 625 2192 sint
645 2129 733 2193 unica
756 2131 891 2214 ipsorum
911 2134 1014 2214 regula
1039 2151 1047 2195 ε

7 2267 9 2288 .
76 2222 207 2296 etenim,
232 2219 392 2300 inquiunt,
411 2219 468 2281 ota
479 2220 588 2299 justice
608 2219 706 2302 tuique
721 2239 759 2284 ne
779 2227 853 2302 peut
866 2240 918 2304 pas
932 2223 1050 2286 donner

76 2333 92 2369 a
118 2310 146 2371 ta
159 2309 200 2372 toi
213 2327 271 2370 aur
284 2309 373 2388 iuges
388 2307 626 2389 ecclesiastiques
643 2326 681 2371 en
702 2310 825 2373 mettere
839 2311 1014 2392 spirituette.
1030 2335 1045 2372 o

78 2400 195 2461 Annuit
213 2397 349 2479 petitioni
368 2398 436 2479 pius
450 2399 511 2459 Rex
525 2397 625 2478 quoad
644 2405 804 2481 utramque
828 2409 953 2482 partem.
974 2402 1050 2464 Vidc

7 2487 8 2566 3
77 2488 203 2570 insuper
213 2487 441 2568 responsionem
451 2485 493 2547 Pii
506 2487 557 2548 vu
566 2487 823 2568 adimperatorcm
834 2491 1048 2569 napoleonem,

77 2577 239 2639 occasione
254 2573 432 2636 Matrimonii
456 2573 535 2638 itlius
554 2575 650 2638 fratris
667 2576 843 2656 Hieronymi
863 2577 1051 2656 Buonaparte

7 2661 9 2744 ζ
78 2663 150 2744 (Vie
162 2662 199 2726 de
213 2663 272 2726 Pie
291 2661 359 2735 VII,
376 2681 429 2744 par
441 2664 482 2726 M.
499 2663 628 2736 rtrtoud,
639 2669 714 2726 tom.
727 2668 766 2738 Ξ,
783 2682 812 2744 p.
830 2667 883 2736 69,
900 2667 942 2724 1¹·
956 2662 1049 2744 edit).

119 2753 269 2826 Probatur
281 2755 312 2815 2⁰
325 2753 370 2813 Eu
384 2753 437 2815 SS.
453 2753 632 2815 Pontificum
649 2750 932 2813 Constitutionibus:
948 2750 980 2812 in
994 2751 1051 2813 Ba-

78 2842 176 2918 tavit,
191 2848 328 2922 tempore
342 2839 455 2904 Bened.
470 2843 555 2919 xtv,
569 2847 660 2923 prout
674 2858 756 2902 nunc
773 2838 806 2901 in
820 2839 931 2916 (totta,
946 2839 1053 2903 matri·

80 2931 185 2994 monia
194 2935 338 3010 tanquam
347 2928 657 3010 invalidaategeciviti
665 2929 859 3002 habebantur,
870 2929 1052 2994 sicontraota

81 3039 144 3084 nou
164 3024 267 3082 essent
287 3035 390 3081 coram
412 3019 586 3101 Magistrum
607 3017 709 3081 civiti:
731 3017 790 3082 hoo
812 3035 873 3082 non
896 3020 1050 3100 obstante,

83 3109 269 3172 clarissimus
279 3107 415 3170 Pontifex
426 3108 513 3187 jussit
527 3107 666 3170 fidelibus
685 3106 776 3186 huius
793 3109 924 3190 regionis
939 3109 982 3191 (et
994 3109 1052 3174 hoo

84 3197 164 3262 idem
173 3197 354 3279 praescripsit
368 3197 440 3260 Pius
454 3199 491 3259 Vl
501 3215 556 3279 pro
566 3196 676 3258 Gattta:
687 3195 856 3274 Memaceni,
865 3199 949 3280 janv.
961 3203 1050 3282 1828,

82 3305 112 3370 p.
128 3290 350 3365 euctemon
370 3284 502 3368 parocho
519 3291 550 3348 et
568 3284 693 3348 testibus
711 3286 940 3366 contraherent,
960 3289 1051 3352 etiam

82 3375 249 3458 antequam
269 3379 383 3438 starent
400 3391 502 3438 coram
518 3374 595 3438 civiti
610 3375 801 3456 Magistrum,
816 3376 854 3438 ed
869 3376 950 3458 «ruod
969 3379 1051 3443 nutto

81 3464 175 3528 modo
189 3463 312 3546 obligat.
328 3467 407 3545 Ergo
422 3463 556 3526 Pontifex
574 3465 657 3526 velut
669 3465 864 3528 neeessariam
885 3483 945 3526 non
960 3466 1050 3528 habe·

82 3551 133 3616 bat
147 3553 341 3636 presentiam
354 3554 448 3618 civilis
460 3555 662 3635 Magistratus;
676 3571 748 3635 ergo
763 3572 819 3617 neo
836 3557 925 3616 etiarn
941 3555 1050 3633 proba·
