2416 3954
196 201 257 263 364
421 212 561 260 urrunsa
581 213 682 271 rorrus
701 213 784 259 aunis
804 209 951 260 aaronica.

195 315 309 396 ignota,
324 301 417 396 quam
431 312 469 374 ad
479 312 668 394 probandam
681 320 836 375 externam
845 309 1026 375 matrimonii
1037 308 1150 372 celebra·

196 405 327 474 tionem,
363 411 396 465 ut
419 401 554 484 periculo
579 402 714 465 obvietur
746 421 785 465 ne
808 401 900 464 iidem
931 402 1072 482 conjuges
1092 399 1151 461 alias

196 493 298 554 incant
319 493 448 574 nuptias.
473 494 606 573 Utraque
635 493 783 554 sententia
803 501 849 554 est
866 491 1047 574 probabilia,
1070 489 1151 570 lnquit

183 583 225 644 .S.
250 583 385 662 lignos,
403 580 455 642 sed
472 581 654 662 probabilior
668 589 712 642 est
725 580 858 644 soconda
878 579 940 657 (lib.
957 584 993 652 6,
1010 588 1041 640 n·
1062 581 1150 653 illi).

195 671 287 732 tutior
300 677 346 731 est
360 675 460 731 tamen
477 673 573 750 prima
593 669 721 751 ideoque
734 679 780 734 est
798 669 972 752 sequenda,
988 667 1100 734 seclusa
1116 667 1151 728 ni-

195 759 257 820 mia
270 759 443 821 difficultate
458 761 502 836 (P.
520 761 622 839 Gury,
641 763 675 819 n⁰
689 759 770 836 680).

234 847 427 910 bereniendo
442 867 526 910 nunc
540 847 579 908 ad
592 865 697 910 casum
710 866 773 930 quo
784 847 907 911 obtenta
920 846 977 911 luit
988 843 1152 930 dispensatio

195 936 226 998 in
241 937 359 1015 radice,
374 936 505 999 dicimus
521 955 528 996 :

235 1031 325 1090 4447.
348 1062 390 1073 -
406 1029 442 1087 l⁰
464 1025 653 1106 Dispensatio
677 1025 709 1088 in
732 1025 834 1089 radice
856 1033 900 1089 est
923 1025 1077 1108 odiapotio
1095 1020 1153 1104 lepis

195 1117 399 1179 ecclesiasticae
411 1133 478 1197 quoe
494 1114 732 1197 impedimentum
748 1113 887 1188 inducit,
904 1114 938 1176 in
959 1135 1029 1178 cosa
1039 1114 1153 1198 porticu·

197 1205 272 1279 lori,
290 1205 516 1285 conjunctocum
527 1204 698 1266 irritatione
711 1205 840 1266 omnium
854 1203 1004 1285 effectuum
1018 1205 1071 1286 qai
1079 1203 1153 1265 etium

194 1303 280 1355 anteo
294 1313 332 1354 ea
347 1293 409 1374 lepe
422 1291 566 1354 svrdsemti
578 1301 682 1356 sunt...
695 1292 874 1370 Huiusmodi
883 1293 1066 1374 dispensatio
1080 1293 1153 1356 eliac·

194 1387 259 1442 tum
275 1399 364 1442 suum
376 1379 514 1462 producit
528 1381 661 1444 tollendo
675 1382 713 1444 de
725 1383 825 1444 medio
836 1382 909 1463 legis
919 1382 1044 1445 ellectus
1057 1378 1154 1464 quial

195 1469 376 1530 matrimonii
400 1470 583 1546 nullitatem,
599 1478 668 1532 ante
683 1471 836 1534 obtentam
859 1471 1109 1552 dispensationem
1128 1487 1155 1531 aa

175 1587 176 1590 ¹
194 1558 283 1618 etiam
302 1559 332 1618 in
349 1559 414 1639 ipso
428 1559 624 1622 conbabcndi
638 1567 723 1636 actu,
740 1559 877 1641 producti
891 1567 971 1622 sunt.
984 1553 1027 1623 lta
1041 1563 1075 1623 P.
1087 1563 1155 1638 Gury

194 1645 289 1708 citans
306 1646 418 1709 Bened.
434 1649 500 1711 XIV
515 1649 629 1729 (instit.
645 1652 705 1726 87,
722 1657 755 1710 n⁰
767 1651 818 1725 80;
836 1653 867 1710 et
879 1647 925 1710 ue
937 1648 1028 1731 Syru,
1045 1649 1096 1712 lib.
1112 1651 1153 1724 ta,

193 1753 262 1818 cap.
279 1740 336 1809 at,
353 1739 476 1816 milli).

234 1831 324 1890 4448.
350 1830 375 1890 Α
404 1825 534 1909 simplici
560 1827 784 1910 dispensatione
811 1826 909 1890 differt
930 1826 1112 1912 dispensatio
1131 1827 1155 1887 ia

194 1914 304 1988 radice,
322 1917 352 1978 in
361 1935 398 1979 eo
410 1916 492 1998 quod
508 1917 590 1998 prior
603 1917 743 1980 ellectum
754 1935 815 1978 non
830 1915 919 1980 habet
933 1919 989 1981 nisi
1002 1923 1021 1981 b
1033 1927 1155 1998 temporo

194 2023 256 2083 quo
270 2005 462 2080 conceditur,
479 2006 560 2067 unde
576 2024 636 2066 non
653 2013 749 2087 potest
762 2007 893 2070 eximere
907 2009 923 2070 a
938 2013 1105 2072 consensus
1117 2025 1154 2070 rc·

195 2094 373 2167 novatione;
409 2095 555 2173 posterior
579 2103 681 2155 autem
711 2095 879 2158 convalidat
902 2097 1154 2161 matrimoniuml

194 2189 329 2260 tempore
349 2179 441 2260 ipsius
463 2181 684 2260 celebrationis,
701 2185 783 2248 unde
805 2184 948 2249 diciturd
971 2188 1090 2264 radice,
1106 2203 1156 2248 non

194 2267 331 2328 faciendo
346 2268 469 2348 quidem
483 2277 516 2330 ut
531 2287 591 2331 non
605 2271 693 2333 luerit
708 2275 829 2336 nulliter
841 2281 1047 2353 contractum,
1060 2275 1110 2341 sed
1120 2275 1156 2337 la·

193 2353 1155 2448 ciendoutralidumliat,acsisublatumluissetirnpedimenturn

193 2444 210 2503 a
225 2441 373 2526 principio
388 2465 395 2506 :
411 2447 493 2511 unde
516 2450 598 2530 prior
618 2469 785 2516 consensus
798 2462 885 2534 aptus
898 2455 1027 2518 efficitur
1046 2457 1085 2518 ad
1098 2473 1157 2518 cou-

195 2537 334 2608 tractum,
350 2553 408 2599 neo
422 2555 518 2601 novus
532 2539 662 2621 amplius
677 2543 852 2622 requiritur,
868 2552 897 2606 et
913 2545 964 2606 lilii
974 2545 1038 2624 jam
1052 2546 1111 2609 nati
1125 2545 1156 2604 ita

193 2621 397 2704 legitimantur
411 2645 447 2690 ao
460 2627 484 2690 si
499 2646 619 2710 semper
639 2631 762 2711 legitimi
784 2632 919 2695 luissent.
948 2634 1020 2696 Vide
1036 2638 1069 2696 P.
1086 2635 1156 2713 (lurp

193 2713 274 2794 (ib.);
291 2713 446 2796 Carribre,
463 2715 691 2798 Compendium,
707 2731 742 2780 nr
756 2725 833 2798 28&
848 2730 878 2784 et
893 2721 1005 2785 Bened.
1028 2727 1106 2803 XIV,
1121 2723 1156 2784 ne

192 2804 282 2884 Spa,
298 2805 350 2868 lib.
368 2811 417 2880 43,
433 2825 499 2889 cap.
510 2811 563 2880 at,
580 2817 613 2869 η·
629 2810 830 2872 Vll—Etiam
842 2817 910 2892 post
923 2819 1053 2875 mortem
1064 2813 1156 2892 conju·

192 2910 264 2970 gum
286 2911 510 2976 nonnunquam
525 2895 578 2959 lilii
599 2897 642 2960 sic
656 2897 879 2979 legitinrantur3
895 2908 925 2964 et
944 2903 988 2966 sic
1000 2903 1064 2984 egit
1079 2900 1156 2966 Boni·

192 2977 337 3129 sac'pssn’
352 2999 434 3046 anno
445 2988 533 3062 4304,
545 3004 615 3068 erga
622 2987 735 3068 Regem
745 2989 908 3071 Hispaniae.
927 2991 1153 3075 VideLequeur,

193 3075 226 3126 n⁰
312 3114 320 3130 .

232 3159 321 3220 4449.
339 3191 377 3204 -
391 3162 422 3221 2⁰
438 3161 524 3233 Oudd
539 3163 672 3228 Ecclesia
685 3185 740 3230 seu
754 3169 785 3231 S.
801 3167 938 3232 Pontifex
945 3172 1040 3252 possit
1049 3172 1155 3254 dispan-

191 3244 321 3307 sationes
335 3247 366 3306 ia
377 3248 474 3312 radice
487 3253 671 3324 concedere,
690 3275 751 3318 non
765 3255 882 3320 videtur
895 3260 1024 3340 possein
1039 3261 1154 3325 dubium

192 3335 321 3394 revocari
334 3381 342 3408 ‚
357 3338 428 3397 clim
444 3339 576 3401 Ecclesia
591 3342 754 3422 apluribus
768 3348 886 3410 saeculis
899 3367 949 3411 eas
963 3349 1152 3413 concesserit:

191 3420 234 3482 sic
247 3421 435 3503 dispensasse
450 3427 567 3506 primus
577 3429 685 3510 legitur
700 3433 873 3498 Bonilacius
887 3439 961 3514 Vlll,
977 3457 1060 3503 anno
1075 3439 1150 3504 4304.

191 3515 223 3570 ut
243 3509 335 3572 modd
348 3511 479 3575 diximus
494 3533 502 3574 :
519 3519 735 3584 recentioribus
745 3526 815 3585 verd
824 3527 1011 3607 temporibus
1022 3528 1153 3610 frequen·

191 3597 250 3660 aas
258 3597 470 3681 dispensarunt
479 3601 511 3664 in
519 3603 618 3667 radice
627 3607 697 3670 Pius
703 3611 752 3688 Vl,
764 3615 835 3677 Pius
847 3617 969 3692 libato.
980 3618 1028 3679 :in
1038 3619 1153 3682 necao
