2420 3968
394 208 477 254 crura
500 207 657 254 secururs.
941 197 994 256 631

45 306 244 370 monasterium
255 312 365 390 putans
374 327 440 372 esse
454 307 576 376 Ordinis
584 308 782 387 Benedictini,
798 310 868 374 edm
882 310 919 374 sit
932 313 998 374 Car·

43 394 233 459 thusianorum
243 399 372 474 ;·-circo
387 397 578 461 conditionem
597 398 831 476 substantialem,
846 407 879 464 ut
891 401 916 462 si
931 401 999 483 quis

42 487 396 568 vereretseingressurum
408 488 999 571 monasteriumubiputarctlteligiosam

41 571 216 656 disciplinam
229 577 261 638 in
275 577 484 642 essentialibus
496 578 602 641 saltem
616 581 754 642 accurate
768 581 896 658 servari,
912 585 943 643 et
953 587 998 643 ta-

44 680 102 722 men
114 682 172 726 non
186 665 225 727 ita
239 673 336 744 esset;
352 667 397 730 vel
412 668 437 730 si
451 668 519 750 quis
534 674 653 731 voveret
673 669 946 751 peregrinationem
959 669 998 733 ad

42 748 144 816 Limina
158 756 368 838 Apostolorum
383 763 493 840 putans
506 759 624 822 tantirm
634 757 744 821 distare
755 765 879 822 centum
892 760 997 842 leucis,

42 843 101 904 edm
119 849 218 908 tamen
240 844 363 910 distaret
385 847 526 910 trecentis
540 848 576 926 (si
598 849 669 910 rard
688 865 773 911 error
799 848 879 911 circa
893 849 998 912 condi·

42 930 142 996 tionem
153 941 228 998 esset
243 937 324 1018 parri
335 938 563 1014 momenti,n0n
573 935 775 1000 habereturut
784 937 996 1017 substantiale,

42 1021 70 1091 si,
82 1042 106 1084 v.
122 1045 149 1105 g.
163 1027 364 1108 peregrinatio
378 1031 456 1088 esset
469 1025 660 1089 solummodo
669 1027 759 1108 pauld
772 1027 891 1108 longior
905 1031 998 1109 quarn

42 1112 335 1194 punbarcr>;-etrca
348 1135 463 1178 causam
473 1115 604 1198 ficolens,
614 1121 649 1178 ut
658 1117 682 1178 si
688 1115 998 1199 quisaliquidvoveret

42 1200 67 1260 in
79 1205 235 1282 gratiarum
249 1206 402 1269 actionem
411 1224 466 1289 pro
478 1207 602 1268 sanitate
609 1207 685 1288 patri
695 1205 820 1282 redditt,
831 1211 861 1268 et
869 1206 998 1289 isreipsa

43 1307 93 1352 ron
107 1291 206 1357 luisset
217 1302 369 1377 ¹agrotans
382 1343 390 1374 ,
405 1297 450 1358 rel
466 1301 545 1358 essct
562 1302 699 1357 mortuus
714 1317 720 1356 :
737 1296 813 1358 ratio
826 1303 871 1358 est
882 1295 953 1377 quia
968 1297 997 1361 in

43 1375 80 1440 bis
91 1380 185 1448 delicit
198 1403 387 1466 consensus,
403 1386 453 1468 qui
470 1403 532 1446 non
547 1383 635 1447 datur
655 1385 686 1446 in
710 1385 908 1467 incognitum.
925 1386 997 1449 Nul-

42 1465 94 1530 lum
107 1490 168 1535 esse
182 1481 286 1538 votum
301 1475 332 1537 in
347 1475 394 1538 bis
407 1475 526 1537 casibus
546 1493 601 1555 pro
615 1480 698 1549 certo
711 1474 800 1537 habet
814 1477 844 1538 S.
861 1477 998 1558 Lignea,

43 1557 140 1624 etiamsi
155 1582 238 1627 error
260 1563 362 1628 fuisset
386 1564 612 1636 concomitans,
632 1563 725 1625 idest
748 1565 815 1626 talis
829 1569 879 1642 ut,
897 1585 999 1629 errore

42 1651 146 1728 cognito
156 1699 163 1730 ,
174 1653 275 1717 adhuc
288 1663 391 1718 votum
406 1653 510 1716 fuisset
523 1652 680 1729 emissum,
695 1659 725 1714 et
738 1654 829 1714 etiam
842 1661 1000 1735 quantum·

42 1753 155 1824 cumque
167 1762 287 1806 crassus
305 1744 419 1807 luisset.

72 1831 152 1895 5190.
167 1839 242 1896 -20
259 1834 289 1896 Si
304 1852 387 1896 error
398 1851 460 1896 non
475 1833 513 1894 sit
522 1831 601 1894 circa
611 1831 820 1909 substantiam,
836 1831 887 1894 sed
900 1833 999 1896 solum

41 1915 107 1979 circa
124 1921 364 1987 circumstantias
386 1921 604 2000 accidentales,
625 1922 671 1984 rel
688 1921 746 1983 illae
768 1921 999 1987 circumstantie

42 2022 92 2067 ron
110 2017 176 2074 sunt
193 2013 271 2076 tanti
288 2013 454 2091 momenti,
470 2019 502 2075 ut
525 2029 626 2074 errore
639 2011 757 2074 detecto
777 2012 920 2076 emissum
937 2033 999 2077 non

43 2092 129 2162 luisset
141 2109 267 2180 votum;
291 2110 321 2166 et
340 2110 431 2182 tunc,
451 2121 513 2164 non
530 2101 667 2164 obstante
680 2119 800 2180 errore,
821 2104 902 2166 certe
924 2104 1000 2166 valet

43 2193 143 2270 rutum;
156 2193 179 2254 si
191 2193 266 2255 verb
280 2193 354 2256 talos
366 2198 437 2255 sunt
448 2192 505 2256 illa
519 2191 766 2268 circumstantiae,
782 2197 816 2254 ut
834 2192 857 2254 si
871 2194 999 2275 cognitae

41 2271 166 2359 luissent,
180 2288 284 2346 votum
299 2301 361 2345 non
376 2283 480 2345 luisset
488 2282 616 2358 lactum,
630 2283 859 2344 controvertitur
875 2301 913 2344 an
927 2290 1000 2346 tunc

41 2371 129 2430 totum
141 2371 177 2433 sit
191 2371 367 2448 habendum
382 2379 413 2434 ut
426 2371 568 2444 validum,
584 2371 824 2452 sententiamque
839 2379 999 2451 negantem

42 2469 92 2516 non
105 2459 198 2523 sotirm
215 2461 402 2542 probabilem
418 2461 470 2523 sed
485 2461 574 2522 etiam
586 2457 666 2540 sorti
674 2457 905 2540 probabiliorem
917 2465 1000 2540 putat

41 2542 185 2628 S.Liguor.
196 2551 260 2632 (lib.
270 2551 344 2631 3,n¹⁵
359 2557 413 2614 198
422 2553 536 2630 erana),
547 2547 999 2611 Secustamenessetdicendnm

41 2629 70 2694 (le
90 2655 158 2702 casu
183 2641 377 2724 professionis
401 2641 568 2721 religiosa,
590 2656 658 2719 quae
678 2637 760 2700 certo
778 2644 822 2698 est
839 2635 952 2714 valida,
975 2639 999 2700 si

41 2737 113 2788 emor
127 2730 164 2793 sit
186 2733 305 2792 tantinn
330 2732 410 2793 circa
430 2727 669 2792 circumstantias
689 2725 903 2802 accidentales,
927 2726 997 2806 etsi,

41 2827 128 2881 errore
138 2819 277 2899 detecto,
293 2838 355 2882 uon
370 2820 474 2883 fuisset
486 2818 605 2880 emissa.

73 2909 230 2973 arat-ar
244 2911 274 2972 Si
290 2929 373 2972 error
388 2910 426 2972 sit
439 2910 555 2971 tanturn
567 2907 646 2970 circa
660 2924 781 2970 causam
796 2905 998 2987 impulsivam,

41 2992 233 3080 toletanum,
249 2999 294 3078 si,
309 3019 337 3062 v.
359 3019 406 3081 g,
432 3001 501 3080 quis
519 2997 644 3059 vovisset
664 2996 938 3080 peregrinationem
961 2999 999 3061 ad

40 3081 144 3150 limina
167 3090 395 3173 Apostolorum,
424 3087 523 3152 studio
543 3085 660 3149 colendi
682 3089 803 3164 Deum,
821 3086 873 3148 sed
887 3085 926 3148 ad
943 3087 999 3152 hoc

40 3169 174 3254 impulsus
187 3181 258 3262 quia
269 3180 416 3243 existimat
432 3197 464 3240 se
476 3177 516 3239 ibi
529 3177 662 3239 invenire
676 3175 829 3252 amioum,
853 3181 934 3238 tenet
947 3197 999 3241 vo-

39 3263 114 3344 tum,
138 3268 206 3333 licet
226 3277 330 3352 postea
347 3269 512 3332 addisceret
530 3267 663 3328 amicum
679 3267 782 3326 ltomae
802 3283 864 3326 non
879 3266 999 3330 adesse:

39 3358 204 3435 supponitur
231 3358 314 3442 qudd
340 3363 444 3420 votum
467 3357 613 3419 emissum
636 3353 760 3430 luisset,
785 3354 877 3416 etiam
899 3373 1000 3419 errore

38 3437 162 3508 detecto:
178 3467 249 3512 nam
272 3450 297 3510 si
320 3455 398 3512 esset
419 3465 524 3520 secus,
541 3443 646 3506 eadem
665 3451 743 3504 esset
765 3443 891 3524 quaestio
912 3462 948 3505 ac
969 3445 999 3505 in

40 3541 157 3598 numero
176 3537 365 3620 praecedenti.
