2420 3968
182 181 241 248 53¹,
400 183 536 236 uiuitur
558 184 659 232 rorrus
679 185 760 230 runis
781 183 928 234 canonici.

222 284 323 348 Posset
336 283 425 346 etiam
435 282 535 368 puella
548 285 686 348 omittere
697 285 833 358 Sacrum,
848 281 1029 346 sciensseab
1039 282 1120 363 aliquo
1189 296 1190 322 ³

182 373 306 456 turpiter
315 370 543 452 concupisciret
551 371 609 432 boc
617 371 721 432 saltem
729 371 923 450 utprobabile
931 369 1028 433 haberi
1037 369 1117 442 debet,
1183 428 1197 451 ⁴

183 459 394 542 sedprcbabile
408 459 519 540 pariter
532 465 587 536 est,
603 460 665 521 imo
675 459 859 541 probabilius
872 459 955 540 qued
964 459 1000 520 ad
1012 459 1063 520 boc
1073 475 1120 519 nou
1196 527 1197 532 ἵ

184 555 333 613 teneretur
346 549 404 610 nisi
418 550 465 610 bis
477 549 523 610 vel
537 555 592 610 ter.
609 549 652 626 (S.
669 549 805 628 Lignea,
820 547 875 624 io,
892 557 925 608 n⁹
939 551 992 609 33i
1002 550 1020 624 .)
1184 550 1189 619 ζ

219 642 309 701 4929.
332 638 506 720 Disputatur
529 656 567 698 an
585 637 706 698 amissio
725 636 864 698 notabilis
882 635 957 698 lucri
977 634 1122 697 arrusotab
1185 666 1190 675 ·

180 726 335 790 auditione
362 726 468 789 Sacri:
498 733 543 788 sat
560 725 721 808 probabilis
741 731 787 786 est
807 724 910 806 opinio
932 723 1123 800 allirnrans,et
1187 713 1191 727 '

182 815 278 878 Gobal
296 823 417 878 excuset
430 833 611 898 pauperem,
627 815 716 877 etiarn
731 813 771 875 ob
793 812 913 876 lucrum
924 813 1015 876 unius
1026 812 1121 890 ducati,

181 911 212 968 et
224 905 355 968 duorum
368 905 460 968 alium
474 905 573 966 tenuis
583 903 720 965 fortunae.
736 903 811 964 Vide
826 901 903 963 inira
916 906 1026 981 (telo).

220 999 311 1059 4930.
334 995 522 1056 Excusantur
536 993 647 1074 aurigae
661 992 713 1072 qui
728 1000 883 1072 nequeunt
901 993 1027 1054 Sacrum
1043 989 1125 1052 audire
1193 1039 1197 1072 ⁴

183 1085 257 1166 quin
271 1093 423 1147 recturam
443 1083 616 1164 relinquant
632 1099 703 1142 cum
724 1080 846 1142 notabili
862 1081 991 1158 jactura.
1007 1081 1080 1142 ldem
1094 1087 1126 1138 rst

183 1173 344 1235 dicendum
367 1172 404 1233 de
421 1171 582 1233 tabellariis
595 1176 626 1231 ct
642 1169 680 1231 de
698 1169 872 1232 custodibus
890 1170 1083 1250 gabellarum,
1099 1166 1126 1227 dr
1189 1174 1194 1218 ἴ

186 1263 298 1336 nautia,
314 1261 351 1322 de
365 1260 532 1340 prepositis
545 1259 600 1320 viis
614 1259 727 1320 ferreis.
744 1257 837 1321 Valde
850 1258 1043 1339 probabiliter
1055 1275 1126 1319 eucn-

183 1355 264 1410 satur
285 1350 336 1428 qui
361 1348 400 1408 ab
414 1348 537 1409 missam
557 1345 737 1408 audiendam
756 1347 892 1409 omittere
914 1346 1039 1410 deberet
1055 1363 1127 1426 nego·
1189 1356 1195 1430 ζ

182 1435 256 1498 lium
271 1455 341 1498 cum
356 1436 468 1498 damno
482 1437 574 1517 gravi.

220 1529 311 1589 4931.
333 1528 367 1587 Ρ.
384 1526 481 1606 Gury,
496 1534 529 1585 n⁰
545 1529 623 1603 355,
639 1531 760 1587 excusat
780 1525 943 1607 aliquando
957 1525 1065 1588 milites
1076 1523 1130 1605 qni.
1188 1582 1195 1610 ⁴

179 1617 203 1678 si
220 1615 320 1678 missae
330 1613 485 1693 adessent,
500 1613 850 1694 gravissimasirrisiones
863 1621 893 1676 et
906 1613 1133 1696 exprobrationes
1189 1612 1195 1623 '

180 1704 227 1767 vel
244 1705 334 1766 etiam
348 1703 581 1766 extraordinaria
595 1702 723 1764 ludibria
736 1703 862 1784 experiri
876 1702 1026 1766 deberent
1040 1725 1047 1764 :
1063 1701 1133 1784 quid·
1191 1708 1195 1780 l

184 1793 256 1876 quid
268 1793 351 1855 deco
365 1793 402 1854 sit
414 1791 617 1867 sentiendum,
632 1791 740 1852 merito
754 1793 833 1852 certe
847 1799 1032 1854 excusantur
1046 1791 1133 1852 militas

183 1883 206 1944 si
221 1883 258 1944 ab
272 1882 371 1963 impiis
384 1881 530 1958 ducibus,
554 1887 616 1941 toto
630 1879 691 1941 lere
710 1881 856 1942 matutino
875 1885 1032 1962 ternpore,
1048 1880 1136 1942 milita·

183 1969 264 2032 ribus
277 1971 423 2032 exercitiis
436 1975 638 2049 occupentur,
657 1976 689 2030 ut
703 1986 782 2049 saepe
795 1967 912 2031 accidit.

221 2057 417 2118 Probabiliter
440 2064 632 2119 excusaretur
655 2058 706 2138 qui
730 2058 853 2118 missam
875 2059 1028 2122 omitteret
1048 2077 1099 2142 pro
1114 2075 1138 2118 se

181 2143 368 2222 confitendo,
385 2146 409 2205 si
423 2144 495 2206 alias
507 2143 630 2206 deberet
643 2145 817 2226 aliquandiu
832 2165 1014 2228 permanere
1028 2149 1059 2210 in
1076 2153 1138 2208 statu
1194 2149 1195 2152 ’

181 2232 294 2314 peccati
309 2232 459 2308 mortalis3
475 2232 594 2294 elidem
609 2233 771 2297 dicendum
781 2241 826 2296 est
838 2235 922 2298 daeo
936 2237 990 2317 qni
1004 2237 1077 2299 alias
1089 2253 1138 2296 non
1194 2295 1195 2298 ,

181 2327 282 2404 posset
295 2319 440 2402 impedire
454 2321 671 2403 blasphemias,
687 2323 785 2399 rixas,
800 2322 889 2385 turta.
904 2325 947 2386 lta
962 2326 995 2386 S.
1013 2327 1137 2407 Lignea,
1194 2391 1195 2394 Ἴ

182 2409 233 2472 lib.
249 2413 286 2488 3,
308 2411 435 2488 110332,
460 2409 541 2492 apud
561 2429 655 2494 quem
673 2412 762 2473 etiam
781 2412 839 2474 alia
861 2413 1003 2492 quaedam
1026 2412 1139 2478 suntla-

182 2499 279 2582 genda
293 2500 311 2560 a
324 2515 358 2560 nr
371 2500 430 2560 324
444 2517 540 2580 usque
556 2499 593 2560 ad
608 2509 641 2560 n⁰
656 2501 725 2562 332.

219 2591 308 2650 4932.
332 2589 422 2669 Resp.
434 2591 465 2650 2⁰
482 2587 527 2648 sb
540 2587 721 2668 obligatione
736 2607 767 2651 se
781 2588 950 2651 abstinendi
964 2589 1140 2674 aboperibus

180 2677 337 2739 servilibus
351 2675 381 2736 in
396 2674 501 2737 diebus
515 2675 627 2736 festivis
643 2686 788 2739 excusant
803 2697 811 2738 ε

220 2767 252 2826 1⁰
279 2765 466 2846 Dispeosutr'o
496 2764 534 2825 ab
567 2765 742 2828 auctoritate
770 2767 953 2848 competenti
979 2786 1139 2832 concessa:

182 2869 290 2934 nempe
304 2855 321 2914 a
336 2855 368 2916 S.
381 2853 525 2916 Pontilicc
539 2871 593 2934 pro
607 2857 666 2915 tota
682 2854 815 2916 Ecclesia
827 2863 858 2916 et
870 2874 925 2937 pro
935 2859 1079 2919 omnibus
1091 2858 1139 2917 tes·

180 2941 356 3016 tinilutibus3
381 2942 420 3003 ab
444 2943 615 3025 Episcopo,
632 2942 678 3004 vel
699 2941 834 3024 Capitulc
852 2962 906 3006 seu
932 2949 1000 3024 ejus
1020 2947 1138 3011 Vicariu.

181 3029 257 3090 Sede
270 3033 407 3104 vacante,
430 3049 486 3108 pro
499 3031 637 3108 dioecesi;
656 3037 686 3096 et
700 3033 719 3094 a
737 3031 949 3116 Superioribus
962 3035 1139 3117 regularibus

180 3133 235 3198 pro
245 3133 350 3177 eorum
364 3114 489 3178 subditis
502 3124 532 3180 et
545 3119 727 3183 domesticis.

219 3205 347 3264 Possunt
359 3201 482 3284 quidem
496 3207 635 3309 Episcopi
648 3207 823 3291 dispensare
837 3212 868 3278 in
882 3207 966 3275 festis
979 3212 1139 3276 communi·

179 3290 236 3350 bus
245 3308 300 3351 seu
314 3309 381 3368 quae
395 3292 590 3358 observantur
604 3315 635 3358 m
650 3303 710 3360 icta
720 3299 866 3378 Ecclesid3
882 3301 936 3362 sed
950 3302 975 3364 si
987 3303 1019 3364 in
1032 3304 1074 3364 eis
1086 3301 1140 3362 dis·

181 3383 305 3452 pensent
326 3377 391 3438 sine
412 3383 518 3456 causa,
544 3401 606 3445 non
629 3387 728 3447 solbm
751 3389 916 3452 mortaliter
933 3400 1074 3472 peceant,
1094 3387 1141 3450 sed

180 3461 306 3558 invalida
318 3471 364 3526 cst
376 3464 575 3546 dispensatim
591 3490 677 3534 secus
691 3475 715 3536 si
730 3475 904 3558 dispensent
916 3477 949 3539 in
962 3478 1045 3542 festis
1057 3495 1141 3542 aruo

178 3546 293 3610 delibus
314 3569 367 3614 seu
387 3555 614 3632 particularibus
627 3561 765 3624 dioecesis
778 3566 824 3626 vel
842 3566 969 3644 alicujus
983 3545 1139 3649 parocbia,
