2416 3954
370 197 635 250 uamsscnrmnr.
935 183 995 251 trs

16 313 213 378 llatanronvcl
223 315 284 378 alia
293 317 400 378 alteris
409 331 610 392 urrrarucnta,
619 320 672 380 ata
685 317 802 383 fortiori
811 329 996 404 paramenta

15 406 211 468 sacerdotalia
221 405 294 485 (nisi
304 407 367 468 siut
386 405 523 486 iusignia
537 407 661 470 ordinis
673 407 996 486 deiunctil,a‹lbiberi

15 511 71 552 non
82 503 212 570 possunt
224 493 262 555 ad
276 502 500 556 ornamentum
513 493 630 556 toreut-
639 493 996 576 videflttnauuomam·

14 577 52 640 lle
66 579 158 644 llerdt
175 581 270 655 titia„
287 587 321 642 n·
340 581 376 644 31
394 582 468 661 li).
459 599 468 617 ·
486 583 560 664 poni
582 591 686 665 potest
707 603 824 648 corona
839 605 934 667 super
949 587 995 652 la-

14 679 111 731 retrom
137 668 308 749 virginum.
327 669 383 751 (lle
401 670 509 744 ilardt
525 671 599 735 illd.
618 670 652 734 V.
671 671 843 751 inlimahpp
860 671 937 736 Xlll.

45 753 132 820 ttou
148 788 189 806 -
211 757 245 820 7·
270 757 303 822 Si
329 759 477 822 habenda
496 759 537 822 sit
560 761 662 824 oratio
687 758 842 826 lunebris
868 763 933 826 haic
947 764 992 843 lit,

16 843 209 922 nisstbnut,
222 855 294 910 auto
309 847 556 913 absolutionem.
569 849 624 928 (De
640 847 736 911 llordt
738 849 922 926 ‚tamem
934 851 993 934 ll.)

50 955 63 992 ι
80 933 126 1008 Si,
136 937 276 1018 protulit
289 935 476 1017 aliquando
491 937 529 1000 ad
543 938 704 1000 tumulum
723 938 823 1000 oratio
839 936 994 1004 habeatur

16 1021 61 1082 a
80 1022 218 1098 laico,et
234 1023 275 1086 da
296 1025 447 1086 humanis
463 1030 665 1107 potiusquam
683 1029 722 1088 da
735 1025 916 1089 christianis
933 1029 996 1089 vir-

17 1131 23 1162 ·
50 1112 186 1184 tutibus,
212 1111 319 1174 clerus
341 1112 481 1175 discedat
509 1115 636 1195 expiato
668 1113 791 1178 iuuare.
825 1136 842 1174 s
882 1113 992 1198 (Cono.

16 1201 100 1261 lien.
120 1199 263 1274 istane
279 1199 434 1282 Exequit'a.
449 1221 481 1284 p.
498 1201 564 1280 bu.)

62 1289 91 1347 ln
105 1287 242 1348 oratione
258 1287 324 1350 Noa
338 1289 449 1359 intres,
467 1289 558 1350 verba
571 1307 633 1348 rum
648 1305 728 1350 seriu
742 1293 792 1348 tuo
808 1285 916 1347 mutari
932 1300 994 1344 nun

26 1371 152 1451 debent,
180 1375 296 1436 etiarnsi
319 1396 373 1456 pro
394 1377 520 1439 muliere
540 1377 677 1456 exequiae
704 1375 776 1437 liant
802 1377 863 1450 (Dc
889 1371 993 1450 Herait,

26 1461 76 1538 iu,
87 1464 155 1536 vt);
171 1481 275 1525 versus
286 1467 420 1546 bequiem
434 1476 574 1527 uternam
588 1465 677 1527 etalii
691 1465 833 1526 dicuntur
845 1461 876 1523 in
891 1463 993 1543 singu·

26 1549 73 1610 lari
89 1571 220 1614 nurnero
232 1555 287 1627 (lle
302 1555 409 1624 llerdt,
423 1553 477 1628 iu,
493 1557 554 1630 xl).

61 1643 151 1702 trus.
170 1675 205 1686 -—
221 1645 254 1703 8⁰
273 1643 370 1703 Finita
390 1642 595 1718 absolutionc,
615 1659 725 1722 corpus
745 1639 783 1702 ad
803 1639 995 1721 sepulchrum

25 1725 155 1790 defertur
174 1729 282 1791 eudem
297 1729 388 1791 modo
408 1737 438 1791 al
451 1729 557 1792 urdine
572 1749 633 1810 quo
651 1729 688 1790 ad
702 1729 859 1791 ecclesiam
873 1729 996 1790 allatum

26 1825 82 1890 est;
98 1818 123 1878 si
139 1819 210 1878 verb
221 1818 320 1879 statim
332 1835 392 1879 non
407 1816 557 1880 deleratur
571 1817 608 1878 ad
623 1816 834 1897 sepulchrum,
849 1817 997 1879 omittitur

26 1905 188 1986 antiphona
201 1907 238 1968 Ia
248 1906 420 1988 paradisum
432 1953 440 1984 ,
452 1907 538 1984 Juxta
553 1905 673 1966 Ilituale
690 1905 861 1968 Romanum.

62 1996 94 2055 ln
113 1995 205 2058 certis
223 1995 296 2057 locis
314 1995 354 2056 ob
372 1993 545 2056 distantiam
559 1994 821 2066 coemelariorum‚
836 1995 997 2057 Celebrans

26 2089 52 2144 et
64 2084 164 2146 clerus
188 2102 249 2144 non
264 2083 446 2146 comitantur
460 2082 552 2144 funus
565 2101 661 2164 usque
675 2081 713 2144 ad
728 2082 920 2164 sepulchrum
938 2104 944 2143 :
960 2103 997 2144 eo

27 2189 93 2234 casu
107 2172 183 2234 dum
205 2173 296 2235 lunus
316 2171 448 2234 delurtur
467 2170 505 2234 ad
525 2181 641 2254 portam
658 2171 767 2234 dicitur
783 2171 947 2254 antiphona
962 2173 996 2235 ln

25 2262 217 2340 paradisum
230 2268 259 2323 et
274 2261 325 2330 itii,
341 2260 478 2342 deposito
494 2259 613 2336 feretro,
629 2261 744 2342 reliqua
759 2259 822 2322 lieri
836 2270 864 2323 et
879 2262 996 2324 recitari

29 2358 151 2427 possunt
167 2369 175 2411 ε
192 2349 253 2412 ἱιηὸ
273 2349 452 2412 haecomnia
467 2349 529 2410 lieri
551 2357 677 2430 possunt
694 2349 876 2420 in'ccclesia,
892 2349 916 2410 si
931 2350 997 2412 talis

28 2438 100 2500 adsit
123 2437 322 2501 consuetudo.
343 2440 374 2500 S.
401 2441 436 2500 ll.
453 2439 499 2510 li..
522 2440 625 2515 bitini.
648 2441 743 2516 1832,
767 2441 800 2499 n⁰
817 2441 896 2500 4545
915 2441 998 2498 2.-

30 2528 100 2588 l'ide
115 2531 158 2591 lle
173 2528 267 2590 lierdt
279 2530 323 2602 (η’
337 2530 375 2590 33
388 2574 396 2605 ,
408 2529 440 2604 Ι,
457 2530 504 2604 V).

63 2621 154 2678 trita.
171 2651 211 2662 -
224 2618 255 2678 9⁰
271 2615 398 2688 Quando
418 2615 458 2678 ob
478 2615 572 2678 varias
586 2633 711 2688 causas,
731 2613 781 2674 dia
804 2612 999 2693 depositionis

29 2705 158 2767 defuncti
181 2705 362 2769 omittuntur
383 2705 474 2766 missa
495 2712 525 2766 el
538 2704 671 2765 odicium
692 2699 922 2776 defunctorum,
937 2718 998 2762 non

32 2801 71 2853 ast
95 2794 219 2874 quidem
233 2794 375 2875 obligatio
390 2795 524 2874 rigoroso
542 2793 591 2853 illa
606 2797 707 2872 postea
727 2787 905 2871 supplendi,
927 2791 998 2850 cum

33 2879 150 2944 ilituule
166 2883 291 2949 Roman.
314 2882 352 2944 dc
369 2879 540 2960 hujusmodi
562 2878 744 2958 obligatione
764 2877 889 2939 omnino
902 2876 996 2954 sileat;

32 2969 83 3030 sed
103 2973 195 3033 menti
211 2971 352 3034 Ecclesiae
372 2971 477 3033 saltem
496 2969 636 3048 congruit
662 2973 696 3028 ul
717 2974 819 3048 postea
838 2967 997 3048 supplean-

30 3063 79 3118 tur
93 3105 101 3134 ‚
115 3065 186 3122 cina
201 3061 269 3122 ideo
282 3060 471 3142 priuilegium
491 3057 666 3120 conceditur
680 3065 713 3118 ut
733 3057 823 3118 missa
836 3059 999 3138 exequialis

32 3145 135 3211 diebus
147 3150 401 3231 subsequentibus
410 3147 577 3210 celebretur
591 3148 622 3206 in
637 3145 812 3226 Duplicibus
822 3147 997 3226 majoribus

32 3243 65 3297 ut
77 3255 166 3319 supra
178 3238 312 3300 diximus
326 3241 429 3318 (stau,
445 3239 531 3316 etc).

71 3329 156 3389 tros.
180 3328 211 3389 Si
234 3335 336 3388 autem
355 3327 445 3388 missa
467 3325 631 3407 exequialis
643 3331 672 3388 cl
690 3325 822 3387 officium
842 3325 999 3392 detuncto-

33 3431 101 3476 rum
113 3416 305 3494 differantur,
329 3416 396 3478 aliae
410 3423 510 3477 tamen
530 3433 634 3498 preces
648 3422 677 3477 et
690 3414 832 3495 suffragia
850 3433 911 3478 non
929 3423 999 3479 sunt

33 3505 200 3574 omittenda,
210 3507 293 3580 ,iuxta
311 3505 432 3566 Rituule
443 3505 604 3567 Romanum
616 3504 671 3582 (be
684 3503 851 3584 Excubiis,
866 3505 897 3564 in
911 3505 997 3582 fine),

35 3597 231 3670 nequaetium
254 3593 438 3668 ditiorenda;
461 3593 486 3654 si
500 3600 601 3654 umen
622 3590 761 3665 quadam
784 3607 819 3648 us
839 3589 999 3646 contuetu-
