2498 3966
292 227 377 280 trem
398 228 558 280 strennus.
580 243 621 264 ·-
640 229 835 278 trinumeri.
999 214 1054 276 tot
1159 207 1162 216 '

87 344 230 408 videmus
243 341 387 404 Ecclesiae
403 339 565 404 catboiicae
580 348 765 421 pimrsptam
781 349 868 403 tanto
883 339 1000 418 studio,
1021 351 1056 406 ut

87 432 175 497 nulia
185 433 250 512 jam
265 429 344 492 ratio
360 429 511 492 habeatur
526 448 583 490 nec
598 427 712 490 divinat
727 429 886 510 potestatis
901 429 980 509 ejus,
998 449 1056 494 nec

87 516 542 606 providarumiegumquibus
554 517 673 578 tamdiu
685 516 916 598 vireregentes,
928 519 1056 600 adquae

87 609 273 676 urbanitatis
285 608 390 669 iumen
405 623 476 668 cum
497 606 668 667 christiana
684 606 835 686 sapientia
852 609 1054 687 pervenisset.

127 701 271 763 Attamen
303 695 509 759 Naturalium
536 695 619 775 iique
648 712 768 768 omnes,
794 695 848 774 qui
875 695 1057 775 reipublice

88 805 206 854 numen
222 804 255 848 se
273 788 409 847 manime
424 787 526 848 coiere
541 783 735 864 profitentes,
760 783 853 845 maiis
870 782 957 847 hisce
986 787 1058 848 doc·

88 881 180 942 trinis
205 883 284 938 totas
312 874 451 936 civitates
482 874 611 934 miseere
635 874 791 948 nituntur,
820 890 884 935 non
924 881 1058 954 possunt

88 963 365 1048 reprehensionem
383 961 522 1023 falsitatis
543 960 689 1041 effugere.
708 961 829 1022 Etenim
847 979 918 1024 eum
949 962 1058 1023 matri-

90 1055 232 1118 monium
247 1049 360 1111 babeat
375 1049 472 1111 Deum
497 1059 670 1122 auctorem,
687 1046 845 1131 fueritque
860 1048 907 1110 vei
926 1068 943 1111 a
970 1051 1056 1132 prin-

88 1146 173 1225 cipio
184 1139 327 1216 quedam
348 1138 575 1199 lncarnetionis
591 1136 682 1200 Verbi
699 1139 751 1200 Dei
786 1137 997 1215 adumbratio,
1014 1141 1058 1200 to-

89 1233 175 1296 cireo
190 1229 271 1290 inest
296 1227 327 1288 in
344 1243 381 1288 eo
406 1243 529 1289 sacrum
556 1237 586 1288 et
607 1227 788 1308 religiosum
813 1227 977 1308 quiddcrn,
996 1246 1057 1290 non

89 1319 310 1392 adventitium,
327 1315 379 1378 sed
401 1315 590 1394 ingenitum,
608 1335 670 1378 non
688 1316 727 1378 ab
755 1314 939 1379 bominibus
954 1336 1060 1399 aceep-

90 1421 172 1483 tum,
184 1405 237 1468 sed
263 1412 373 1465 natura
390 1403 531 1466 insitum.
549 1403 698 1478 Quocirca
715 1405 917 1467 Innocentius
931 1404 970 1468 ΙΙΙ
981 1407 1004 1485 ¹,
1031 1413 1061 1468 et

91 1498 249 1561 Honorius
263 1492 300 1555 tlt
313 1491 335 1568 ²,
349 1493 527 1557 decessores
536 1491 637 1556 Nostri
653 1513 716 1556 nen
733 1495 848 1576 injuria
864 1513 922 1557 nee
947 1505 1060 1558 temere

90 1588 250 1650 ai'tirmare
265 1593 446 1663 potuerunt,
460 1584 543 1661 operi
557 1583 657 1662 fideles
671 1589 700 1646 et
715 1585 849 1664 infideles
862 1585 989 1647 emittere
1004 1585 1060 1648 Sc-

90 1679 278 1741 cromentttm
293 1670 440 1752 conjucti.
465 1673 630 1734 Testantur
649 1680 678 1732 et
695 1682 900 1734 monumenta
922 1675 1059 1753 antiqni-

94 1765 178 1839 tatis,
190 1768 221 1822 et
236 1777 336 1821 meres
347 1772 440 1839 atque
456 1759 594 1821 instituta
612 1759 799 1839 populorum
816 1759 871 1839 qui
896 1759 933 1821 ad
949 1762 1060 1824 buma-

94 1847 1062 1929 nitatemmagisaccesserantetexquisitiorejurisetaequitatis

93 1941 274 2019 cognitione
290 1937 495 2018 praestiterant
511 1953 663 2016 :quorum
676 1937 818 1998 omnium
839 1937 997 2000 mentibus
1012 1938 1062 1999 in·

95 2037 264 2097 formatum
280 2027 547 2106 anticipatumque
563 2023 657 2085 t'uisse
669 2031 925 2100 constat,utcurn
941 2025 980 2090 de
997 2044 1064 2087 ma·

95 2117 245 2184 trimonio
259 2115 440 2193 cogitarent,
461 2111 560 2176 forma
575 2122 752 2175 occurreret
767 2113 810 2174 rei
826 2131 900 2176 cum
912 2114 1063 2196 religione

95 2222 124 2273 et
140 2206 304 2270 sanctitate
317 2203 504 2279 conjunctae.
530 2200 615 2262 Hanc
636 2200 678 2262 ob
694 2219 821 2262 causent
840 2203 957 2283 nuptiae
979 2202 1063 2285 apud

95 2297 167 2360 iilos
182 2310 244 2356 non
259 2292 326 2353 sine
339 2290 534 2353 ceremoniis
543 2289 742 2369 religionum,
759 2293 948 2354 auctoritate
962 2295 1064 2372 ponti-

96 2387 204 2454 iieum,
222 2380 395 2442 ministerio
416 2380 611 2442 sacerdotum
636 2379 701 2441 tieri
726 2397 807 2458 saepe
822 2391 1062 2443 consueverunt.

95 2473 354 2548 ..iramagnam
380 2473 411 2529 in
438 2467 551 2529 animis
572 2467 690 2530 coelesti
715 2467 858 2529 doctrina
886 2471 1066 2532 carentibus

97 2565 162 2626 vim
178 2559 287 2622 babuit
303 2565 414 2618 natura
429 2575 545 2630 rerum,
561 2557 709 2618 memoria
722 2557 890 2635 originum,
906 2560 1065 2620 conscien-

98 2653 141 2714 tia
156 2645 438 2730 generisbumanii
455 2678 492 2691 -
508 2643 605 2725 igitur
616 2663 688 2705 cum
706 2647 940 2706 matrimonium
953 2649 992 2706 sit
1009 2665 1064 2709 sua

98 2743 141 2816 vi,
157 2755 213 2798 sua
229 2743 351 2811 natura,
368 2751 424 2794 sua
446 2744 555 2812 sponte
578 2751 716 2808 sacrum,
737 2743 982 2796 consentaneum
1008 2747 1066 2806 est,

98 2838 135 2892 ut
149 2833 321 2905 regaturne
335 2832 537 2904 temperetur,
563 2839 624 2884 non
643 2821 823 2902 principum
852 2824 995 2902 imperio,
1013 2825 1067 2887 sed

97 2915 205 2978 divina
221 2911 401 2976 auctoritate
416 2909 572 2985 Ecclesiae,
590 2929 663 2992 quae
680 2929 784 2974 rerum
812 2929 972 2975 sacrarum
999 2912 1067 2978 sola

99 3003 195 3068 babet
211 2999 436 3078 magisterium.

139 3091 257 3152 Deinde
284 3089 513 3152 consideranda
537 3089 723 3152 sacramenti
739 3088 874 3169 dignitas
888 3097 944 3167 est,
979 3095 1068 3174 cujus

99 3178 278 3244 accessione
303 3176 502 3239 matrimonia
537 3177 780 3240 christianorum
818 3197 943 3242 evasere
976 3183 1069 3260 longe

99 3263 1065 3352 nobilissima.Desacrementisautemetatnereetprmeipere,

134 3475 155 3522 i.
170 3469 225 3534 Cap.
242 3469 265 3527 8.
281 3469 420 3521 dediscit.

131 3545 155 3593 2.
167 3544 223 3606 Cap.
239 3541 275 3602 tt,
290 3541 320 3592 de
333 3545 455 3592 treniaci.
