2416 3954
372 255 457 302 urana
477 251 637 304 saturnos
936 245 990 304 stll

42 353 77 412 cel
95 371 156 434 que
175 353 214 417 ab
233 354 269 416 ed
289 353 404 435 imponi
418 359 536 435 posset:
553 353 634 415 unde
651 352 854 435 quorumdam
868 356 997 418 neoteri-

42 459 131 503 eorum
156 443 258 525 opinio
277 440 461 517 excluditur,
480 440 648 504 dicentium
668 459 738 506 oum
763 442 886 524 Synodo
907 445 998 508 Pisto·

41 530 136 604 riensi,
159 530 370 611 indulpmtiam
392 529 544 592 secundum
570 549 650 592 suam
677 532 832 614 praecisam
852 534 998 596 notionem

42 636 87 677 non
99 638 151 682 esse
163 619 251 682 aliud
260 619 346 702 quim
361 619 556 680 remissionem
565 620 666 702 partis
676 621 857 702 paenitentia
867 643 933 706 qua
943 645 1000 706 per

41 725 143 770 canones
160 717 273 770 statuta
286 716 352 770 erat
367 708 502 789 peccanti
514 726 528 770 .·
552 710 654 781 oOuae
675 711 838 790 propositio
852 712 895 776 sio
909 712 997 775 intel·

41 816 53 854 a
73 795 140 860 lecta
152 799 238 879 quasi
248 795 446 878 indulgentia,
458 797 687 876 pratcrnudam
701 797 895 860 remissionem
902 819 1000 882 panae

40 906 52 943 s
73 887 218 956 canonica,
237 904 298 948 non
312 885 404 947 etium
417 883 511 946 valeat
528 884 566 946 ad
583 885 792 948 remissionem
808 905 905 968 poenae
922 896 999 950 tcm-

41 995 52 1032 s
73 977 176 1056 porolis
189 975 297 1038 debitae
309 971 390 1056 apud
403 971 534 1038 diuinam
546 975 712 1054 justitiam,
728 973 896 1037 declaratur
908 977 997 1058 salsa,

39 1086 51 1120 n
73 1065 240 1134 temeraria,
262 1062 379 1126 Christi
391 1061 508 1124 meritis
522 1063 685 1145 injuriosa,
702 1083 736 1126 oc
754 1063 863 1125 dudum
882 1065 914 1124 in
927 1068 1002 1127 arti-

40 1175 52 1208 s
72 1153 131 1214 culo
151 1157 191 1217 19
212 1152 340 1216 Lullteri
361 1148 510 1213 damnata.
527 1173 549 1212 a
574 1157 617 1216 lta
636 1151 720 1214 Bulla
740 1153 896 1215 Auctorem
915 1153 1001 1235 fidei,

40 1244 126 1304 n⁰lll.

72 1331 156 1395 4527.
173 1328 290 1394 Dicitur
302 1335 334 1396 3ο
348 1333 417 1395 Post
429 1332 542 1415 culpmn
556 1339 586 1394 et
594 1349 708 1413 punam
717 1337 858 1394 aternam
867 1332 1005 1394 candana-

40 1426 116 1482 tam:
133 1421 283 1504 quamdiu
297 1419 385 1486 onim
406 1430 561 1490 occentum
588 1425 740 1496 remanet,
764 1421 874 1482 remitti
900 1423 1005 1502 nequit

38 1527 119 1589 poena
136 1513 230 1573 eliam
253 1511 425 1579 temporalis
439 1511 492 1592 unt
508 1509 629 1586 debita3
649 1508 731 1572 unde
746 1508 925 1572 Benedictus
938 1513 1005 1572 xlv

39 1597 87 1674 (lie
105 1599 197 1682 Syn..
220 1597 271 1660 lib.
289 1601 345 1667 l3,
360 1617 427 1676 cap.
455 1603 508 1676 18,
525 1610 558 1660 τιο
572 1600 634 1675 Vll)
653 1604 686 1659 ut
708 1597 896 1680 apocryphas
916 1599 1006 1662 tradit

38 1688 235 1770 indulgentias
260 1689 371 1769 quilius
397 1687 544 1750 absolutio
570 1688 589 1749 d
610 1685 698 1768 pand
721 1695 751 1748 et
774 1687 857 1769 aclpci
880 1688 1006 1750 concedi

38 1774 165 1857 dicitur,
195 1777 267 1858 quia
290 1775 382 1838 Sedes
409 1776 594 1857 apostolica,
619 1783 653 1837 ut
674 1777 715 1836 eit
737 1775 825 1838 Gard.
848 1776 1000 1852 Cusanus,

38 1867 201 1930 Germania
222 1867 368 1947 Legatos,
396 1881 554 1946 nunquam
574 1863 673 1925 verbis
698 1863 717 1925 ἁ
741 1863 827 1945 pand
852 1871 882 1926 et
909 1863 1003 1946 cutpd,

39 1952 237 2038 indulgentias
257 1953 330 2016 dere
351 1955 529 2016 consuerit:
552 1952 577 2014 si
596 1959 708 2029 tamen,
734 1953 831 2034 inquit
851 1951 1005 2032 Pontifex,

39 2053 267 2108 monumentum
280 2043 338 2106 tale
360 2042 567 2106 authenticum
580 2047 733 2123 repertum
749 2041 857 2120 suerit,
872 2046 1007 2124 congrui

39 2135 232 2215 explicatione
245 2139 290 2196 est
298 2133 524 2214 exponendum,
538 2151 566 2193 v.
578 2151 622 2212 g.,
638 2130 720 2212 qudd
732 2149 785 2212 per
799 2129 895 2214 culpae
905 2131 1008 2194 remis-

38 2223 151 2286 sionem
176 2221 357 2302 inlelligatur
376 2221 499 2283 lucullus
521 2237 664 2282 concessa
687 2218 894 2282 absolvendid
916 2238 1008 2283 reser-

37 2313 115 2384 salis,
131 2318 185 2375 aut
198 2309 327 2392 eligendi
342 2309 568 2385 comessor-ium,
578 2317 628 2370 aut
638 2308 719 2390 qudd
730 2326 784 2390 per
797 2309 1008 2371 remissionem

39 2419 130 2480 poenae
153 2399 308 2465 efficacius
324 2398 414 2480 eulpa
437 2397 710 2460 1·cmittetur.llide
739 2396 879 2460 Cirtticn
902 2397 1010 2460 iclairi

40 2490 80 2570 (p.
96 2495 153 2567 li,
173 2490 206 2553 in
219 2488 299 2561 notul,
314 2493 346 2550 l·
360 2487 457 2564 editi.

74 2585 165 2646 4528.
190 2578 307 2641 Dicitur
318 2581 349 2639 4⁰
370 2577 389 2638 d
407 2575 554 2658 Lepitima
568 2573 748 2656 Superiora,
763 2576 798 2635 ut
811 2571 1011 2652 distinguatur

40 2670 74 2729 ab
86 2668 289 2752 applicatione
303 2665 515 2747 suffragiorum
530 2683 582 2747 per
595 2665 725 2744 privatos
739 2659 837 2735 lacte,
853 2659 891 2720 de
905 2662 966 2740 qut
980 2660 1011 2721 in

40 2757 220 2838 precedenti
243 2757 344 2838 Capite
363 2757 462 2831 (4498,
478 2755 566 2831 elci,
583 2759 634 2814 aut
655 2750 746 2812 etiam
760 2747 838 2810 lacti
850 2749 868 2808 a
882 2747 1012 2809 Praelstis

39 2849 186 2931 religiosis
195 2864 250 2928 per
264 2846 393 2908 Litteras
406 2840 596 2926 afflictionis,
608 2839 647 2902 de
660 2837 770 2920 quibus
784 2833 890 2897 ibidem
900 2838 1010 2916 (islep

41 2937 198 3018 quintiles
212 2934 328 2997 l’raelati
343 2951 405 2995 non
425 2937 496 2994 sunt
510 2929 684 3011 Superiores
701 2943 807 2989 eorum
821 2924 931 3008 quibus
943 2943 1015 2990 con·

40 3045 130 3090 cessae
142 3025 232 3089 luere
244 3022 415 3104 hujusmodi
429 3019 612 3101 affiliationis
625 3017 761 3080 Littera.

79 3115 237 3178 Dicitur5⁰
249 3113 352 3176 Eatro
363 3117 574 3174 sacamentum
588 3127 599 3170 .·
614 3115 648 3170 ut
657 3103 1014 3188 indulgentiadistingua·

40 3207 119 3269 luris
140 3202 319 3267 remissione
341 3219 438 3283 poenae
458 3197 632 3281 temporalis
644 3213 712 3277 quae
731 3194 764 3256 iit
781 3196 813 3258 in
827 3203 1015 3259 sacramento

42 3293 250 3366 l‘oenitentite,
266 3295 318 3353 aut
331 3307 385 3372 per
398 3289 497 3351 missae
511 3285 708 3349 Sacrificium.

79 3386 176 3448 4529.
190 3381 304 3444 Dicitur
313 3383 345 3442 6ο
356 3384 417 3446 Per
424 3376 647 3459 applicationem
656 3371 889 3456 satisfactionum
900 3373 1015 3437 Christi

42 3483 70 3537 et
83 3477 276 3548 Sanctorum,
291 3469 403 3551 quibus
423 3473 539 3532 constat
558 3463 589 3526 id
602 3464 684 3547 quod
701 3466 719 3525 l
732 3462 878 3543 theologis
896 3470 1018 3524 vocatur

45 3563 214 3628 Thesaurus
226 3558 379 3623 Ecclesia.

82 3654 164 3714 ilaec
177 3648 336 3732 applicatio
348 3645 382 3708 fit
394 3643 440 3708 vel
453 3661 508 3726 per
521 3641 636 3704 madum
648 3637 851 3708 absolutionis,
867 3651 939 3713 erga
950 3631 1017 3692 snb·
