2434 3940
188 98 244 161 tua
403 109 541 158 uanuaaa
560 106 661 156 narras
681 99 762 152 auara
782 100 932 149 cnnonrcr.

184 213 369 288 affirmante,
393 211 457 274 ait:
485 231 500 269 a
523 209 599 272 Cbm
622 204 752 268 sit-satis
781 199 956 282 probabitis,
972 198 1100 261 omnind
1122 197 1153 261 in

185 327 197 362 o
225 303 308 384 praxi
332 299 486 382 sequenda
499 305 559 374 est,
579 297 686 358 saltem
710 295 740 355 in
765 291 870 352 ordine
890 289 1114 372 presbyteratus
1127 291 1155 349 et
1215 323 1216 354 2

184 415 198 453 r
223 393 399 454 diaconatus
415 409 422 452 ε
440 408 511 451 nam
522 386 623 470 quoad
636 385 709 448 alios
722 381 855 468 ordinas,
868 378 1024 461 probabile
1036 385 1082 441 est
1096 395 1155 440 non

185 504 200 539 a
225 499 291 544 esse
305 486 503 542 sacramenta.
519 499 535 536 n

227 573 315 634 3969.
339 567 443 642 Quoad
457 567 536 628 hanc
549 565 725 647 opinionem
739 561 952 632 affirmantem,
967 557 1077 620 iterum
1088 573 1158 618 con·
1215 577 1216 588 ³

187 659 359 721 trovertitur
376 675 415 719 an
431 661 588 720 contactus
602 653 743 736 physicus
757 649 947 732 requiratur,
962 647 1009 708 rei
1023 664 1062 708 au
1077 644 1157 707 sutii·

189 749 247 811 ciat
256 747 388 814 moralis,
400 746 513 808 scilicet
523 743 604 826 quod
616 739 791 818 initiandus,
804 747 878 801 nutu
889 737 991 818 aliquo
1005 739 1157 816 acoeptet:

191 837 337 903 sententia
361 834 514 897 affirmans
537 831 650 913 requiri
669 837 842 892 contactum
866 825 1045 909 physicum,
1065 823 1160 904 magis
1215 805 1216 844 ¹

190 925 393 990 communiter
407 923 532 986 babetur
546 929 578 985 ut
598 919 803 1003 probabilior,
816 917 900 996 juxta
914 917 946 977 S.
962 914 1026 995 Lig.
1042 911 1105 991 (tib.
1121 917 1159 990 ti,

191 1026 224 1078 n⁰
239 1019 320 1092 743),
336 1015 387 1096 qui
403 1013 484 1076 addit
498 1011 634 1074 sufficere
648 1018 748 1072 tamen
759 1005 841 1088 quod
852 1008 914 1069 una
928 1022 1020 1066 manu
1035 1010 1161 1083 tangan-
1215 985 1216 1024 ¹

190 1111 240 1167 tur
263 1105 480 1178 instrumenta,
503 1108 533 1164 et
554 1101 665 1183 pariter
685 1096 821 1161 sufficere
843 1101 956 1157 tactum
974 1091 1160 1168 mediatum,
1215 1147 1216 1150 ,

192 1211 303 1274 nempe
317 1193 341 1256 si
356 1189 535 1254 chirothecis
557 1189 602 1252 vei
617 1187 718 1249 medio
737 1186 803 1248 velo
816 1191 1022 1266 tangerentur.

231 1281 312 1345 Nota
326 1279 427 1362 quod,
443 1279 548 1341 saitem
563 1278 594 1338 in
609 1277 766 1340 ordinibus
779 1274 872 1338 sacris
885 1269 1090 1341 conferendis.
1101 1269 1163 1333 ins·
1215 1249 1216 1336 t

193 1377 344 1433 tramenta
364 1367 438 1430 tradi
462 1367 575 1429 debent
588 1367 626 1428 ab
647 1365 754 1428 eodem
775 1363 924 1445 Episcopo
946 1361 998 1444 qui
1022 1361 1164 1424 Formam
1215 1419 1216 1432 ,

193 1458 306 1540 proren
323 1459 365 1536 (a.
391 1457 527 1538 arguor,
548 1455 599 1518 nn
625 1460 661 1528 a,
684 1466 718 1516 n·
740 1455 835 1532 aad:
860 1455 930 1515 eim
954 1449 1165 1530 0⁰³¹¹1³¹it¹¹³⁵

193 1548 362 1629 Episcopus
387 1545 539 1628 Sagiensis
561 1545 784 1621 consuevisset,
815 1561 876 1604 non
897 1559 950 1623 per
972 1559 1006 1603 se
1031 1539 1085 1602 ssd
1113 1557 1166 1620 per

194 1636 384 1719 presbyteros
398 1637 584 1710 assistentes,
599 1635 753 1716 porrigere
768 1633 985 1706 instrumenta,
1001 1627 1084 1692 read
1101 1629 1167 1691 Cla·

194 1735 328 1788 mentem
339 1729 402 1788 Vlll
415 1725 523 1798 delata,
540 1724 680 1806 praecepit
690 1721 828 1785 Pontifex
837 1728 871 1784 ut
883 1720 1000 1784 secrato
1009 1719 1168 1782 iteraretur

195 1815 384 1879 caeremonia.
401 1814 475 1878 Vide
487 1816 652 1895 Loquens,
668 1821 701 1872 n⁰
716 1815 786 1875 816.

236 1907 324 1966 3970.
348 1904 470 1976 Quaerit.
486 1907 518 1964 3⁰
533 1905 580 1963 dn
595 1902 627 1963 in
651 1900 840 1963 ordinatione
855 1897 1020 1981 presbyteri
1044 1915 1169 1961 necesse

196 1993 236 2054 sit
258 1997 301 2066 nt,
322 1995 382 2053 una
397 2009 467 2054 cum
489 1991 584 2053 catice
603 1997 633 2052 et
651 1992 771 2072 patena,
787 1989 920 2052 tradatur
933 1985 1024 2050 simul
1038 1992 1169 2069 utraque

196 2080 313 2161 species
327 2079 414 2160 panis
427 2085 456 2141 et
469 2079 558 2140 vini?

237 2165 327 2248 Resp.
341 2167 483 2238 Quamvis
495 2167 526 2229 in
541 2166 599 2231 boc
612 2167 706 2231 dubio
719 2169 867 2232 sententia
882 2184 1007 2248 negans,
1022 2173 1053 2230 et
1064 2166 1172 2235 dicens

197 2253 334 2318 sufficere
349 2262 383 2318 ut
403 2274 464 2318 una
479 2257 594 2338 species
607 2257 758 2334 tradatur,
773 2257 811 2320 sit
829 2255 1010 2340 probabilis,
1026 2257 1173 2338 probabi·

199 2343 257 2406 lius
287 2351 387 2407 tamen
413 2345 540 2408 habetur
570 2346 652 2430 quod
675 2345 845 2429 requiratur
868 2345 986 2408 traditio
1014 2345 1173 2426 utriusque

199 2434 329 2515 speciei3
352 2441 382 2497 et
403 2436 475 2499 cbm
495 2436 561 2500 baeo
580 2435 725 2498 sententia
740 2437 779 2498 sit
800 2435 892 2499 etiam
915 2435 1022 2514 tutior,
1044 2435 1174 2500 omnino

198 2531 243 2584 est
257 2525 455 2605 sequendam
471 2527 566 2608 praxi.
582 2527 625 2604 (S.
641 2527 777 2606 Lignum,
794 2525 848 2600 it,
866 2537 901 2587 n⁰
915 2527 998 2604 750.)

239 2617 329 2678 3971.
350 2615 470 2688 Quaerit.
487 2621 519 2676 t⁰
532 2619 577 2676 An
591 2614 686 2678 valido
699 2615 890 2679 ordinaretur
902 2621 1029 2698 tangens
1042 2613 1173 2680 hostiam

201 2707 316 2768 tantiam
329 2711 360 2769 et
373 2723 434 2768 non
449 2705 615 2787 patenam?

241 2797 330 2877 Resp.
347 2796 533 2858 Sententiam
554 2794 752 2859 affirmantem
772 2795 1091 2880 probabilissimum&
1107 2795 1173 2876 ferd

207 2884 356 2949 acroliter
380 2891 491 2946 certam
506 2885 604 2947 vocari
624 2887 642 2948 b
665 2887 696 2949 S.
716 2886 839 2968 Liguor.
857 2884 935 2966 (id,
960 2894 994 2948 n·
1014 2887 1105 2963 ’ἰδίῃ
1120 2885 1172 2947 sod

200 2971 315 3052 quiade
325 2970 667 3052 hocquidamdubitant,
677 2975 800 3057 adqubd
810 2975 974 3038 inDecreto
983 2974 1112 3058 Eugenii
1123 2977 1171 3050 lt',

202 3077 255 3142 pro
274 3060 399 3121 materia
421 3059 641 3141 presbyteratbs
663 3065 832 3148 assignetur
858 3064 940 3126 colia
965 3085 1030 3126 cum
1052 3063 1122 3126 uino
1145 3070 1173 3126 et

199 3155 306 3230 patena
329 3167 392 3208 cum
416 3147 522 3226 dastid,
543 3155 573 3211 et
594 3151 709 3216 dicatur
732 3153 763 3216 in
787 3153 960 3236 Pontificcti
972 3173 983 3214 .·
1001 3161 1031 3217 et
1048 3173 1171 3236 cuppam

201 3235 301 3297 rotr'cis
314 3245 344 3298 et
354 3245 490 3318 patenam
510 3239 601 3301 sinaut
615 3251 755 3323 tanpont,
770 3243 843 3308 dicit
856 3246 887 3307 S.
907 3244 1028 3324 Lignor.
1049 3243 1171 3306 oonsul-

201 3326 268 3420 tum
281 3330 394 3420 esseut
412 3326 478 3386 tatis
491 3327 638 3392 ordinatio
652 3340 802 3412 repetatur
821 3332 879 3395 sub
896 3331 1093 3396 conditiones
1109 3340 1171 3393 esto

204 3425 284 3509 amm
303 3429 372 3492 quas
391 3413 483 3512 possit
497 3415 650 3495 quiescere
665 3420 695 3481 in
711 3422 808 3501 prima
822 3421 1032 3499 ordinatione,
1048 3429 1173 3504 propter

208 3509 378 3576 nprnronem
396 3507 573 3563 aestrmatam
587 3506 741 3570 moraliter
760 3515 891 3588 certam,
907 3517 1084 3572 tamennon
1098 3527 1170 3591 pec⁴
