2416 3954
443 202 528 252 ctera
550 203 709 256 secuunue.
985 191 1037 250 tta

76 304 189 372 Rituote
204 307 321 367 domun.
337 351 345 384 ,
368 321 425 368 nec
446 303 515 368 licet
533 311 691 386 expectare
707 323 760 388 per
773 305 853 368 aiam
874 302 919 366 ref
932 301 970 365 ad
984 304 1039 365 do-

71 411 152 456 mum
166 393 308 458 defuncti.
325 395 356 456 S.
371 395 408 456 R.
423 393 470 470 0.,
488 397 525 456 47
540 399 617 474 sept.
633 396 731 472 ¹822,
748 403 781 456 n⁰
794 398 883 457 atta.

108 487 195 546 4694.
215 505 232 542 o
249 482 401 546 Parocbus
414 483 470 561 (vet
484 483 561 546 alius
581 481 721 544 sacerdos
734 483 901 565 celebrans)
916 480 1040 545 indutus

71 591 85 632 r
108 572 324 654 superpelliceo
337 579 367 634 et
380 572 456 634 stota
470 572 571 653 nigra,
587 571 634 632 vel
652 571 742 632 etiam
765 572 884 654 pluviali
903 571 1039 651 ejusdem

72 681 84 722 r
106 662 231 739 coloris,
246 660 355 723 clerico
370 659 546 742 praeferente
560 678 684 722 crucem
703 667 734 721 et
756 660 813 722 alio
827 679 937 743 aquam
950 661 1039 724 bene·

70 771 84 808 o
106 749 227 827 dictam,
238 749 275 811 ad
285 749 410 812 domum
424 747 556 812 defuncti
573 752 634 812 una
646 767 717 812 cum
729 749 795 811 aliis
809 750 961 830 procedit3
976 750 1037 814 dis-

69 860 83 896 o
106 839 278 902 tribuuntur
291 838 390 918 cerei,
414 845 445 900 et
460 839 669 901 accenduntur
691 837 850 902 intortitia.
876 840 946 900 Mox
960 841 1038 902 ordi·

70 949 83 986 r
104 935 192 990 natur
205 927 377 1010 processio,
392 926 631 1009 praecedentibus
645 927 791 990 laicorum
805 925 1037 991 Confraternitu-

68 1037 82 1074 u
106 1017 205 1094 tibus,
233 1017 259 1078 si
285 1015 384 1078 adsint
399 1037 408 1092 ;
439 1021 503 1078 turn
531 1018 666 1098 sequitur
699 1015 798 1078 clerus
831 1016 976 1097 regutaris
1008 1022 1038 1078 et

68 1105 274 1184 saecularis,
302 1122 356 1186 per
380 1103 537 1182 ordinem;
560 1106 683 1187 binique
708 1103 894 1186 procedunt,
918 1104 1034 1185 prelati

69 1216 82 1249 n
104 1213 195 1256 cruce
208 1195 259 1272 (ita
272 1201 304 1255 ut
318 1193 418 1274 imago
431 1193 565 1256 crucifixi
584 1193 777 1256 cruciferario
790 1201 908 1275 tergum
932 1193 1036 1256 vertati

68 1305 81 1340 o
104 1285 135 1346 S.
151 1285 188 1344 R.
205 1283 252 1358 0.,
268 1285 307 1345 48
321 1281 391 1344 maii
413 1286 506 1360 tora,
524 1291 556 1344 η’
579 1287 658 1345 2580
673 1285 721 1361 t),
744 1282 848 1345 devote
867 1281 1038 1363 psalmos...

67 1393 80 1428 i
103 1371 320 1448 decantantes,
336 1370 467 1452 parocho
481 1371 668 1452 praecedente
682 1372 842 1446 feretrum,
859 1389 930 1432 cum
951 1369 1039 1434 lumi·

68 1483 80 1516 o
104 1460 214 1536 nibus3
230 1459 300 1521 iude
315 1469 483 1540 sequuntur
497 1459 546 1521 atii
561 1459 653 1523 funus
665 1461 859 1536 comitanter,
874 1467 904 1520 et
915 1477 969 1540 pro
984 1459 1037 1539 de-

68 1571 80 1606 o
103 1547 209 1611 functo
222 1551 319 1610 Deum
333 1549 389 1610 rite
403 1547 597 1629 deprecantes
611 1549 668 1612 sub
682 1549 811 1612 silentio.
827 1570 843 1606 r
860 1549 903 1610 lta
918 1549 1038 1612 ftituote

69 1637 190 1700 domoc.
208 1671 243 1684 -
260 1638 411 1700 Diaconos
424 1645 454 1698 et
467 1637 670 1700 subdiaconus
687 1639 778 1700 sacris
796 1636 927 1699 vestibus
940 1636 1041 1702 induti

67 1745 124 1788 non
143 1727 336 1788 adhibentur.
353 1727 384 1788 S.
402 1727 436 1786 a.
453 1726 503 1803 C.,
519 1729 557 1786 23
568 1726 639 1786 maii
654 1729 752 1803 tato,
769 1735 801 1786 n⁰
815 1730 906 1788 4904.

101 1819 194 1880 tues.
218 1815 293 1878 ditm
308 1813 499 1895 pervenerint
512 1813 549 1874 ad
559 1813 684 1875 domum
699 1813 852 1888 defuncti,
868 1811 1035 1892 celebrans,

66 1903 296 1967 cumdefereute
306 1921 416 1984 aquam
431 1901 618 1964 benedictam
633 1909 663 1962 et
677 1901 830 1963 nonnuliis
844 1901 920 1981 aliis,
935 1902 1035 1984 ingre·

65 1993 141 2055 ditur
155 1994 284 2055 domum
299 2011 353 2054 seu
373 1992 473 2053 focum
492 1989 544 2052 nbi
556 1991 635 2069 jacet
647 1988 822 2053 defunctus:
840 1989 946 2071 ipsese
960 1991 1036 2053 sistit

67 2081 99 2142 ad
114 2083 210 2163 pedes
223 2080 371 2158 defuncti,
386 2082 466 2142 retro
479 2077 594 2140 habens
611 2078 754 2140 clericum
769 2097 879 2160 aquam
892 2079 1034 2144 benedic-

67 2177 124 2232 tam
137 2169 286 2233 ferentem
300 2190 308 2245 ;
324 2169 452 2232 crucifer
465 2168 543 2230 inter
555 2167 749 2230 ceroferarios
762 2175 819 2230 stat
831 2167 868 2230 ad
882 2177 972 2250 caput
984 2217 991 2246 ,
1005 2177 1035 2232 et

65 2261 170 2342 reliqui
197 2259 278 2322 circo
298 2255 451 2320 feretrum.
474 2255 548 2320 Vide
566 2257 610 2318 De
624 2257 718 2320 Herdt
730 2261 810 2338 (pars
821 2260 861 2335 6,
879 2261 912 2320 u⁰
925 2261 982 2337 34,
998 2257 1035 2339 V)

64 2355 92 2409 et
103 2347 228 2411 Rituofe
242 2347 413 2408 Romanum.

81 2422 184 2505 4696.
201 2439 281 2502 Dicit
306 2437 349 2500 De
370 2437 465 2499 Herdt
485 2435 584 2518 (ibid.)
608 2453 673 2500 uon
702 2435 812 2500 decere
840 2443 875 2499 ut
899 2435 1033 2500 cadaver

56 2530 161 2592 currui
182 2528 376 2607 imponatur,
393 2525 466 2607 quia
485 2526 634 2588 indecens
648 2531 694 2588 est
717 2523 802 2606 quod
823 2521 991 2586 celebrans
1004 2529 1034 2585 et

55 2609 1036 2693 clericisacrisvesttbusinduticumcrucecurrumpedibusan·

56 2705 257 2770 tecedantzin
269 2705 500 2785 magnistamen
512 2699 708 2772 Civitatibus,
716 2697 1034 2780 ususestquddcada·

56 2813 126 2859 vcra
134 2793 244 2857 currui
256 2793 472 2875 imponantur,
481 2797 512 2852 et
523 2787 707 2870 hujusmodi
722 2803 842 2849 ususex
854 2788 1036 2849 necessitate

56 2881 225 2965 legitimari
238 2879 376 2956 ridetur,
393 2879 408 2942 i
423 2879 517 2943 Sacri
528 2889 633 2939 autem
646 2872 911 2956 congemiscat
925 2873 1035 2959 degui.

57 2970 324 3038 diciturtentbm:
338 2993 353 3028 ι
370 2967 460 3030 nullo
472 2968 566 3030 modo
580 2975 627 3026 est
637 2961 1036 3046 tolerandusabususqubd

59 3059 202 3121 »mortui
215 3077 310 3122 curru
321 3055 420 3120 clausi
430 3053 611 3118 deferantur
627 3049 666 3114 ad
682 3051 883 3116 ecclesiam.»
898 3051 934 3116 tf
946 3062 1035 3120 matt.

60 3149 146 3213 idid.
159 3150 245 3228 opud
263 3145 401 3210 ferraria
415 3137 801 3226 (v·Seputturu,n·231.V.
816 3141 894 3220 App.
912 3139 1019 3204 tvm:
1036 3195 1038 3202 ,

95 3235 186 3300 tour.
216 3258 233 3298 ι
256 3235 338 3300 Laici
352 3236 496 3306 cattarer,
513 3232 656 3313 quotibet
670 3232 793 3312 generis
808 3239 862 3294 aut
875 3231 1039 3314 dignitatis

62 3350 77 3384 ι
96 3327 189 3387 titolo
206 3327 355 3404 preditus
369 3317 1036 3403 dtefuerit,clericinedeforantaedfrici.r

66 3413 185 3480 Rituutc
201 3414 378 3480 Romanum.

101 3527 118 3561 ι
144 3501 178 3564 tn
196 3501 365 3568 det'eremfo
385 3499 496 3582 funere
515 3497 763 3585 prestantissimi
779 3497 836 3562 riri
850 3497 924 3561 iicet
936 3496 1040 3562 utali-

56 3602 70 3653 t
88 3600 171 3676 quot
178 3593 302 3660 nobiles
311 3592 452 3658 fimbrias
459 3593 562 3680 parmi
570 3581 1039 3673 funebrisapprebendant,eed
