<?xml version="1.0" encoding="UTF-8"?>
<!DOCTYPE html PUBLIC "-//W3C//DTD XHTML 1.0 Transitional//EN"
    "http://www.w3.org/TR/xhtml1/DTD/xhtml1-transitional.dtd">
<html xmlns="http://www.w3.org/1999/xhtml" xml:lang="en" lang="en">
 <head>
  <title>
</title>
<meta http-equiv="Content-Type" content="text/html;charset=utf-8" />
  <meta name='ocr-system' content='tesseract 3.04.00' />
  <meta name='ocr-capabilities' content='ocr_page ocr_carea ocr_par ocr_line ocrx_word'/>
</head>
<body>
  <div class='ocr_page' id='page_1' title='image "./manualetotiusju00craigoog_0518.png"; bbox 0 0 2416 3954; ppageno 0'>
   <div class='ocr_carea' id='block_1_1' title="bbox 392 195 1007 260">
    <p class='ocr_par' dir='ltr' id='par_1_1' title="bbox 392 195 1007 260">
     <span class='ocr_line' id='line_1_1' title="bbox 392 195 1007 260; baseline -0.007 -1"><span class='ocrx_word' id='word_1_1' title='bbox 392 213 478 260; x_wconf 80' lang='lat' dir='ltr'><strong>amen</strong></span> <span class='ocrx_word' id='word_1_2' title='bbox 500 205 658 260; x_wconf 80' lang='lat' dir='ltr'><strong>secaneos.</strong></span> <span class='ocrx_word' id='word_1_3' title='bbox 953 195 1007 256; x_wconf 73' lang='lat' dir='ltr'><strong>ott</strong></span> 
     </span>
    </p>
   </div>
   <div class='ocr_carea' id='block_1_2' title="bbox 29 305 1022 3660">
    <p class='ocr_par' dir='ltr' id='par_1_2' title="bbox 67 305 1014 460">
     <span class='ocr_line' id='line_1_2' title="bbox 98 305 1014 392; baseline 0.005 -28"><span class='ocrx_word' id='word_1_4' title='bbox 98 305 177 367; x_wconf 74' lang='lat' dir='ltr'><strong>llll.</strong></span> <span class='ocrx_word' id='word_1_5' title='bbox 199 307 377 370; x_wconf 89' lang='lat' dir='ltr'><strong>Eorumdem</strong></span> <span class='ocrx_word' id='word_1_6' title='bbox 401 310 546 392; x_wconf 79' lang='lat' dir='ltr'><strong>ltcliquiar</strong></span> <span class='ocrx_word' id='word_1_7' title='bbox 571 311 601 372; x_wconf 93' lang='lat' dir='ltr'><strong>in</strong></span> <span class='ocrx_word' id='word_1_8' title='bbox 617 309 862 392; x_wconf 83' lang='lat' dir='ltr'><strong>processionibus</strong></span> <span class='ocrx_word' id='word_1_9' title='bbox 887 306 1014 370; x_wconf 78' lang='lat' dir='ltr'><strong>minime</strong></span> 
     </span>
     <span class='ocr_line' id='line_1_3' title="bbox 67 392 343 460; baseline 0.036 -11"><span class='ocrx_word' id='word_1_10' title='bbox 67 411 79 448; x_wconf 78' lang='lat' dir='ltr'><strong>r</strong></span> <span class='ocrx_word' id='word_1_11' title='bbox 99 392 343 460; x_wconf 77' lang='lat' dir='ltr'><strong>circumferantur.</strong></span> 
     </span>
    </p>

    <p class='ocr_par' dir='ltr' id='par_1_3' title="bbox 29 485 1018 1630">
     <span class='ocr_line' id='line_1_4' title="bbox 97 485 1014 569; baseline 0.007 -27"><span class='ocrx_word' id='word_1_12' title='bbox 97 485 175 544; x_wconf 81' lang='lat' dir='ltr'><strong>tara.</strong></span> <span class='ocrx_word' id='word_1_13' title='bbox 197 505 212 543; x_wconf 75' lang='lat' dir='ltr'><strong>a</strong></span> <span class='ocrx_word' id='word_1_14' title='bbox 234 486 322 548; x_wconf 88' lang='lat' dir='ltr'><strong>Sacra</strong></span> <span class='ocrx_word' id='word_1_15' title='bbox 335 491 435 549; x_wconf 87' lang='lat' dir='ltr'><strong>tamen</strong></span> <span class='ocrx_word' id='word_1_16' title='bbox 459 486 1014 569; x_wconf 74' lang='lat' dir='ltr'><strong>congregatiopraesentibus...remo·</strong></span> 
     </span>
     <span class='ocr_line' id='line_1_5' title="bbox 67 573 1016 656; baseline 0.012 -30"><span class='ocrx_word' id='word_1_17' title='bbox 67 589 78 625; x_wconf 80' lang='lat' dir='ltr'><strong>r</strong></span> <span class='ocrx_word' id='word_1_18' title='bbox 99 589 158 632; x_wconf 78' lang='lat' dir='ltr'><strong>aare</strong></span> <span class='ocrx_word' id='word_1_19' title='bbox 166 591 222 634; x_wconf 91' lang='lat' dir='ltr'><strong>non</strong></span> <span class='ocrx_word' id='word_1_20' title='bbox 231 573 482 638; x_wconf 87' lang='lat' dir='ltr'><strong>intenditcultum</strong></span> <span class='ocrx_word' id='word_1_21' title='bbox 492 575 597 653; x_wconf 87' lang='lat' dir='ltr'><strong>Beatis,</strong></span> <span class='ocrx_word' id='word_1_22' title='bbox 610 593 664 656; x_wconf 93' lang='lat' dir='ltr'><strong>per</strong></span> <span class='ocrx_word' id='word_1_23' title='bbox 671 593 866 640; x_wconf 90' lang='lat' dir='ltr'><strong>communem</strong></span> <span class='ocrx_word' id='word_1_24' title='bbox 873 575 1016 640; x_wconf 81' lang='lat' dir='ltr'><strong>Ecclesiae</strong></span> 
     </span>
     <span class='ocr_line' id='line_1_6' title="bbox 67 663 1015 746; baseline 0.007 -28"><span class='ocrx_word' id='word_1_25' title='bbox 67 677 79 712; x_wconf 80' lang='lat' dir='ltr'><strong>r</strong></span> <span class='ocrx_word' id='word_1_26' title='bbox 99 675 266 724; x_wconf 89' lang='lat' dir='ltr'><strong>consensum</strong></span> <span class='ocrx_word' id='word_1_27' title='bbox 279 709 287 740; x_wconf 95' lang='lat'><strong>,</strong></span> <span class='ocrx_word' id='word_1_28' title='bbox 301 663 347 726; x_wconf 87' lang='lat' dir='ltr'><strong>vel</strong></span> <span class='ocrx_word' id='word_1_29' title='bbox 357 681 411 745; x_wconf 91' lang='lat' dir='ltr'><strong>per</strong></span> <span class='ocrx_word' id='word_1_30' title='bbox 424 663 694 726; x_wconf 80' lang='lat' dir='ltr'><strong>immemorabilem</strong></span> <span class='ocrx_word' id='word_1_31' title='bbox 708 665 852 746; x_wconf 90' lang='lat' dir='ltr'><strong>temporis</strong></span> <span class='ocrx_word' id='word_1_32' title='bbox 870 681 1015 742; x_wconf 90' lang='lat' dir='ltr'><strong>cursum,</strong></span> 
     </span>
     <span class='ocr_line' id='line_1_7' title="bbox 29 752 1017 835; baseline 0.007 -29"><span class='ocrx_word' id='word_1_33' title='bbox 29 828 31 832; x_wconf 10' lang='grc' dir='ltr'><em>Α</em></span> <span class='ocrx_word' id='word_1_34' title='bbox 66 755 142 808; x_wconf 78' lang='lat' dir='ltr'><strong>aaut</strong></span> <span class='ocrx_word' id='word_1_35' title='bbox 169 767 218 829; x_wconf 91' lang='lat' dir='ltr'><strong>per</strong></span> <span class='ocrx_word' id='word_1_36' title='bbox 241 754 362 814; x_wconf 84' lang='lat' dir='ltr'><strong>Petrum</strong></span> <span class='ocrx_word' id='word_1_37' title='bbox 386 752 590 834; x_wconf 76' lang='lat' dir='ltr'><strong>virorumque</strong></span> <span class='ocrx_word' id='word_1_38' title='bbox 617 757 789 814; x_wconf 87' lang='lat' dir='ltr'><strong>sanctorum</strong></span> <span class='ocrx_word' id='word_1_39' title='bbox 817 755 947 835; x_wconf 87' lang='lat' dir='ltr'><strong>scripta,</strong></span> <span class='ocrx_word' id='word_1_40' title='bbox 970 753 1017 815; x_wconf 83' lang='lat' dir='ltr'><strong>vol</strong></span> 
     </span>
     <span class='ocr_line' id='line_1_8' title="bbox 67 839 1015 920; baseline 0.009 -25"><span class='ocrx_word' id='word_1_41' title='bbox 67 856 79 890; x_wconf 83' lang='lat' dir='ltr'><strong>a</strong></span> <span class='ocrx_word' id='word_1_42' title='bbox 99 839 231 920; x_wconf 81' lang='lat' dir='ltr'><strong>temporis</strong></span> <span class='ocrx_word' id='word_1_43' title='bbox 244 847 401 904; x_wconf 90' lang='lat' dir='ltr'><strong>centorum</strong></span> <span class='ocrx_word' id='word_1_44' title='bbox 420 859 571 904; x_wconf 88' lang='lat' dir='ltr'><strong>annorum</strong></span> <span class='ocrx_word' id='word_1_45' title='bbox 586 847 698 902; x_wconf 87' lang='lat' dir='ltr'><strong>metam</strong></span> <span class='ocrx_word' id='word_1_46' title='bbox 721 840 891 902; x_wconf 89' lang='lat' dir='ltr'><strong>excedentis</strong></span> <span class='ocrx_word' id='word_1_47' title='bbox 918 841 1015 904; x_wconf 90' lang='lat' dir='ltr'><strong>soien-</strong></span> 
     </span>
     <span class='ocr_line' id='line_1_9' title="bbox 67 924 1015 1012; baseline 0.006 -28"><span class='ocrx_word' id='word_1_48' title='bbox 67 946 78 978; x_wconf 76' lang='lat' dir='ltr'><strong>o</strong></span> <span class='ocrx_word' id='word_1_49' title='bbox 98 924 172 1004; x_wconf 90' lang='lat' dir='ltr'><strong>tiam,</strong></span> <span class='ocrx_word' id='word_1_50' title='bbox 184 929 414 992; x_wconf 86' lang='lat' dir='ltr'><strong>actolerantiam</strong></span> <span class='ocrx_word' id='word_1_51' title='bbox 429 929 514 994; x_wconf 91' lang='lat' dir='ltr'><strong>Sedis</strong></span> <span class='ocrx_word' id='word_1_52' title='bbox 526 929 764 1012; x_wconf 82' lang='lat' dir='ltr'><strong>Apostolicaeaut</strong></span> <span class='ocrx_word' id='word_1_53' title='bbox 776 929 1015 1006; x_wconf 90' lang='lat' dir='ltr'><strong>Ordinariorum‚</strong></span> 
     </span>
     <span class='ocr_line' id='line_1_10' title="bbox 65 1011 1016 1100; baseline 0.006 -28"><span class='ocrx_word' id='word_1_54' title='bbox 65 1033 77 1068; x_wconf 80' lang='lat' dir='ltr'><strong>a</strong></span> <span class='ocrx_word' id='word_1_55' title='bbox 97 1011 230 1079; x_wconf 88' lang='lat' dir='ltr'><strong>hactenus</strong></span> <span class='ocrx_word' id='word_1_56' title='bbox 241 1019 406 1100; x_wconf 78' lang='lat' dir='ltr'><strong>praestitum</strong></span> <span class='ocrx_word' id='word_1_57' title='bbox 419 1066 427 1098; x_wconf 96' lang='lat'><strong>,</strong></span> <span class='ocrx_word' id='word_1_58' title='bbox 443 1037 479 1082; x_wconf 87' lang='lat' dir='ltr'><strong>ae</strong></span> <span class='ocrx_word' id='word_1_59' title='bbox 492 1019 580 1081; x_wconf 88' lang='lat' dir='ltr'><strong>certis</strong></span> <span class='ocrx_word' id='word_1_60' title='bbox 593 1017 683 1080; x_wconf 91' lang='lat' dir='ltr'><strong>modo</strong></span> <span class='ocrx_word' id='word_1_61' title='bbox 693 1023 723 1080; x_wconf 92' lang='lat' dir='ltr'><strong>et</strong></span> <span class='ocrx_word' id='word_1_62' title='bbox 733 1017 829 1080; x_wconf 76' lang='lat' dir='ltr'><strong>formu</strong></span> <span class='ocrx_word' id='word_1_63' title='bbox 842 1017 880 1079; x_wconf 87' lang='lat' dir='ltr'><strong>ab</strong></span> <span class='ocrx_word' id='word_1_64' title='bbox 893 1035 930 1078; x_wconf 91' lang='lat' dir='ltr'><strong>eo</strong></span> <span class='ocrx_word' id='word_1_65' title='bbox 945 1024 1016 1078; x_wconf 82' lang='lat' dir='ltr'><strong>tem·</strong></span> 
     </span>
     <span class='ocr_line' id='line_1_11' title="bbox 66 1105 1016 1186; baseline 0.001 -21"><span class='ocrx_word' id='word_1_66' title='bbox 66 1122 78 1156; x_wconf 78' lang='lat' dir='ltr'><strong>a</strong></span> <span class='ocrx_word' id='word_1_67' title='bbox 99 1121 173 1182; x_wconf 88' lang='lat' dir='ltr'><strong>pore,</strong></span> <span class='ocrx_word' id='word_1_68' title='bbox 195 1105 237 1167; x_wconf 88' lang='lat' dir='ltr'><strong>eis</strong></span> <span class='ocrx_word' id='word_1_69' title='bbox 258 1105 435 1169; x_wconf 82' lang='lat' dir='ltr'><strong>exhibitum.</strong></span> <span class='ocrx_word' id='word_1_70' title='bbox 450 1108 576 1186; x_wconf 80' lang='lat' dir='ltr'><strong>Verium,</strong></span> <span class='ocrx_word' id='word_1_71' title='bbox 593 1107 616 1168; x_wconf 89' lang='lat' dir='ltr'><strong>si</strong></span> <span class='ocrx_word' id='word_1_72' title='bbox 633 1108 651 1169; x_wconf 76' lang='lat' dir='ltr'><strong>a</strong></span> <span class='ocrx_word' id='word_1_73' title='bbox 671 1113 794 1168; x_wconf 90' lang='lat' dir='ltr'><strong>centum</strong></span> <span class='ocrx_word' id='word_1_74' title='bbox 817 1105 905 1166; x_wconf 89' lang='lat' dir='ltr'><strong>annis</strong></span> <span class='ocrx_word' id='word_1_75' title='bbox 923 1105 1016 1180; x_wconf 90' lang='lat' dir='ltr'><strong>citra,</strong></span> 
     </span>
     <span class='ocr_line' id='line_1_12' title="bbox 66 1191 1017 1278; baseline 0.002 -27"><span class='ocrx_word' id='word_1_76' title='bbox 66 1210 76 1244; x_wconf 81' lang='lat' dir='ltr'><strong>r</strong></span> <span class='ocrx_word' id='word_1_77' title='bbox 97 1191 183 1255; x_wconf 91' lang='lat' dir='ltr'><strong>cultus</strong></span> <span class='ocrx_word' id='word_1_78' title='bbox 204 1193 376 1273; x_wconf 88' lang='lat' dir='ltr'><strong>hujusmodi</strong></span> <span class='ocrx_word' id='word_1_79' title='bbox 391 1195 492 1277; x_wconf 79' lang='lat' dir='ltr'><strong>aliquit</strong></span> <span class='ocrx_word' id='word_1_80' title='bbox 506 1215 544 1258; x_wconf 83' lang='lat' dir='ltr'><strong>ex</strong></span> <span class='ocrx_word' id='word_1_81' title='bbox 565 1202 649 1278; x_wconf 87' lang='lat' dir='ltr'><strong>parte</strong></span> <span class='ocrx_word' id='word_1_82' title='bbox 672 1195 838 1260; x_wconf 88' lang='lat' dir='ltr'><strong>constiterit</strong></span> <span class='ocrx_word' id='word_1_83' title='bbox 860 1197 966 1256; x_wconf 86' lang='lat' dir='ltr'><strong>auctus</strong></span> <span class='ocrx_word' id='word_1_84' title='bbox 989 1199 1017 1254; x_wconf 93' lang='lat' dir='ltr'><strong>et</strong></span> 
     </span>
     <span class='ocr_line' id='line_1_13' title="bbox 65 1281 1017 1367; baseline 0.003 -29"><span class='ocrx_word' id='word_1_85' title='bbox 65 1299 76 1332; x_wconf 81' lang='lat' dir='ltr'><strong>a</strong></span> <span class='ocrx_word' id='word_1_86' title='bbox 97 1287 243 1360; x_wconf 79' lang='lat' dir='ltr'><strong>extensus,</strong></span> <span class='ocrx_word' id='word_1_87' title='bbox 260 1300 400 1361; x_wconf 81' lang='lat' dir='ltr'><strong>occasu,</strong></span> <span class='ocrx_word' id='word_1_88' title='bbox 417 1285 507 1348; x_wconf 87' lang='lat' dir='ltr'><strong>Sacra</strong></span> <span class='ocrx_word' id='word_1_89' title='bbox 526 1285 631 1347; x_wconf 88' lang='lat' dir='ltr'><strong>eadem</strong></span> <span class='ocrx_word' id='word_1_90' title='bbox 653 1284 851 1367; x_wconf 78' lang='lat' dir='ltr'><strong>congregatio</strong></span> <span class='ocrx_word' id='word_1_91' title='bbox 875 1281 1017 1345; x_wconf 88' lang='lat' dir='ltr'><strong>eumdem</strong></span> 
     </span>
     <span class='ocr_line' id='line_1_14' title="bbox 65 1367 1018 1455; baseline 0.006 -29"><span class='ocrx_word' id='word_1_92' title='bbox 65 1386 76 1420; x_wconf 76' lang='lat' dir='ltr'><strong>a</strong></span> <span class='ocrx_word' id='word_1_93' title='bbox 97 1367 123 1427; x_wconf 93' lang='lat' dir='ltr'><strong>in</strong></span> <span class='ocrx_word' id='word_1_94' title='bbox 137 1369 294 1450; x_wconf 91' lang='lat' dir='ltr'><strong>pristinum</strong></span> <span class='ocrx_word' id='word_1_95' title='bbox 306 1370 408 1435; x_wconf 84' lang='lat' dir='ltr'><strong>reduci</strong></span> <span class='ocrx_word' id='word_1_96' title='bbox 424 1373 523 1451; x_wconf 80' lang='lat' dir='ltr'><strong>jubet,</strong></span> <span class='ocrx_word' id='word_1_97' title='bbox 549 1379 640 1455; x_wconf 91' lang='lat' dir='ltr'><strong>prout</strong></span> <span class='ocrx_word' id='word_1_98' title='bbox 658 1374 795 1455; x_wconf 90' lang='lat' dir='ltr'><strong>quemvis</strong></span> <span class='ocrx_word' id='word_1_99' title='bbox 806 1371 922 1434; x_wconf 89' lang='lat' dir='ltr'><strong>cultum</strong></span> <span class='ocrx_word' id='word_1_100' title='bbox 936 1376 1018 1432; x_wconf 84' lang='lat' dir='ltr'><strong>extra</strong></span> 
     </span>
     <span class='ocr_line' id='line_1_15' title="bbox 63 1460 1013 1542; baseline 0.004 -26"><span class='ocrx_word' id='word_1_101' title='bbox 63 1475 74 1510; x_wconf 83' lang='lat' dir='ltr'><strong>a</strong></span> <span class='ocrx_word' id='word_1_102' title='bbox 95 1474 172 1520; x_wconf 87' lang='lat' dir='ltr'><strong>casus</strong></span> <span class='ocrx_word' id='word_1_103' title='bbox 184 1460 343 1540; x_wconf 70' lang='lat' dir='ltr'><strong>praedictos</strong></span> <span class='ocrx_word' id='word_1_104' title='bbox 353 1460 390 1522; x_wconf 87' lang='lat' dir='ltr'><strong>ad</strong></span> <span class='ocrx_word' id='word_1_105' title='bbox 404 1480 544 1542; x_wconf 83' lang='lat' dir='ltr'><strong>expressa</strong></span> <span class='ocrx_word' id='word_1_106' title='bbox 558 1463 675 1524; x_wconf 80' lang='lat' dir='ltr'><strong>tantum</strong></span> <span class='ocrx_word' id='word_1_107' title='bbox 687 1461 845 1525; x_wconf 80' lang='lat' dir='ltr'><strong>verbaliter</strong></span> <span class='ocrx_word' id='word_1_108' title='bbox 871 1460 901 1522; x_wconf 94' lang='lat' dir='ltr'><strong>in</strong></span> <span class='ocrx_word' id='word_1_109' title='bbox 921 1461 1013 1540; x_wconf 73' lang='lat' dir='ltr'><strong>apos·</strong></span> 
     </span>
     <span class='ocr_line' id='line_1_16' title="bbox 63 1545 1015 1630; baseline 0.004 -26"><span class='ocrx_word' id='word_1_110' title='bbox 63 1564 75 1596; x_wconf 80' lang='lat' dir='ltr'><strong>a</strong></span> <span class='ocrx_word' id='word_1_111' title='bbox 95 1545 183 1609; x_wconf 90' lang='lat' dir='ltr'><strong>tolicis</strong></span> <span class='ocrx_word' id='word_1_112' title='bbox 193 1549 321 1611; x_wconf 91' lang='lat' dir='ltr'><strong>Indultis</strong></span> <span class='ocrx_word' id='word_1_113' title='bbox 336 1551 463 1612; x_wconf 81' lang='lat' dir='ltr'><strong>omnino</strong></span> <span class='ocrx_word' id='word_1_114' title='bbox 476 1551 607 1612; x_wconf 89' lang='lat' dir='ltr'><strong>revocari</strong></span> <span class='ocrx_word' id='word_1_115' title='bbox 622 1549 756 1628; x_wconf 90' lang='lat' dir='ltr'><strong>mandat,</strong></span> <span class='ocrx_word' id='word_1_116' title='bbox 768 1549 824 1612; x_wconf 93' lang='lat' dir='ltr'><strong>sub</strong></span> <span class='ocrx_word' id='word_1_117' title='bbox 834 1548 942 1630; x_wconf 77' lang='lat' dir='ltr'><strong>poeniS,</strong></span> <span class='ocrx_word' id='word_1_118' title='bbox 957 1553 1015 1610; x_wconf 87' lang='lat' dir='ltr'><strong>etc.</strong></span> 
     </span>
    </p>

    <p class='ocr_par' dir='ltr' id='par_1_4' title="bbox 62 1635 1018 1984">
     <span class='ocr_line' id='line_1_17' title="bbox 94 1635 1018 1718; baseline 0.002 -23"><span class='ocrx_word' id='word_1_119' title='bbox 94 1635 232 1698; x_wconf 76' lang='lat' dir='ltr'><strong>»Firmis</strong></span> <span class='ocrx_word' id='word_1_120' title='bbox 262 1655 383 1718; x_wconf 89' lang='lat' dir='ltr'><strong>quoque</strong></span> <span class='ocrx_word' id='word_1_121' title='bbox 408 1639 634 1700; x_wconf 83' lang='lat' dir='ltr'><strong>remanentibus</strong></span> <span class='ocrx_word' id='word_1_122' title='bbox 661 1638 811 1715; x_wconf 78' lang='lat' dir='ltr'><strong>Decretis,</strong></span> <span class='ocrx_word' id='word_1_123' title='bbox 840 1653 950 1717; x_wconf 89' lang='lat' dir='ltr'><strong>nempe</strong></span> <span class='ocrx_word' id='word_1_124' title='bbox 980 1655 1018 1698; x_wconf 90' lang='lat' dir='ltr'><strong>ne</strong></span> 
     </span>
     <span class='ocr_line' id='line_1_18' title="bbox 62 1721 1017 1806; baseline 0.005 -26"><span class='ocrx_word' id='word_1_125' title='bbox 62 1721 168 1784; x_wconf 78' lang='lat' dir='ltr'><strong>allecti</strong></span> <span class='ocrx_word' id='word_1_126' title='bbox 195 1725 225 1787; x_wconf 93' lang='lat' dir='ltr'><strong>in</strong></span> <span class='ocrx_word' id='word_1_127' title='bbox 250 1727 395 1788; x_wconf 86' lang='lat' dir='ltr'><strong>Patronus</strong></span> <span class='ocrx_word' id='word_1_128' title='bbox 418 1726 582 1806; x_wconf 80' lang='lat' dir='ltr'><strong>eligantur,</strong></span> <span class='ocrx_word' id='word_1_129' title='bbox 605 1745 643 1788; x_wconf 94' lang='lat' dir='ltr'><strong>ne</strong></span> <span class='ocrx_word' id='word_1_130' title='bbox 666 1744 771 1789; x_wconf 91' lang='lat' dir='ltr'><strong>eorum</strong></span> <span class='ocrx_word' id='word_1_131' title='bbox 790 1725 929 1788; x_wconf 89' lang='lat' dir='ltr'><strong>Natalitia</strong></span> <span class='ocrx_word' id='word_1_132' title='bbox 946 1741 1017 1786; x_wconf 91' lang='lat' dir='ltr'><strong>cum</strong></span> 
     </span>
     <span class='ocr_line' id='line_1_19' title="bbox 62 1811 1015 1896; baseline -0.001 -25"><span class='ocrx_word' id='word_1_133' title='bbox 62 1829 73 1864; x_wconf 79' lang='lat' dir='ltr'><strong>a</strong></span> <span class='ocrx_word' id='word_1_134' title='bbox 95 1811 202 1876; x_wconf 78' lang='lat' dir='ltr'><strong>(letaris</strong></span> <span class='ocrx_word' id='word_1_135' title='bbox 216 1813 425 1892; x_wconf 87' lang='lat' dir='ltr'><strong>celebrentur,</strong></span> <span class='ocrx_word' id='word_1_136' title='bbox 438 1816 539 1876; x_wconf 87' lang='lat' dir='ltr'><strong>etaliis</strong></span> <span class='ocrx_word' id='word_1_137' title='bbox 548 1813 789 1896; x_wconf 81' lang='lat' dir='ltr'><strong>quibuscumque</strong></span> <span class='ocrx_word' id='word_1_138' title='bbox 799 1817 816 1875; x_wconf 76' lang='lat' dir='ltr'><strong>a</strong></span> <span class='ocrx_word' id='word_1_139' title='bbox 827 1815 857 1875; x_wconf 86' lang='lat' dir='ltr'><strong>S.</strong></span> <span class='ocrx_word' id='word_1_140' title='bbox 869 1813 1015 1894; x_wconf 73' lang='lat' dir='ltr'><strong>congreg.</strong></span> 
     </span>
     <span class='ocr_line' id='line_1_20' title="bbox 62 1897 996 1984; baseline 0.004 -26"><span class='ocrx_word' id='word_1_141' title='bbox 62 1918 72 1952; x_wconf 83' lang='lat' dir='ltr'><strong>r</strong></span> <span class='ocrx_word' id='word_1_142' title='bbox 93 1897 229 1964; x_wconf 86' lang='lat' dir='ltr'><strong>hactenus</strong></span> <span class='ocrx_word' id='word_1_143' title='bbox 244 1904 408 1979; x_wconf 76' lang='lat' dir='ltr'><strong>emunctis,</strong></span> <span class='ocrx_word' id='word_1_144' title='bbox 425 1922 492 1984; x_wconf 77' lang='lat' dir='ltr'><strong>quar</strong></span> <span class='ocrx_word' id='word_1_145' title='bbox 508 1903 646 1983; x_wconf 85' lang='lat' dir='ltr'><strong>praesenti</strong></span> <span class='ocrx_word' id='word_1_146' title='bbox 660 1905 785 1965; x_wconf 85' lang='lat' dir='ltr'><strong>Decreta</strong></span> <span class='ocrx_word' id='word_1_147' title='bbox 804 1909 996 1964; x_wconf 88' lang='lat' dir='ltr'><strong>renovantur.</strong></span> 
     </span>
    </p>

    <p class='ocr_par' dir='ltr' id='par_1_5' title="bbox 62 1990 1019 2156">
     <span class='ocr_line' id='line_1_21' title="bbox 94 1990 1019 2072; baseline 0.004 -22"><span class='ocrx_word' id='word_1_148' title='bbox 94 2009 143 2049; x_wconf 81' lang='lat' dir='ltr'><strong>r...</strong></span> <span class='ocrx_word' id='word_1_149' title='bbox 159 1992 305 2053; x_wconf 81' lang='lat' dir='ltr'><strong>Sanctitas</strong></span> <span class='ocrx_word' id='word_1_150' title='bbox 329 1993 389 2053; x_wconf 85' lang='lat' dir='ltr'><strong>Sua</strong></span> <span class='ocrx_word' id='word_1_151' title='bbox 404 2009 439 2052; x_wconf 86' lang='lat' dir='ltr'><strong>ea</strong></span> <span class='ocrx_word' id='word_1_152' title='bbox 459 1990 632 2072; x_wconf 87' lang='lat' dir='ltr'><strong>approbavit</strong></span> <span class='ocrx_word' id='word_1_153' title='bbox 645 1996 676 2052; x_wconf 93' lang='lat' dir='ltr'><strong>et</strong></span> <span class='ocrx_word' id='word_1_154' title='bbox 695 2009 750 2072; x_wconf 90' lang='lat' dir='ltr'><strong>pro</strong></span> <span class='ocrx_word' id='word_1_155' title='bbox 771 1990 947 2054; x_wconf 71' lang='lat' dir='ltr'><strong>omnimode</strong></span> <span class='ocrx_word' id='word_1_156' title='bbox 970 2009 1019 2054; x_wconf 93' lang='lat' dir='ltr'><strong>eo·</strong></span> 
     </span>
     <span class='ocr_line' id='line_1_22' title="bbox 62 2077 757 2156; baseline 0.004 -21"><span class='ocrx_word' id='word_1_157' title='bbox 62 2095 73 2130; x_wconf 79' lang='lat' dir='ltr'><strong>r</strong></span> <span class='ocrx_word' id='word_1_158' title='bbox 96 2079 228 2141; x_wconf 85' lang='lat' dir='ltr'><strong>runulenr</strong></span> <span class='ocrx_word' id='word_1_159' title='bbox 244 2079 451 2140; x_wconf 81' lang='lat' dir='ltr'><strong>observatione</strong></span> <span class='ocrx_word' id='word_1_160' title='bbox 462 2077 630 2156; x_wconf 84' lang='lat' dir='ltr'><strong>mandauit,</strong></span> <span class='ocrx_word' id='word_1_161' title='bbox 646 2085 730 2142; x_wconf 89' lang='lat' dir='ltr'><strong>etc...</strong></span> <span class='ocrx_word' id='word_1_162' title='bbox 742 2101 757 2138; x_wconf 83' lang='lat' dir='ltr'><strong>n</strong></span> 
     </span>
    </p>

    <p class='ocr_par' dir='ltr' id='par_1_6' title="bbox 61 2165 1017 2338">
     <span class='ocr_line' id='line_1_23' title="bbox 93 2165 1017 2252; baseline 0.009 -28"><span class='ocrx_word' id='word_1_163' title='bbox 93 2169 175 2230; x_wconf 70' lang='lat'><strong>4880.</strong></span> <span class='ocrx_word' id='word_1_164' title='bbox 199 2165 343 2240; x_wconf 86' lang='lat' dir='ltr'><strong>Quaedam</strong></span> <span class='ocrx_word' id='word_1_165' title='bbox 366 2167 512 2229; x_wconf 89' lang='lat' dir='ltr'><strong>declarata</strong></span> <span class='ocrx_word' id='word_1_166' title='bbox 534 2165 674 2247; x_wconf 87' lang='lat' dir='ltr'><strong>luerunt,</strong></span> <span class='ocrx_word' id='word_1_167' title='bbox 689 2186 769 2232; x_wconf 89' lang='lat' dir='ltr'><strong>anno</strong></span> <span class='ocrx_word' id='word_1_168' title='bbox 792 2169 948 2250; x_wconf 86' lang='lat' dir='ltr'><strong>sequenti,</strong></span> <span class='ocrx_word' id='word_1_169' title='bbox 963 2187 1017 2252; x_wconf 92' lang='lat' dir='ltr'><strong>pro</strong></span> 
     </span>
     <span class='ocr_line' id='line_1_24' title="bbox 61 2254 928 2338; baseline 0.009 -27"><span class='ocrx_word' id='word_1_170' title='bbox 61 2254 412 2336; x_wconf 77' lang='lat' dir='ltr'><strong>intelligentiasupradieti</strong></span> <span class='ocrx_word' id='word_1_171' title='bbox 427 2257 541 2318; x_wconf 86' lang='lat' dir='ltr'><strong>Decreti</strong></span> <span class='ocrx_word' id='word_1_172' title='bbox 559 2275 566 2316; x_wconf 93' lang='lat'>:</span> <span class='ocrx_word' id='word_1_173' title='bbox 583 2257 744 2338; x_wconf 77' lang='lat' dir='ltr'><strong>quesitum</strong></span> <span class='ocrx_word' id='word_1_174' title='bbox 758 2259 840 2320; x_wconf 91' lang='lat' dir='ltr'><strong>enim</strong></span> <span class='ocrx_word' id='word_1_175' title='bbox 854 2259 928 2321; x_wconf 88' lang='lat' dir='ltr'><strong>suit:</strong></span> 
     </span>
    </p>

    <p class='ocr_par' dir='ltr' id='par_1_7' title="bbox 60 2343 1019 2676">
     <span class='ocr_line' id='line_1_25' title="bbox 96 2343 1019 2427; baseline 0.008 -26"><span class='ocrx_word' id='word_1_176' title='bbox 96 2363 110 2401; x_wconf 81' lang='lat' dir='ltr'><strong>r</strong></span> <span class='ocrx_word' id='word_1_177' title='bbox 130 2349 158 2406; x_wconf 80' lang='grc' dir='ltr'><strong>1ο</strong></span> <span class='ocrx_word' id='word_1_178' title='bbox 183 2349 228 2406; x_wconf 78' lang='lat' dir='ltr'><strong>An</strong></span> <span class='ocrx_word' id='word_1_179' title='bbox 244 2343 296 2406; x_wconf 91' lang='lat' dir='ltr'><strong>ubi</strong></span> <span class='ocrx_word' id='word_1_180' title='bbox 308 2343 461 2406; x_wconf 83' lang='lat' dir='ltr'><strong>lndultuna</strong></span> <span class='ocrx_word' id='word_1_181' title='bbox 480 2343 568 2406; x_wconf 90' lang='lat' dir='ltr'><strong>luerit</strong></span> <span class='ocrx_word' id='word_1_182' title='bbox 583 2351 617 2408; x_wconf 92' lang='lat' dir='ltr'><strong>ut</strong></span> <span class='ocrx_word' id='word_1_183' title='bbox 637 2345 727 2408; x_wconf 88' lang='lat' dir='ltr'><strong>missa</strong></span> <span class='ocrx_word' id='word_1_184' title='bbox 748 2346 786 2408; x_wconf 91' lang='lat' dir='ltr'><strong>de</strong></span> <span class='ocrx_word' id='word_1_185' title='bbox 804 2347 903 2427; x_wconf 91' lang='lat' dir='ltr'><strong>aliquo</strong></span> <span class='ocrx_word' id='word_1_186' title='bbox 927 2347 1019 2408; x_wconf 90' lang='lat' dir='ltr'><strong>Beato</strong></span> 
     </span>
     <span class='ocr_line' id='line_1_26' title="bbox 60 2431 1019 2516; baseline 0.001 -22"><span class='ocrx_word' id='word_1_187' title='bbox 60 2451 71 2487; x_wconf 81' lang='lat' dir='ltr'><strong>r</strong></span> <span class='ocrx_word' id='word_1_188' title='bbox 92 2431 272 2510; x_wconf 85' lang='lat' dir='ltr'><strong>celebretur,</strong></span> <span class='ocrx_word' id='word_1_189' title='bbox 287 2431 377 2494; x_wconf 87' lang='lat' dir='ltr'><strong>liceat</strong></span> <span class='ocrx_word' id='word_1_190' title='bbox 393 2434 458 2512; x_wconf 88' lang='lat' dir='ltr'><strong>ejus</strong></span> <span class='ocrx_word' id='word_1_191' title='bbox 477 2433 641 2516; x_wconf 81' lang='lat' dir='ltr'><strong>imaginem</strong></span> <span class='ocrx_word' id='word_1_192' title='bbox 665 2441 694 2496; x_wconf 92' lang='lat' dir='ltr'><strong>et</strong></span> <span class='ocrx_word' id='word_1_193' title='bbox 713 2435 908 2496; x_wconf 89' lang='lat' dir='ltr'><strong>simulacrum</strong></span> <span class='ocrx_word' id='word_1_194' title='bbox 930 2452 1019 2514; x_wconf 89' lang='lat' dir='ltr'><strong>super</strong></span> 
     </span>
     <span class='ocr_line' id='line_1_27' title="bbox 60 2519 1019 2603; baseline 0.008 -29"><span class='ocrx_word' id='word_1_195' title='bbox 60 2541 72 2574; x_wconf 74' lang='lat' dir='ltr'><strong>r</strong></span> <span class='ocrx_word' id='word_1_196' title='bbox 93 2519 169 2582; x_wconf 85' lang='lat' dir='ltr'><strong>altari</strong></span> <span class='ocrx_word' id='word_1_197' title='bbox 185 2537 356 2603; x_wconf 85' lang='lat' dir='ltr'><strong>exponere,</strong></span> <span class='ocrx_word' id='word_1_198' title='bbox 372 2539 492 2586; x_wconf 87' lang='lat' dir='ltr'><strong>necnon</strong></span> <span class='ocrx_word' id='word_1_199' title='bbox 520 2523 630 2584; x_wconf 83' lang='lat' dir='ltr'><strong>votivas</strong></span> <span class='ocrx_word' id='word_1_200' title='bbox 644 2521 767 2584; x_wconf 84' lang='lat' dir='ltr'><strong>tabellas</strong></span> <span class='ocrx_word' id='word_1_201' title='bbox 782 2520 894 2583; x_wconf 86' lang='lat' dir='ltr'><strong>ibidem</strong></span> <span class='ocrx_word' id='word_1_202' title='bbox 909 2538 1019 2601; x_wconf 86' lang='lat' dir='ltr'><strong>uppen-</strong></span> 
     </span>
     <span class='ocr_line' id='line_1_28' title="bbox 60 2608 644 2676; baseline 0.017 -10"><span class='ocrx_word' id='word_1_203' title='bbox 60 2627 71 2663; x_wconf 82' lang='lat' dir='ltr'><strong>r</strong></span> <span class='ocrx_word' id='word_1_204' title='bbox 93 2608 170 2672; x_wconf 88' lang='lat' dir='ltr'><strong>dere.</strong></span> <span class='ocrx_word' id='word_1_205' title='bbox 642 2671 644 2676; x_wconf 90' lang='lat'><em>.</em></span> 
     </span>
    </p>

    <p class='ocr_par' dir='ltr' id='par_1_8' title="bbox 62 2695 1020 2862">
     <span class='ocr_line' id='line_1_29' title="bbox 93 2695 1020 2777; baseline 0.006 -23"><span class='ocrx_word' id='word_1_206' title='bbox 93 2720 107 2755; x_wconf 82' lang='lat' dir='ltr'><strong>n</strong></span> <span class='ocrx_word' id='word_1_207' title='bbox 129 2701 159 2759; x_wconf 75' lang='lat'><strong>2⁰</strong></span> <span class='ocrx_word' id='word_1_208' title='bbox 182 2702 229 2758; x_wconf 83' lang='lat' dir='ltr'><strong>An</strong></span> <span class='ocrx_word' id='word_1_209' title='bbox 243 2696 262 2776; x_wconf 61' lang='grc' dir='ltr'>ᾖ</span> <span class='ocrx_word' id='word_1_210' title='bbox 276 2695 344 2757; x_wconf 77' lang='lat' dir='ltr'><strong>Dies</strong></span> <span class='ocrx_word' id='word_1_211' title='bbox 356 2696 427 2777; x_wconf 83' lang='lat' dir='ltr'><strong>sesti</strong></span> <span class='ocrx_word' id='word_1_212' title='bbox 440 2697 471 2756; x_wconf 85' lang='lat' dir='ltr'><strong>in</strong></span> <span class='ocrx_word' id='word_1_213' title='bbox 487 2712 650 2758; x_wconf 74' lang='lat' dir='ltr'><strong>caurorum</strong></span> <span class='ocrx_word' id='word_1_214' title='bbox 664 2695 799 2759; x_wconf 80' lang='lat' dir='ltr'><strong>bonorem</strong></span> <span class='ocrx_word' id='word_1_215' title='bbox 812 2715 869 2758; x_wconf 84' lang='lat' dir='ltr'><strong>acu</strong></span> <span class='ocrx_word' id='word_1_216' title='bbox 881 2696 1020 2760; x_wconf 64' lang='lat' dir='ltr'><strong>celeberr-</strong></span> 
     </span>
     <span class='ocr_line' id='line_1_30' title="bbox 62 2783 680 2862; baseline 0.01 -22"><span class='ocrx_word' id='word_1_217' title='bbox 62 2801 73 2840; x_wconf 84' lang='lat' dir='ltr'><strong>r</strong></span> <span class='ocrx_word' id='word_1_218' title='bbox 96 2793 157 2862; x_wconf 80' lang='lat' dir='ltr'><strong>tur,</strong></span> <span class='ocrx_word' id='word_1_219' title='bbox 173 2783 352 2848; x_wconf 80' lang='lat' dir='ltr'><strong>extendatur</strong></span> <span class='ocrx_word' id='word_1_220' title='bbox 366 2783 403 2845; x_wconf 90' lang='lat' dir='ltr'><strong>ad</strong></span> <span class='ocrx_word' id='word_1_221' title='bbox 418 2783 491 2846; x_wconf 85' lang='lat' dir='ltr'><strong>leste</strong></span> <span class='ocrx_word' id='word_1_222' title='bbox 504 2783 680 2846; x_wconf 89' lang='lat' dir='ltr'><strong>devotionis.</strong></span> 
     </span>
    </p>

    <p class='ocr_par' dir='ltr' id='par_1_9' title="bbox 60 2871 1020 3131">
     <span class='ocr_line' id='line_1_31' title="bbox 94 2871 1019 2952; baseline 0.01 -21"><span class='ocrx_word' id='word_1_223' title='bbox 94 2896 108 2931; x_wconf 80' lang='lat' dir='ltr'><strong>n</strong></span> <span class='ocrx_word' id='word_1_224' title='bbox 131 2877 163 2935; x_wconf 77' lang='grc' dir='ltr'><strong>3ο</strong></span> <span class='ocrx_word' id='word_1_225' title='bbox 186 2878 233 2935; x_wconf 82' lang='grc' dir='ltr'><strong>Αη</strong></span> <span class='ocrx_word' id='word_1_226' title='bbox 248 2872 363 2935; x_wconf 89' lang='lat' dir='ltr'><strong>indulta</strong></span> <span class='ocrx_word' id='word_1_227' title='bbox 376 2872 517 2934; x_wconf 89' lang='lat' dir='ltr'><strong>recitandi</strong></span> <span class='ocrx_word' id='word_1_228' title='bbox 532 2871 743 2936; x_wconf 88' lang='lat' dir='ltr'><strong>officiumoum</strong></span> <span class='ocrx_word' id='word_1_229' title='bbox 757 2872 865 2936; x_wconf 70' lang='lat' dir='ltr'><strong>Oetam</strong></span> <span class='ocrx_word' id='word_1_230' title='bbox 876 2921 885 2952; x_wconf 95' lang='lat'><strong>,</strong></span> <span class='ocrx_word' id='word_1_231' title='bbox 898 2873 944 2937; x_wconf 83' lang='lat' dir='ltr'><strong>uel</strong></span> <span class='ocrx_word' id='word_1_232' title='bbox 955 2875 1019 2941; x_wconf 76' lang='lat' dir='ltr'><strong>sinc</strong></span> 
     </span>
     <span class='ocr_line' id='line_1_32' title="bbox 61 2961 1020 3040; baseline 0.013 -22"><span class='ocrx_word' id='word_1_233' title='bbox 61 2979 74 3018; x_wconf 83' lang='lat' dir='ltr'><strong>n</strong></span> <span class='ocrx_word' id='word_1_234' title='bbox 95 2961 212 3040; x_wconf 76' lang='lat' dir='ltr'><strong>Octava,</strong></span> <span class='ocrx_word' id='word_1_235' title='bbox 227 2967 258 3024; x_wconf 89' lang='lat' dir='ltr'><strong>et</strong></span> <span class='ocrx_word' id='word_1_236' title='bbox 270 2961 440 3024; x_wconf 86' lang='lat' dir='ltr'><strong>celebrandi</strong></span> <span class='ocrx_word' id='word_1_237' title='bbox 454 2961 577 3022; x_wconf 91' lang='lat' dir='ltr'><strong>missam</strong></span> <span class='ocrx_word' id='word_1_238' title='bbox 591 2961 628 3023; x_wconf 87' lang='lat' dir='ltr'><strong>de</strong></span> <span class='ocrx_word' id='word_1_239' title='bbox 644 2961 742 3024; x_wconf 87' lang='lat' dir='ltr'><strong>Beatis</strong></span> <span class='ocrx_word' id='word_1_240' title='bbox 755 2961 866 3026; x_wconf 84' lang='lat' dir='ltr'><strong>fuerint</strong></span> <span class='ocrx_word' id='word_1_241' title='bbox 885 2973 1020 3030; x_wconf 87' lang='lat' dir='ltr'><strong>revocata</strong></span> 
     </span>
     <span class='ocr_line' id='line_1_33' title="bbox 60 3049 723 3131; baseline 0.011 -26"><span class='ocrx_word' id='word_1_242' title='bbox 60 3070 73 3105; x_wconf 77' lang='lat' dir='ltr'><strong>a</strong></span> <span class='ocrx_word' id='word_1_243' title='bbox 95 3069 146 3131; x_wconf 89' lang='lat' dir='ltr'><strong>per</strong></span> <span class='ocrx_word' id='word_1_244' title='bbox 161 3049 278 3112; x_wconf 88' lang='lat' dir='ltr'><strong>dictum</strong></span> <span class='ocrx_word' id='word_1_245' title='bbox 292 3051 450 3112; x_wconf 87' lang='lat' dir='ltr'><strong>Decretum</strong></span> <span class='ocrx_word' id='word_1_246' title='bbox 466 3050 723 3131; x_wconf 76' lang='lat' dir='ltr'><strong>congregationis.</strong></span> 
     </span>
    </p>

    <p class='ocr_par' dir='ltr' id='par_1_10' title="bbox 60 3136 1020 3396">
     <span class='ocr_line' id='line_1_34' title="bbox 95 3136 1020 3218; baseline 0.012 -22"><span class='ocrx_word' id='word_1_247' title='bbox 95 3161 109 3196; x_wconf 83' lang='lat' dir='ltr'><strong>o</strong></span> <span class='ocrx_word' id='word_1_248' title='bbox 131 3142 162 3200; x_wconf 71' lang='lat'><strong>4⁰</strong></span> <span class='ocrx_word' id='word_1_249' title='bbox 184 3139 232 3199; x_wconf 79' lang='lat' dir='ltr'><strong>An</strong></span> <span class='ocrx_word' id='word_1_250' title='bbox 254 3139 285 3198; x_wconf 90' lang='lat' dir='ltr'><strong>in</strong></span> <span class='ocrx_word' id='word_1_251' title='bbox 311 3137 461 3208; x_wconf 85' lang='lat' dir='ltr'><strong>ecclesiis,</strong></span> <span class='ocrx_word' id='word_1_252' title='bbox 478 3136 508 3198; x_wconf 93' lang='lat' dir='ltr'><strong>in</strong></span> <span class='ocrx_word' id='word_1_253' title='bbox 535 3138 646 3218; x_wconf 89' lang='lat' dir='ltr'><strong>quibus</strong></span> <span class='ocrx_word' id='word_1_254' title='bbox 671 3137 802 3202; x_wconf 86' lang='lat' dir='ltr'><strong>officium</strong></span> <span class='ocrx_word' id='word_1_255' title='bbox 824 3145 853 3203; x_wconf 92' lang='lat' dir='ltr'><strong>et</strong></span> <span class='ocrx_word' id='word_1_256' title='bbox 870 3141 961 3204; x_wconf 88' lang='lat' dir='ltr'><strong>missa</strong></span> <span class='ocrx_word' id='word_1_257' title='bbox 982 3144 1020 3208; x_wconf 91' lang='lat' dir='ltr'><strong>de</strong></span> 
     </span>
     <span class='ocr_line' id='line_1_35' title="bbox 60 3225 1019 3311; baseline 0.013 -27"><span class='ocrx_word' id='word_1_258' title='bbox 60 3227 190 3289; x_wconf 79' lang='lat' dir='ltr'><strong>rBeatis</strong></span> <span class='ocrx_word' id='word_1_259' title='bbox 210 3226 326 3288; x_wconf 89' lang='lat' dir='ltr'><strong>recitari</strong></span> <span class='ocrx_word' id='word_1_260' title='bbox 349 3243 385 3288; x_wconf 90' lang='lat' dir='ltr'><strong>ac</strong></span> <span class='ocrx_word' id='word_1_261' title='bbox 409 3226 572 3306; x_wconf 80' lang='lat' dir='ltr'><strong>respective</strong></span> <span class='ocrx_word' id='word_1_262' title='bbox 596 3225 739 3290; x_wconf 88' lang='lat' dir='ltr'><strong>celebrari</strong></span> <span class='ocrx_word' id='word_1_263' title='bbox 762 3236 906 3311; x_wconf 90' lang='lat' dir='ltr'><strong>possunt,</strong></span> <span class='ocrx_word' id='word_1_264' title='bbox 931 3230 1019 3296; x_wconf 87' lang='lat' dir='ltr'><strong>liceat</strong></span> 
     </span>
     <span class='ocr_line' id='line_1_36' title="bbox 60 3315 543 3396; baseline 0.01 -25"><span class='ocrx_word' id='word_1_265' title='bbox 60 3333 74 3371; x_wconf 75' lang='lat' dir='ltr'><strong>a</strong></span> <span class='ocrx_word' id='word_1_266' title='bbox 96 3333 202 3378; x_wconf 88' lang='lat' dir='ltr'><strong>eorum</strong></span> <span class='ocrx_word' id='word_1_267' title='bbox 218 3315 370 3396; x_wconf 79' lang='lat' dir='ltr'><strong>Reliquias</strong></span> <span class='ocrx_word' id='word_1_268' title='bbox 383 3331 543 3396; x_wconf 85' lang='lat' dir='ltr'><strong>exponere.</strong></span> 
     </span>
    </p>

    <p class='ocr_par' dir='ltr' id='par_1_11' title="bbox 61 3403 1022 3660">
     <span class='ocr_line' id='line_1_37' title="bbox 95 3403 1018 3489; baseline 0.011 -29"><span class='ocrx_word' id='word_1_269' title='bbox 95 3426 109 3460; x_wconf 79' lang='lat' dir='ltr'><strong>n</strong></span> <span class='ocrx_word' id='word_1_270' title='bbox 132 3408 165 3466; x_wconf 80' lang='lat'><strong>5⁰</strong></span> <span class='ocrx_word' id='word_1_271' title='bbox 188 3406 235 3465; x_wconf 79' lang='lat' dir='ltr'><strong>Aa</strong></span> <span class='ocrx_word' id='word_1_272' title='bbox 244 3403 383 3484; x_wconf 83' lang='lat' dir='ltr'><strong>Episcopi</strong></span> <span class='ocrx_word' id='word_1_273' title='bbox 397 3403 566 3482; x_wconf 83' lang='lat' dir='ltr'><strong>regulares,</strong></span> <span class='ocrx_word' id='word_1_274' title='bbox 581 3403 633 3484; x_wconf 90' lang='lat' dir='ltr'><strong>qui</strong></span> <span class='ocrx_word' id='word_1_275' title='bbox 649 3423 686 3470; x_wconf 85' lang='lat' dir='ltr'><strong>err</strong></span> <span class='ocrx_word' id='word_1_276' title='bbox 694 3405 813 3469; x_wconf 89' lang='lat' dir='ltr'><strong>Indulto</strong></span> <span class='ocrx_word' id='word_1_277' title='bbox 821 3406 907 3469; x_wconf 90' lang='lat' dir='ltr'><strong>Sedis</strong></span> <span class='ocrx_word' id='word_1_278' title='bbox 922 3412 1018 3489; x_wconf 86' lang='lat' dir='ltr'><strong>Apos-</strong></span> 
     </span>
     <span class='ocr_line' id='line_1_38' title="bbox 61 3491 1022 3575; baseline 0.009 -29"><span class='ocrx_word' id='word_1_279' title='bbox 61 3509 75 3546; x_wconf 72' lang='grc' dir='ltr'><strong>ι</strong></span> <span class='ocrx_word' id='word_1_280' title='bbox 96 3491 191 3554; x_wconf 82' lang='lat' dir='ltr'><strong>tolieae</strong></span> <span class='ocrx_word' id='word_1_281' title='bbox 206 3491 335 3572; x_wconf 83' lang='lat' dir='ltr'><strong>gaudent</strong></span> <span class='ocrx_word' id='word_1_282' title='bbox 349 3491 579 3572; x_wconf 84' lang='lat' dir='ltr'><strong>privilegiissuae</strong></span> <span class='ocrx_word' id='word_1_283' title='bbox 587 3491 751 3575; x_wconf 83' lang='lat' dir='ltr'><strong>Religionis</strong></span> <span class='ocrx_word' id='word_1_284' title='bbox 763 3493 818 3573; x_wconf 91' lang='lat' dir='ltr'><strong>,de</strong></span> <span class='ocrx_word' id='word_1_285' title='bbox 827 3495 938 3575; x_wconf 91' lang='lat' dir='ltr'><strong>quibus</strong></span> <span class='ocrx_word' id='word_1_286' title='bbox 951 3506 1022 3556; x_wconf 86' lang='lat' dir='ltr'><strong>sunt</strong></span> 
     </span>
     <span class='ocr_line' id='line_1_39' title="bbox 62 3578 1021 3660; baseline 0.002 -22"><span class='ocrx_word' id='word_1_287' title='bbox 62 3595 75 3630; x_wconf 80' lang='lat' dir='ltr'><strong>r</strong></span> <span class='ocrx_word' id='word_1_288' title='bbox 97 3595 223 3660; x_wconf 79' lang='lat' dir='ltr'><strong>capaces</strong></span> <span class='ocrx_word' id='word_1_289' title='bbox 235 3597 289 3660; x_wconf 92' lang='lat' dir='ltr'><strong>pro</strong></span> <span class='ocrx_word' id='word_1_290' title='bbox 302 3597 408 3642; x_wconf 88' lang='lat' dir='ltr'><strong>eorum</strong></span> <span class='ocrx_word' id='word_1_291' title='bbox 421 3578 592 3641; x_wconf 89' lang='lat' dir='ltr'><strong>conditione</strong></span> <span class='ocrx_word' id='word_1_292' title='bbox 606 3582 722 3656; x_wconf 89' lang='lat' dir='ltr'><strong>possint</strong></span> <span class='ocrx_word' id='word_1_293' title='bbox 735 3582 772 3641; x_wconf 91' lang='lat' dir='ltr'><strong>de</strong></span> <span class='ocrx_word' id='word_1_294' title='bbox 788 3582 884 3640; x_wconf 74' lang='lat' dir='ltr'><strong>[tentia</strong></span> <span class='ocrx_word' id='word_1_295' title='bbox 900 3597 963 3640; x_wconf 78' lang='lat' dir='ltr'><strong>euae</strong></span> <span class='ocrx_word' id='word_1_296' title='bbox 977 3598 1021 3640; x_wconf 85' lang='lat' dir='ltr'><strong>re·</strong></span> 
     </span>
    </p>
   </div>
   <div class='ocr_carea' id='block_1_3' title="bbox 0 0 1212 3954">
    <p class='ocr_par' dir='ltr' id='par_1_12' title="bbox 0 0 1212 3954">
     <span class='ocr_line' id='line_1_40' title="bbox 0 0 1212 3954; baseline 0 0"><span class='ocrx_word' id='word_1_297' title='bbox 0 0 1212 3954; x_wconf 95' lang='lat' dir='ltr'><strong> </strong></span> 
     </span>
    </p>
   </div>
  </div>
 </body>
</html>
