2462 3972
224 194 284 254 oltt
449 204 588 249 sannaus
609 201 709 248 rarius
729 201 812 248 runis
832 199 981 248 canonici.

264 306 353 365 52⁴4.
376 299 497 374 Quaerit.
513 301 547 361 l⁰
567 301 614 362 rln
636 299 728 362 modo
747 299 917 362 enumerati
937 301 1023 382 Papa
1046 297 1203 366 inferiores

225 391 338 473 possint
351 389 524 472 dispensare
539 389 570 451 in
583 388 727 452 omnibus
739 385 847 449 votis?-

264 481 353 561 llesp.
369 479 461 541 Posse
475 477 543 562 illos
556 477 731 560 dispensare
748 477 779 538 in
794 474 937 538 omnibus
951 477 1054 554 rotis,
1075 485 1204 562 exceptis

224 568 359 650 quinque
368 567 458 649 Papae
465 567 637 630 reservatis:
649 565 787 628 videlicet
796 564 871 627 votis
879 564 1025 628 castitatis
1037 579 1202 650 perpetua,

224 656 388 738 Religionis
401 656 594 738 approbatae,
609 653 859 738 peregrinationis
872 653 911 716 ad
932 654 1053 716 limina
1075 661 1203 738 Aposto-

225 745 341 820 lorum,
357 745 395 808 ad
416 747 448 808 S.
467 745 614 808 tacobnm
633 741 909 825 compostellanum
931 749 963 805 et
978 743 1020 806 ad
1033 745 1202 808 lamsalem

225 852 280 916 pro
301 834 460 916 sepulchro
485 831 593 896 Christi
613 830 779 895 visitando:
796 831 826 894 id
846 838 965 894 constat
984 834 1050 894 tdrn
1076 853 1116 895 ex
1137 853 1200 916 cap.

226 923 280 988 Ec
293 923 387 984 multo
400 928 440 1000 9,
468 922 502 984 de
525 929 609 1000 voto,
632 922 726 1002 quarn
746 939 784 984 ex
804 919 1026 983 consuetudine
1042 939 1051 980 :
1068 921 1102 982 in
1122 923 1202 986 dictis

226 1013 362 1096 quinque
384 1013 459 1074 votis
482 1013 561 1092 Papa
583 1008 741 1074 interiores
762 1009 937 1090 dispensare
962 1019 1126 1091 nequeunt
1150 1011 1205 1073 nisi

226 1121 261 1166 ex
278 1101 440 1164 indultos.
457 1099 562 1178 Sedis,
586 1105 616 1162 et
628 1098 782 1161 concessio
795 1097 887 1160 debet
898 1115 964 1160 esse
978 1117 1146 1180 expressa,
1162 1099 1203 1158 tel

227 1192 332 1256 saltem
346 1189 493 1252 contineri
507 1189 538 1250 in
551 1189 683 1270 generali
698 1187 831 1250 clausule
844 1191 905 1268 qud
924 1186 994 1248 talis
1009 1188 1140 1250 facultas
1153 1209 1201 1252 ex·

228 1281 329 1361 presse
343 1278 544 1341 concedatur:
560 1279 600 1339 ita
614 1295 651 1338 ex
665 1279 783 1339 Extrav.
798 1276 873 1338 Etsi
885 1275 1030 1337 dominici
1041 1281 1074 1348 5,
1087 1279 1134 1340 De
1145 1279 1203 1340 Pa

227 1368 284 1430 nit.
299 1377 329 1431 et
341 1368 453 1429 remiss.
465 1369 538 1428 Data
547 1365 778 1428 lamenlacullas
787 1363 983 1448 dispensandi
993 1365 1204 1446 inreserratis,

227 1456 265 1520 de
279 1454 421 1519 omnibus
442 1461 487 1518 est
509 1453 703 1536 intelligenda
724 1453 847 1536 quando
870 1453 991 1516 nullum
1004 1461 1115 1518 votum
1128 1458 1226 1538 esci-¹

227 1545 318 1628 pitur.

267 1639 358 1699 tiolo.
375 1635 456 1700 Noto
471 1637 501 1696 l·
524 1631 608 1716 qudd
626 1631 767 1714 Episcopi
787 1637 817 1694 et
838 1631 1045 1714 episcopalem
1067 1634 1205 1714 jurisdic·
1225 1607 1226 1676 i

228 1724 342 1788 tionem
356 1723 499 1787 habentes
512 1722 628 1805 possint
641 1721 673 1782 in
697 1719 826 1802 praelatis
845 1719 919 1783 votis
941 1719 1143 1803 dispensare,
1158 1743 1206 1786 ne

230 1815 366 1878 cessitate
379 1820 526 1897 urgente,
550 1812 575 1875 si
598 1809 692 1873 facilis
712 1809 832 1872 nonsit
853 1827 992 1872 accessus
1014 1810 1057 1872 ad
1078 1813 1206 1894 Papam:

230 1899 259 1966 νζ
274 1925 304 1986 g.
321 1905 345 1966 si
360 1903 391 1966 in
405 1907 490 1966 mort
503 1901 540 1964 sit
553 1898 720 1984 periculum
734 1899 831 1980 gravis
850 1897 953 1960 damni
969 1946 978 1976 ,
994 1901 1060 1964 sive
1075 1903 1207 1984 spirituc

231 1992 284 2070 lia,
309 2001 399 2076 prout
411 1991 561 2066 scandali,
582 1990 737 2064 rixarum,
762 1987 930 2050 violationis
951 1987 1031 2062 voti,
1055 1996 1131 2066 etc.;
1150 1992 1207 2052 sire

229 2081 417 2163 temporalis,
433 2081 578 2142 nimirum
593 2077 690 2160 gravis
702 2075 833 2139 infamiae
840 2075 986 2147 mulieris.
1000 2085 1031 2140 et
1041 2080 1203 2142 similium:

230 2168 310 2232 banc
322 2169 411 2230 etism
435 2175 612 2250 potestatem
629 2166 696 2229 aliis
719 2173 845 2248 possunt
858 2163 1059 2246 probabiliter
1073 2168 1199 2249 delegare

235 2265 333 2339 utpote
355 2257 549 2320 ordinariam.
576 2255 700 2318 Praelata
730 2261 831 2318 autem
860 2253 1053 2335 dispensatio
1082 2275 1133 2318 non
1153 2263 1194 2314 est

235 2347 424 2410 concedenda
439 2349 496 2410 nisi
510 2352 659 2428 quatenus
673 2344 703 2406 id
717 2351 761 2406 est
769 2343 971 2406 necessarium
990 2365 997 2403 :
1014 2345 1096 2408 unda
1107 2343 1128 2406 si
1139 2341 1199 2404 sul-

233 2435 313 2499 liciat
334 2439 491 2518 suspensio
505 2436 586 2513 voti,
614 2433 661 2497 vel
683 2435 709 2496 si
721 2431 904 2515 dispensatio
924 2449 981 2512 pro
1003 2431 1208 2496 contrahendo

234 2526 425 2590 matrimonio
433 2543 504 2588 cunr
519 2543 582 2586 uno
591 2521 790 2599 concedatur,
806 2538 868 2583 non
887 2519 980 2583 debet
1003 2522 1132 2586 conoedi
1144 2521 1211 2584 dis-

234 2617 389 2698 pensatio,
404 2614 450 2677 vel
464 2619 583 2676 nonest
598 2610 788 2676 extendenda
801 2609 839 2674 ad
852 2610 928 2672 alios
940 2627 1044 2673 casus.

272 2708 364 2773 tato.
385 2703 585 2766 communius
599 2719 661 2764 non
674 2699 841 2762 admittitur
858 2697 952 2780 qudd,
968 2700 1001 2760 in
1017 2701 1114 2764 ruodd
1133 2701 1212 2764 diets

234 2795 427 2874 necessitate,
450 2790 624 2856 confessarii
647 2789 854 2852 mendicantes
871 2787 991 2870 possint
1006 2787 1210 2872 dispensare:

235 2903 293 2947 nec
305 2883 356 2946 illa
367 2882 491 2947 facultas
504 2898 559 2963 pro
573 2897 646 2943 casu
659 2877 844 2941 necessitatis
858 2877 934 2940 solet
946 2877 1077 2940 concedi
1089 2879 1212 2944 contes-

234 2973 320 3034 seriis
346 2972 506 3034 ordinariis
528 2977 665 3051 tempore
691 2965 828 3042 tubilaei,
854 2967 940 3046 juxta
966 2967 999 3029 S.
1030 2968 1215 3049 Lignorium

234 3060 298 3138 (lib.
316 3064 350 3138 3,
368 3063 495 3140 n⁰258t
611 3117 613 3122 .

274 3151 364 3211 salt.
380 3181 420 3195 -
434 3153 465 3210 2⁰
486 3147 633 3212 Praedicta
645 3152 714 3210 vota
727 3145 854 3208 minime
867 3151 1099 3210 suntreservate
1116 3167 1129 3210 ε
1147 3149 1220 3211 vsi

235 3237 295 3298 sint
304 3237 413 3298 emissa
426 3238 482 3300 sub
493 3237 675 3318 obligatione
690 3235 745 3298 levi
751 3255 762 3314 ;
773 3238 804 3297 2⁸
820 3235 846 3298 si
865 3235 926 3298 sint
945 3237 1056 3299 emissa
1068 3253 1111 3299 ex
1132 3249 1221 3300 meta

235 3325 326 3384 etiam
346 3325 400 3385 levi
420 3325 459 3385 ab
479 3326 537 3386 alio
552 3325 690 3402 incusso,
714 3327 862 3416 quianon
882 3331 952 3388 sunt
972 3323 1158 3396 iactaturus
1186 3347 1221 3390 ea

235 3411 323 3489 plena
344 3411 578 3488 deliberatione;
595 3417 627 3474 3·
642 3414 666 3476 si
681 3431 743 3478 non
762 3413 823 3475 sint
839 3413 970 3494 perlecta
988 3431 1024 3476 ex
1043 3423 1138 3495 parte
1155 3437 1224 3488 rua-1

235 3499 341 3560 teriae:
364 3518 392 3562 v.
415 3519 459 3580 g„
478 3501 503 3560 si
522 3509 626 3570 votum
646 3501 866 3570 lueritlantirm
885 3519 947 3564 non
967 3501 1127 3584 sulendi,
1160 3499 1224 3570 nnn}

236 3583 422 3664 fornicandi,
447 3605 509 3648 non
531 3589 654 3666 petendi
679 3589 839 3668 debitum;
863 3591 927 3652 itnd
943 3591 1078 3669 siluerit
1104 3583 1224 3659 volumi
