2420 3968
379 273 466 317 uem
486 273 643 320 sncunous.
940 263 999 322 585

73 373 157 454 Resp.
170 369 226 432 Vel
240 370 338 452 agitur
350 369 388 433 do
404 368 576 433 recitatione
590 370 724 453 privatt,
752 371 799 435 vel
813 372 851 436 de
866 375 996 456 publica.

35 466 67 526 ln
79 459 174 544 priori
195 478 263 521 casa
282 459 406 523 indubie
427 457 545 522 videtur
563 461 660 523 teneri
682 461 774 524 talem
794 461 938 526 clericum
953 465 998 528 vel

35 548 214 616 sacerdotem
231 548 269 612 ad
286 549 491 612 recitationem
513 549 648 612 breviarii
667 552 785 614 romani
809 553 997 633 Post-Plani,

35 643 103 705 cum
111 638 354 702 sitobcdiendum
364 637 482 720 legibus
490 638 642 716 Ecclesiae,
657 640 779 722 quando
788 641 818 703 id
829 642 893 704 lieri
904 650 1000 725 potest

35 731 98 792 sine
111 745 218 810 magno
231 727 426 791 incommodo
441 747 450 790 r
466 735 496 790 et
511 745 573 790 non
590 725 786 794 videturesse
799 730 896 794 ullum
911 752 999 814 grave

28 816 257 881 incommodum
270 817 302 878 in
322 815 496 880 recitatione
510 817 623 899 privata
635 817 772 880 breviarii
794 823 933 898 romani,
949 841 1000 886 aur

34 906 228 972 celebratione
249 906 371 988 privatae
393 906 492 969 missae
510 907 542 968 in
561 905 674 969 missali
695 923 823 970 romano
844 928 851 970 :
873 911 998 974 consulta

34 997 144 1060 anima
158 997 192 1059 b.
208 995 307 1059 Lottin
320 995 539 1058 cenomanensi
554 996 705 1058 Ganonico
723 1015 731 1057 ι
752 1017 768 1055 o
788 999 856 1060 ...3ο
871 1000 916 1058 An
932 1001 999 1080 qui-

34 1111 48 1146 n
74 1085 143 1147 libet
156 1085 293 1148 sacerdos
306 1085 556 1163 Cenomanensis,
576 1085 666 1148 etiam
686 1086 855 1149 Canonicus
869 1093 899 1148 et
918 1107 1002 1168 paro-

34 1199 48 1236 n
73 1174 157 1251 chus,
172 1175 271 1236 statim
284 1181 421 1237 teneatur
434 1176 466 1236 in
479 1175 665 1238 conscientia
678 1181 745 1240 tum
759 1181 790 1237 et
806 1175 896 1237 boras
910 1195 1000 1238 cano-

34 1291 48 1325 n
74 1263 155 1326 nicas
166 1263 345 1344 persolvere,
355 1263 539 1345 missamque
549 1263 792 1345 celebrarejurta
802 1265 893 1328 ritum
906 1282 1002 1326 roma-

34 1379 48 1414 n
73 1352 1000 1434 num‚quandoscilicetprivatimrecitatelcalebrat,tum‚etc..

34 1468 48 1503 a
75 1442 173 1504 Emio.
190 1447 219 1504 et
231 1443 294 1502 RR.
318 1443 419 1504 Patres
432 1443 525 1505 sacris
545 1441 665 1505 tuendis
679 1443 784 1505 ritibus
798 1442 1000 1524 praepositi...,

33 1559 48 1592 a
73 1529 301 1594 rescribendum
314 1537 499 1594 censuerunt
515 1549 522 1592 :
539 1530 630 1593 -ad
644 1535 684 1594 3¹¹
699 1531 842 1594 Consulat
854 1533 1002 1612 conjunc-

33 1647 48 1682 a
73 1621 129 1683 tim
144 1626 309 1702 utramque
324 1621 573 1683 constitutionem
588 1621 619 1682 S.
638 1621 683 1682 Pii
709 1623 750 1698 V,
771 1621 910 1683 videlicet
923 1621 1003 1682 illam

33 1735 49 1772 a
73 1727 144 1792 quae
166 1709 271 1791 incipit
284 1709 367 1785 Quod
381 1710 400 1770 d
414 1709 521 1786 Nobis,
545 1708 648 1772 'lldus
659 1709 726 1789 julii
744 1713 843 1787 1568,
863 1717 893 1772 ct
916 1709 1004 1771 aliam

33 1823 48 1861 e
72 1818 145 1882 quaa
158 1795 263 1880 incipit
275 1797 330 1861 Ec
344 1799 481 1880 proximo
502 1801 540 1860 td
553 1797 614 1860 kal.
630 1805 688 1860 oct.
703 1801 798 1874 asra.
814 1820 829 1857 a
847 1800 913 1860 Non
927 1799 1005 1860 bene

33 1909 108 1971 ergo
122 1891 156 1950 P.
173 1889 256 1969 Gury
269 1894 354 1970 putat
375 1886 544 1950 sacerdotes
566 1887 695 1968 privatos
718 1886 826 1948 debera
850 1887 882 1949 in
903 1887 960 1949 hoc
974 1905 1006 1950 se

36 1977 225 2043 committere
247 1976 400 2058 sapientire
424 1981 455 2040 et
474 1974 640 2057 prudentiae
663 1975 859 2038 Praelatorum
881 1993 1007 2040 suorum

40 2071 125 2152 ttom.
138 2071 178 2145 t,
193 2074 226 2128 n⁰
240 2071 298 2144 29,
314 2065 405 2128 editio
419 2067 472 2146 δ’).

74 2159 110 2220 ln
121 2155 283 2240 possessori
300 2175 388 2230 cosa,
408 2157 521 2218 attenta
533 2155 596 2220 solt
609 2155 641 2218 S.
664 2153 710 2220 Pii
732 2155 810 2238 lege,
832 2161 1007 2222 tenerentur

34 2245 152 2329 praelati
166 2243 267 2308 clerici
287 2245 460 2308 Romanam
475 2241 628 2327 liturgiam
645 2241 786 2308 adhibere
803 2253 873 2308 :ast
895 2246 927 2308 in
951 2247 1009 2309 hoc

33 2355 107 2398 casu
121 2334 337 2416 obligationem
351 2333 508 2415 suspendit
521 2334 567 2396 lex
581 2333 696 2396 ordinis
710 2335 891 2417 superioris,
908 2353 1008 2399 ncces

35 2427 107 2487 sitas
123 2441 235 2505 nempe
244 2423 355 2486 vitandi
369 2441 474 2504 graves
485 2423 656 2486 animorum
670 2425 901 2500 commotiones,
911 2425 1010 2505 jurgia

37 2523 62 2576 rt
76 2511 224 2576 scandala
242 2531 310 2594 quae
324 2531 361 2574 er
374 2511 426 2574 tali
446 2511 612 2574 mutatione
632 2511 708 2572 ritus
721 2511 833 2591 publici
848 2513 914 2574 sine
937 2530 1009 2574 con·

33 2622 128 2665 cursu
143 2601 322 2664 dioecesana
335 2600 519 2664 auctoritatis
534 2599 703 2661 orirentur:
724 2617 784 2661 non
799 2599 881 2662 enim
896 2599 934 2662 ad
947 2600 1012 2683 pri-

34 2699 143 2755 ratum
157 2689 344 2753 sacerdotem
358 2689 411 2752 sed
428 2690 467 2752 ad
484 2688 667 2770 Episcopum
684 2687 813 2769 pertinet
823 2687 959 2768 Judicare
973 2708 1012 2751 an

35 2780 275 2844 circumstantie
288 2779 347 2841 sint
366 2785 544 2861 opportunae
564 2777 603 2839 ad
625 2775 829 2839 reducendam
850 2777 1013 2858 legitimam

36 2869 207 2953 liturgiam3
217 2869 289 2947 inid,
300 2867 377 2931 Sede
387 2866 747 2950 Apostolictinconsultt‚
758 2865 832 2927 nihil
843 2873 1015 2948 essetagen-

35 2958 127 3036 dum,
139 2957 258 3021 etiamsi
265 2955 421 3020 manifeste
429 2956 494 3018 sinb
503 2956 746 3036 ullacaustjustt
755 2955 1013 3038 Episcopusobsn

36 3049 110 3110 nate
136 3046 234 3109 nollet
253 3064 391 3130 unquam
414 3045 585 3127 permittere
605 3042 736 3107 reditum
753 3043 792 3106 sd
805 3045 897 3107 ritum
915 3065 1015 3108 roma-

35 3155 131 3200 num.
148 3135 226 3198 Vide
243 3135 339 3200 Bouir
354 3134 461 3216 (ibid,
474 3151 543 3216 pars
557 3137 596 3212 5,
617 3152 649 3214 p.
671 3137 730 3213 tl).
748 3135 907 3214 Attamen,
920 3135 1018 3218 inquit

35 3226 168 3290 Cardin.
185 3228 314 3290 Gousset
329 3224 522 3306 (Repentino
540 3221 588 3286 des
599 3223 763 3306 panope,
779 3230 851 3304 etc,
874 3233 907 3286 n⁰
921 3229 991 3304 440)
1008 3245 1016 3288 ε

40 3339 58 3376 a
79 3319 133 3382 Un
155 3301 279 3398 blveque
301 3331 340 3377 ne
354 3313 524 3396 pourrait...
540 3312 694 3393 s’opposer
711 3315 729 3374 a
747 3331 783 3376 ce
803 3333 863 3396 que
881 3313 925 3378 les
942 3317 1015 3379 Cha-

34 3428 54 3466 »
81 3408 198 3470 noines
211 3412 241 3468 et
254 3410 354 3467 autres
368 3407 482 3486 pretres
497 3401 540 3464 du
553 3400 690 3479 diocese,
705 3403 746 3465 ou
760 3403 821 3466 l’on
835 3404 885 3466 n’a
897 3425 952 3486 pas
965 3425 1020 3468 en·

36 3517 55 3554 o
81 3515 160 3560 core
188 3494 276 3558 etabli
303 3493 332 3556 le
357 3493 398 3556 rit
421 3491 555 3570 romain,
584 3489 744 3554 suivissent
764 3499 951 3555 exactement
978 3495 1020 3557 les

40 3608 56 3643 a
81 3585 217 3650 Constit.
232 3583 270 3647 de
284 3585 316 3647 S.
341 3581 392 3645 Pie
405 3583 446 3658 V,
466 3587 530 3644 tant
549 3599 626 3662 pour
645 3581 673 3642 la
686 3582 843 3644 recitation
863 3579 901 3641 de
915 3581 1021 3644 l'offica

41 3697 57 3730 a
83 3675 176 3738 divin
190 3690 251 3754 que
263 3691 341 3760 pour
354 3671 383 3732 la
395 3669 576 3732 cdlbbration
587 3669 625 3730 de
639 3670 667 3729 la
681 3687 789 3732 messa.
805 3693 820 3729 a

852 3761 908 3824 tt*
