2498 3966
301 234 388 282 ursan
409 235 569 282 sccunnus.
592 253 631 266 -
651 238 841 284 arcusarcus.
1007 227 1063 284 ‘litt

84 345 174 420 tabit,
190 345 266 425 quin
283 347 385 408 exitus
400 364 488 426 atque
505 345 634 408 miseros
649 353 679 406 et
696 345 893 408 calamitosos
912 346 1064 412 habiturae

84 437 147 497 sint
172 436 254 515 leges
273 433 479 497 divortiorum
503 433 660 508 fautrices,
689 434 789 496 sicubi
813 435 891 498 forte
917 436 948 496 in
971 455 1063 500 usum

83 534 176 587 aetate
190 533 298 584 nostra
311 531 499 585 revocentur
512 522 526 583 l
539 525 604 583 Non
621 531 669 585 est
690 521 828 604 profecto
847 523 877 585 in
892 525 1061 588 hominum

81 614 270 676 commentis
302 612 350 673 vel
377 612 510 674 decretis
542 609 673 674 facultas
703 619 800 690 tanta,
833 621 867 674 ut
896 612 1064 678 immutare

42 765 45 769 ,
81 720 189 764 rerum
203 700 378 762 naturalem
396 699 534 761 indolem
549 699 899 782 conformationemque
914 705 1035 784 possint
1054 723 1061 768 :

80 799 277 872 quapropter
291 808 402 872 parurn
419 790 575 869 sapienter
592 789 752 868 publicam
769 787 948 853 felicitatem
967 795 1063 856 inter·

80 888 258 962 pretantur,
273 880 327 960 qui
346 895 527 960 germanam
545 879 737 941 matrimonii
762 879 915 942 rationem
931 881 1061 964 impune

80 969 217 1052 perverti
239 985 328 1048 posse
345 974 455 1046 putant
473 990 479 1040 3
497 973 536 1040 et,
563 966 705 1046 qualibet
719 966 883 1028 sanctitas
897 987 969 1030 cum
990 973 1063 1034 reli-

79 1061 186 1140 gionis
204 1065 271 1118 tum
289 1055 480 1118 Sacramenti
504 1055 697 1136 posthabita,
720 1053 887 1136 diffingere
903 1076 939 1118 ac
962 1059 1062 1123 defor-

80 1165 169 1210 mare
181 1146 331 1226 oonjugia
351 1145 475 1224 turpius
494 1144 572 1206 relle
587 1145 747 1219 ridentur,
764 1163 861 1224 quam
877 1147 943 1226 ipsa
960 1151 1063 1213 ethni·

77 1255 191 1303 corum
219 1237 360 1298 instituta
389 1236 638 1296 consuevissent.
670 1233 807 1315 ldebque
840 1235 900 1296 nisi
930 1239 1061 1303 consilia

78 1337 254 1402 mutentur,
285 1321 436 1404 perpetuo
463 1321 522 1382 sibi
554 1330 693 1384 metuere
722 1321 843 1385 familia
869 1332 901 1384 et
929 1326 1061 1390 societas

77 1419 220 1480 humana
240 1412 412 1486 debebunt,
439 1429 477 1472 ne
499 1411 673 1472 miserrime
698 1410 910 1491 conjiciantur
929 1415 960 1475 in
981 1417 1061 1480 illud

78 1523 188 1569 rerum
215 1503 359 1565 omniurn
389 1510 546 1562 certamen
576 1509 670 1580 atque
694 1499 877 1580 discrimen,
902 1504 988 1584 quod
1016 1518 1062 1570 est

77 1593 315 1660 Socialistarum
344 1608 380 1650 ac
406 1589 697 1650 Communistarum
712 1589 889 1666 -llagitiosis
913 1595 1062 1674 gregibus

72 1684 199 1768 jamdiu
224 1679 431 1762 propositum.
458 1711 494 1724 -
514 1675 603 1738 Unde
620 1677 718 1758 liquet
743 1696 839 1758 quam
859 1679 1015 1744 absonum
1031 1692 1061 1746 et

75 1775 256 1837 absurdum
276 1769 314 1829 sit
341 1766 501 1847 publicam
522 1766 655 1829 salutem
677 1785 694 1826 a
719 1766 865 1829 divortiis
884 1785 1060 1850 expectare,

74 1882 151 1946 quae
169 1860 271 1937 potius
287 1859 318 1918 in
334 1866 451 1918 certam
465 1856 622 1918 societatis
638 1856 809 1936 perniciem
827 1863 901 1918 sunt
914 1875 1058 1923 erasure.

118 1951 215 2032 igitur
236 1943 451 2009 confitendum
473 1955 531 2021 est,
551 1942 591 2004 de
613 1945 774 2006 communi
798 1945 942 2008 omnium
961 1968 1061 2030 popu-

73 2041 180 2102 lorum
210 2037 294 2099 bono
323 2033 473 2096 meruisse
502 2033 620 2114 optime
652 2031 824 2095 Ecclesiam
857 2036 1057 2114 catholicam,

73 2128 234 2192 sanctitati
258 2135 289 2186 et
316 2123 520 2204 perpetuitati
542 2123 762 2204 conjugiorum
789 2123 913 2186 tuendas
935 2143 1059 2210 semper

72 2221 229 2281 intentam
247 2207 475 2292 ;nocexiguam
491 2212 548 2294 ipsi
562 2211 824 2292 gratiamtleberi,
835 2215 920 2294 quod
935 2213 1058 2296 legibus

71 2306 184 2370 ciricis
202 2315 328 2366 centurn
340 2302 404 2383 jam
423 2320 524 2364 annos
544 2301 576 2362 in
593 2301 653 2364 hoc
674 2320 788 2382 genere
808 2303 907 2365 multa
926 2322 1057 2385 peccan-

72 2398 161 2458 tibus
193 2395 298 2474 palam
332 2391 571 2454 reclamaverit¹
598 2411 606 2466 ;
630 2392 714 2469 quod
737 2391 900 2454 lraeresiunr
925 2394 1056 2456 deterri·

73 2503 160 2547 marn
177 2480 417 2545 Protestantium
437 2479 476 2540 de
490 2477 634 2540 divortiis
649 2487 679 2539 et
698 2479 839 2559 repudiis
855 2481 1057 2545 anathemate

72 2572 265 2656 perculerit¹
280 2567 386 2651 ;quod
402 2567 547 2628 usitatam
561 2565 674 2628 Graecis
689 2566 933 2648 diremptionem
947 2571 1056 2632 matri·

72 2664 255 2726 nroniorum
271 2659 379 2720 multis
393 2656 493 2718 modis
508 2655 707 2718 damnaverit
720 2655 733 2696 ⁸
748 2673 756 2730 ;
772 2655 857 2734 quod
874 2656 977 2720 irritas
990 2678 1056 2722 esse

71 2753 203 2831 nuptias
227 2745 400 2811 decreverit
424 2763 461 2808 ea
487 2745 669 2807 conditione
693 2746 797 2820 initas,
826 2753 860 2806 ut
884 2747 1056 2828 aliquando

71 2839 313 2903 dissolvantur⁴
329 2854 337 2912 ;
354 2835 439 2918 quod
460 2835 588 2898 demum
612 2835 660 2897 rel
685 2853 703 2898 a
727 2837 827 2917 prima
854 2846 943 2899 aetate
972 2839 1055 2920 leges

104 3078 127 3124 1,
138 3073 196 3124 Pius
205 3071 249 3130 Vl,
262 3069 335 3132 epist.
350 3071 380 3118 ad
391 3068 465 3132 episc.
478 3069 619 3126 tutionem,
633 3067 663 3118 28
674 3069 728 3118 llaii
744 3069 844 3118 1793.-
856 3070 915 3120 Pius
929 3071 1055 3131 llll,litler.

69 3147 166 3208 encycl.
190 3144 231 3193 dic
251 3142 279 3192 17
296 3143 365 3191 Febr.
389 3141 456 3200 1809,
477 3145 501 3190 ct
521 3141 604 3188 Consi.
624 3141 672 3190 dat.
694 3142 732 3190 die
747 3139 777 3190 19
795 3143 844 3190 lul.
868 3141 979 3193 1811.-
997 3145 1054 3194 Pius

69 3219 136 3274 l'lll,
153 3216 199 3266 lilt.
217 3215 306 3278 encycl.
320 3214 362 3262 die
374 3212 403 3262 28
415 3213 470 3262 itali
484 3212 552 3261 1829.
566 3213 734 3276 -Gregorius
747 3213 808 3274 titt,
823 3214 903 3264 Const.
918 3215 1015 3266 detdic
1025 3217 1053 3266 ts

69 3289 177 3351 Augusti
188 3285 259 3337 l832.
277 3309 304 3322 -
320 3285 377 3334 l'iut
391 3283 697 3344 innumerositatem
713 3283 778 3347 Sept.
798 3285 865 3335 1852.

102 3359 125 3408 2.
142 3359 217 3416 Trid,
230 3372 294 3407 sess.
308 3369 376 3417 xxiv,
388 3371 442 3405 can.
461 3356 476 3405 5
488 3361 512 3406 et
525 3355 548 3404 l.

103 3431 126 3480 3.
142 3431 235 3479 doncil.
246 3430 358 3488 Florent,
368 3434 393 3476 et
405 3431 476 3478 lustr.
486 3429 544 3492 ling.
559 3428 625 3480 lfad
633 3429 900 3492 armenon-Bened,
911 3429 961 3478 lllll
970 3427 1051 3480 const.

72 3503 130 3556 utet
139 3501 284 3566 pastoralia.
297 3495 313 3546 fl
326 3499 382 3548 stati
397 3497 468 3547 titt.

103 3570 126 3623 1.
143 3571 204 3634 cap.
222 3567 246 3628 l,
263 3569 405 3622 descedit,
422 3583 506 3633 oppon
