2416 3954
379 217 464 263 nmen
485 213 643 261 sxcnnnns.
941 197 1000 260 499

55 321 85 381 ab
95 319 241 382 universali
256 317 386 381 Ecclesia
401 316 539 380 admissae
560 313 671 376 luerint
692 319 836 396 tanquam
857 329 935 375 xerae
949 314 1004 375 Ga·

55 411 247 470 nonizationes.

84 502 162 560 teba.
187 495 366 559 Beatilicatio
388 494 460 557 verb
483 493 583 554 stricte
608 500 724 574 sumpta
748 498 794 554 est
816 492 1004 556 eoncessioir

54 587 78 646 S.
103 587 235 648 Pontifice
254 585 331 648 lacta
350 583 438 646 alicui
458 601 563 664 regne,
580 581 759 662 provinciae,
774 583 943 664 Religioni,
960 581 1003 646 vel

53 672 108 735 loco
128 683 159 737 ut
179 676 286 757 aliquis
308 681 453 755 tanquam
473 689 541 733 cum
565 670 680 732 Christo
705 671 736 732 in
759 672 842 733 coelis
857 691 1021 754 regnans,‘

53 763 122 826 cultu
134 765 230 846 aliquo
243 752 385 845 publico,
410 769 443 823 ut
456 760 629 822 recitatione
644 758 736 821 divini
751 759 838 822 officii
852 809 860 836 ,
876 761 1003 823 celebra

52 851 120 914 lione
133 853 246 932 missae,
261 852 448 934 expositione
460 848 578 931 publico
593 847 730 927 ejusdem
745 848 951 928 reliquiarum,
967 851 1003 912 ad

52 957 172 1003 normam
191 941 352 1024 pontificiae
375 938 578 1002 concessionis
600 937 735 998 venerari
751 953 786 998 ac
799 937 929 998 invocari
941 956 1005 1018 pos·

52 1030 89 1090 sit.
109 1033 147 1093 lta
168 1029 388 1104 communiter,
410 1025 491 1108 apud
514 1027 647 1088 Ferraris
661 1029 701 1104 (xo
725 1024 832 1088 Cultus
848 1023 1004 1105 Soracten,

53 1117 84 1175 nl
96 1123 112 1180 l
124 1125 152 1180 et
164 1119 207 1198 5).
217 1154 258 1166 -
271 1121 410 1192 Quonam
425 1121 525 1178 annm
541 1121 677 1197 tempore
692 1113 755 1177 fieri
771 1115 917 1194 coeperint
936 1115 1006 1176 Ser-

52 1225 139 1270 vorum
164 1210 215 1270 Dei
237 1205 473 1270 Beatilicationes
496 1207 512 1266 a
539 1204 683 1266 Romanis
705 1201 918 1278 Pontificibus,
934 1202 1006 1265 varii

52 1297 115 1357 varie
132 1297 167 1359 de
188 1297 245 1360 hoc
267 1297 403 1358 sentiunt
417 1298 560 1356 Doctores
571 1315 578 1370 ;
589 1295 675 1373 J'uxta
691 1300 792 1356 autem
812 1290 923 1354 Bened.
940 1293 1007 1354 XIV

51 1383 103 1460 lit,
114 1385 161 1446 lib.
172 1391 276 1467 t,cap.
289 1389 339 1460 37,
352 1383 392 1444 nl·
404 1387 423 1446 8
433 1389 463 1444 et
472 1384 517 1460 9),
528 1383 585 1444 hoc
593 1382 741 1463 contingit
749 1400 786 1444 eo
800 1387 1005 1463 temporequo

50 1475 155 1536 cessarit
164 1477 212 1553 jus
225 1474 446 1556 Episcoporum
457 1471 637 1532 decernendi
648 1471 764 1532 cultum
775 1472 935 1532 Servorum
951 1471 1004 1535 Dei

51 1561 73 1619 in
86 1563 140 1624 suis
152 1563 348 1640 dioecesibus,
364 1559 393 1621 id
409 1567 463 1637 esi,
479 1567 614 1641 tempore
631 1559 790 1621 Alexandri
803 1562 852 1634 ΙΙΙ,
869 1560 921 1640 qui
935 1579 1006 1622 con·

49 1653 121 1712 cessit
134 1653 181 1714 tali
195 1652 280 1714 cultu
295 1650 394 1713 colere
412 1651 536 1710 Beatum
552 1647 746 1710 Guillelmum
761 1650 778 1709 a
797 1648 961 1710 lllalevalle.

79 1743 158 1803 4854.
171 1742 288 1822 Duplex
295 1748 339 1801 est
346 1737 537 1800 Canonizatio
547 1743 598 1797 aut
608 1735 790 1798 Bealificatio
803 1755 810 1796 :
824 1755 885 1798 una
895 1737 1005 1800 scilicet

48 1825 165 1902 sanclis
178 1837 207 1892 et
220 1830 313 1891 altera
327 1826 538 1910 aequipollens:
551 1823 688 1904 formalis
702 1830 747 1884 est
760 1824 809 1884 illa
829 1826 860 1884 in
882 1829 940 1906 qua
956 1826 1005 1888 ob

49 1926 184 1981 sonantur
208 1935 318 1981 omnes
345 1914 547 1978 solemnitates
569 1919 721 1974 consuelae
745 1911 783 1974 de
810 1912 920 1994 quibus
935 1933 1005 1978 mox

47 2002 138 2070 dicturi
152 2027 276 2083 snmus3
289 2003 479 2089 aequipollens
504 2009 564 2078 est,
588 2003 659 2063 cirm
674 2003 704 2062 S.
722 2001 870 2080 Pontifex,
885 2004 1005 2067 omissis

48 2095 138 2158 ordine
147 2096 281 2177 judiciali
291 2102 321 2156 et
329 2093 482 2158 consuetis
491 2089 679 2153 caeremoniis
690 2095 743 2152 ant
752 2089 1003 2174 solemnitatibus,

47 2183 82 2243 rel
94 2185 173 2264 jubet
188 2186 245 2248 coli
261 2185 293 2246 in
307 2184 446 2248 universi
461 2181 606 2257 exclesit,
626 2199 680 2262 per
694 2179 783 2243 officii
798 2182 1003 2245 recitationem

47 2279 69 2330 et
98 2277 191 2338 missae
210 2273 444 2336 celebrationem
471 2271 520 2332 die
543 2269 761 2349 determinato,
790 2272 922 2354 aliquem
951 2273 1002 2334 Dei

47 2359 155 2426 Servum
170 2366 201 2426 in
215 2363 341 2442 antique
353 2361 451 2423 cultris
458 2361 646 2441 possessione
655 2361 845 2434 existentem,
857 2362 934 2422 lama
946 2361 1003 2422 rir-

48 2447 1005 2529 lulunracmiraculorumcelebrem,velpermittitillumhonorare

47 2535 282 2604 indeterminatio
295 2539 368 2600 locis
382 2536 577 2619 approbando
591 2537 771 2598 sententiam
791 2535 882 2597 latam
896 2535 935 2596 ab
949 2538 1004 2597 Or-

46 2625 148 2693 dinario
172 2631 218 2694 vel
246 2627 383 2708 delegato
406 2645 496 2708 snper
522 2625 606 2686 cultu
630 2625 685 2705 ipsi
707 2624 745 2686 ab
772 2625 1002 2686 immemorabili

46 2719 172 2794 prestito.
189 2717 265 2780 Vide
278 2715 411 2778 Ferraris
425 2715 542 2789 (Cultus
556 2713 634 2788 SS.,
653 2712 694 2772 η’·
706 2714 802 2786 6-ΙΙ).

76 2819 158 2880 Ι855.
180 2819 248 2878 Non
264 2812 378 2876 eaedem
401 2831 521 2893 semper
543 2811 575 2872 in
591 2811 724 2872 Ecclesia
751 2809 914 2871 observatae
935 2815 1005 2873 sunt

45 2897 224 2967 formalitates
238 2921 295 2985 pro
310 2901 533 2964 Beatiticatione
550 2899 596 2961 rel
611 2898 843 2962 canonizatione
858 2899 929 2974 SS.;
946 2899 1005 2981 pri·

45 2991 123 3055 mitiis
135 2993 260 3056 enimin
275 2991 409 3054 Concilio
422 2989 468 3051 vel
483 2989 515 3052 in
528 2987 586 3052 alia
599 2989 838 3070 Congregatione
850 2987 1005 3067 legebatur

46 3083 148 3143 lantiam
160 3082 220 3143 vita
234 3081 315 3143 Servi
329 3079 383 3142 Dei
397 3077 593 3141 canonicandi
611 3077 658 3138 vel
673 3075 879 3152 beatificandi3
894 3077 1004 3142 deinde

43 3169 208 3233 afferebatur
220 3167 380 3232 declaratio
393 3166 565 3229 authentice
582 3167 705 3228 testium
719 3164 909 3228 oculatomm
923 3168 1004 3232 circa

43 3257 153 3321 virtutes
160 3260 259 3338 ejuset
268 3255 412 3320 miracula
421 3255 735 3337 ipsiusintercessione
747 3260 872 3336 patreta3
885 3265 1004 3318 senten·

44 3343 1001 3428 tiadembmproferebaturquainterlleatosannumeranduserat.

75 3438 159 3498 4856.
175 3435 302 3514 Maiores
320 3441 421 3496 autem
435 3432 589 3497 cautiones
607 3431 671 3494 lore
687 3429 872 3494 adhibendas
883 3434 1003 3512 judica-

43 3529 104 3584 runt
118 3531 219 3605 postea
232 3525 284 3587 SS.
296 3523 456 3586 Pontifices
466 3570 473 3588 ,
484 3522 527 3582 nti
542 3527 587 3582 est
597 3519 698 3582 videre
712 3520 792 3601 apud
806 3521 918 3582 Bened.
936 3525 1001 3582 XlV

44 3611 252 3690 (Democrito,
267 3613 319 3674 lib.
337 3617 366 3691 Ι,
377 3629 443 3690 cap.
461 3611 608 3686 tectae),
626 3614 678 3671 aut
688 3608 780 3688 ipsiu
788 3607 1000 3680 summarium,
