2420 3968
341 235 428 280 num
447 233 606 280 amuranus.
910 217 969 279 593

32 339 109 400 puunr
124 334 164 390 est
176 329 301 396 otlloium
319 331 498 396 clericorum
522 332 620 396 colere
637 333 734 395 Deum
755 336 786 395 et
806 331 894 395 illum
914 350 970 413 pro

33 409 147 478 fidelibus
162 437 279 484 exorare
298 441 306 485 ε
323 427 446 486 vocatur
463 422 555 484 etiarn
569 421 693 484 nomine
710 420 862 484 Horarum
877 421 970 486 Cauo-

31 499 151 584 u'rouru,
171 510 239 590 quia
252 511 339 574 certis
359 511 441 574 boris
464 513 482 574 a
501 510 668 574 canonibus
690 511 832 574 Ecclesia
854 511 985 574 statutis·

32 589 190 658 recitandum
203 603 271 662 esta
285 601 421 682 personis
434 601 497 663 Deo
509 599 705 679 consecratis,
721 601 757 662 ad
772 600 969 664 imitationem

32 680 160 760 prophete
177 685 214 750 de
233 690 330 772 seipso
347 689 476 752 dicentis
500 709 508 750 ε
531 688 636 772 septies
653 689 685 750 iu
702 689 750 750 die
769 687 884 752 laudem
901 688 971 750 diri

35 767 111 830 vn'bi
121 793 135 830 a
156 774 212 855 (as.
237 783 309 850 lta,
332 799 361 842 v.
382 781 463 858 tot).
488 778 602 842 Dicitur
620 796 741 861 qaoque
759 778 968 859 Breviorium,

30 855 66 916 vel
77 859 137 940 quia
149 868 358 951 compendiose
371 870 504 932 continet
518 871 611 930 Vetus
625 875 655 930 et
672 869 789 931 Novum
799 870 971 932 Testamen-

31 949 96 1023 tum;
114 953 226 1020 Patrum
246 959 408 1022 sententias
424 963 455 1022 et
476 959 565 1021 vitam
585 961 783 1034 Sanctorum3
803 957 849 1020 vel
869 959 972 1039 polibo

31 1036 87 1112 quia
106 1040 133 1102 in
153 1049 226 1110 statu
246 1047 394 1112 hodierno
416 1053 462 1112 est
480 1047 697 1130 compendium
717 1045 806 1109 officii
826 1047 971 1128 longioris

31 1127 450 1210 vuodpvinttbsreoitobaturt
462 1136 755 1219 luxtallodulpbum
763 1139 971 1218 Tungrensem

32 1208 170 1285 breviatum
183 1245 235 1291 seu
244 1229 345 1311 potius
356 1225 550 1290 emendatum
561 1225 617 1290 luit
627 1227 766 1290 Officium
777 1227 848 1307 (jam
860 1226 970 1291 brevia·

30 1305 88 1384 lvm)
101 1309 134 1371 ab
146 1315 260 1396 llaymo
275 1317 411 1380 Generali
425 1317 712 1396 Franciscanonvm,
727 1322 771 1394 et,
784 1335 866 1379 anno
876 1321 970 1397 1280,

30 1391 145 1462 Nicolaus
161 1405 198 1466 lll
214 1406 260 1470 sic
273 1406 439 1468 breviatum
458 1425 510 1468 seu
525 1405 718 1470 emendatum
740 1404 810 1468 fecit
822 1407 972 1471 observari

31 1479 53 1542 iu
64 1487 183 1556 ecclesiis
196 1499 302 1559 ltomae
316 1497 446 1574 (Devoti,
462 1495 559 1575 idid).
575 1499 642 1558 Non
662 1497 816 1559 tamenab
831 1498 972 1561 omnibus

31 1565 78 1636 broc
93 1577 268 1648 abbreviatio
289 1585 342 1647 iuit
357 1585 512 1668 adoptata,
532 1585 594 1647 imd
611 1585 699 1648 variis
716 1585 748 1647 in
762 1586 851 1663 locis,
872 1588 974 1668 plures

30 1655 83 1726 buia
102 1667 264 1738 additiones
286 1681 316 1737 et
338 1675 546 1737 innovationes
567 1673 653 1736 faotae
674 1673 777 1752 lubre,
801 1694 839 1736 ex
863 1677 973 1756 quibus

29 1759 96 1817 enata
114 1766 155 1822 est
174 1781 286 1848 magna
308 1763 462 1842 conlusio,
486 1763 534 1826 cui
558 1761 728 1824 remedium
750 1763 845 1825 voluit
868 1764 970 1828 afferre

29 1839 51 1901 S.
62 1843 123 1910 Pius
134 1852 159 1911 V
172 1871 226 1936 per
241 1854 476 1937 publicationem
499 1851 642 1914 Breviarii
663 1850 757 1934 ipsius
772 1852 859 1932 jussu
873 1871 969 1916 emen

29 1925 87 2012 lai,
99 1949 182 2017 prout
194 1962 286 2025 supra
300 1942 430 2006 diximus
444 1944 555 2020 (5045).

57 2027 134 2092 5076.
157 2031 297 2096 Pluribus
318 2031 451 2114 partibus
465 2049 518 2092 seu
538 2029 620 2092 boris
638 2035 755 2093 constat
768 2029 973 2113 Breviarium,

28 2125 117 2198 uvantpe
130 2121 300 2198 Matutinis,
315 2120 486 2198 Laudibus,
499 2120 620 2198 Prima,
635 2119 744 2199 tertia,
761 2121 859 2200 Sexta,
875 2125 973 2204 Nona,

30 2197 144 2282 l'esperis
152 2215 182 2273 et
192 2210 405 2293 completorio.
415 2209 476 2272 lllae
488 2209 571 2272 horae
581 2209 612 2270 in
626 2209 701 2273 duas
714 2209 865 2293 precipue
876 2219 977 2294 partes

27 2285 187 2377 dividuntur,
203 2318 274 2383 quae
292 2299 432 2362 dicuntur
443 2298 574 2381 officium
588 2298 726 2361 diurnum
739 2306 769 2362 et
781 2311 973 2366 nocturnum:

27 2375 184 2451 llatutinum
198 2397 230 2453 et
243 2387 360 2452 Laudes
371 2389 556 2452 constituunt
569 2388 701 2453 officium
716 2397 919 2470 nocturnum,
933 2395 976 2456 sic

29 2479 143 2538 locatum
157 2479 231 2560 quia
248 2477 320 2541 olim
332 2479 463 2540 cleliam
478 2477 606 2540 nuncin
620 2477 756 2558 pluribus
769 2481 975 2561 monasteriis,

27 2570 98 2624 ssoete
111 2566 294 2644 celebratur;
309 2566 433 2649 reliquae
447 2566 529 2628 horor
542 2565 686 2628 diurnum
703 2564 835 2627 officium
851 2585 976 2650 compo-

25 2659 97 2714 nunt.
114 2657 144 2718 S.
166 2657 289 2740 biguor.
308 2655 371 2736 (lib.
387 2660 427 2735 5,
443 2657 476 2716 n⁰
489 2657 573 2734 llt);
587 2655 730 2736 Laqueus
741 2654 785 2735 (n⁰
804 2657 911 2734 lel);
926 2659 977 2719 sed

25 2735 77 2802 vide
88 2748 252 2824 praesertim
263 2747 365 2808 Devoti
381 2745 443 2826 (lib.
457 2748 497 2824 2,
514 2744 560 2806 tit.
575 2747 612 2821 4,
625 2743 696 2826 §tlt

55 2833 136 2897 tbl'l.
160 2839 200 2901 Ut
220 2843 320 2898 autem
343 2834 472 2917 praelatae
492 2833 753 2896 denominationes
767 2833 846 2897 bene
865 2835 978 2899 intelli·

25 2926 128 3000 gantur,
139 2924 298 2989 sciendum
305 2931 350 2988 est
360 2924 442 2987 diem
455 2923 528 2986 olim
540 2923 571 2984 in
584 2921 745 2986 duodecim
755 2923 979 2990 horasdivisum

23 3001 120 3074 ivisse:
139 3017 275 3078 «Nonne
294 3013 455 3078 duodecim
468 3018 539 3075 sunt
549 3013 630 3074 horae
644 3012 755 3075 dieilr
771 3013 868 3077 aiebat
880 3015 979 3079 Chris·

24 3097 107 3162 tusad
119 3104 242 3168 ludaeos
263 3105 371 3183 ilcan..
389 3122 416 3166 c.
434 3107 468 3164 ll
482 3149 489 3180 ,
504 3121 532 3165 v.
548 3103 602 3180 9.).
618 3101 678 3164 lllae
694 3109 796 3165 autem
818 3102 980 3169 duodecim

23 3179 93 3252 borae
104 3190 136 3253 in
150 3200 280 3274 quatuor
293 3199 392 3275 partes
409 3190 629 3270 dividebantur,
643 3209 772 3274 quarum
789 3211 980 3276 unaquaeque

24 3279 73 3338 tres
91 3279 180 3345 horas
200 3283 372 3346 continebat
391 3301 399 3344 t
419 3300 488 3363 quae
508 3287 608 3363 partes
627 3279 827 3346 dicebantur:
854 3283 977 3359 Tertio,

50 3434 54 3458 ¹
72 3451 82 3478 ι
100 3433 238 3501 Antequam
257 3435 349 3488 seculo
368 3433 399 3486 lll
412 3432 563 3486 Breviarium
582 3433 783 3485 introduceretur
797 3434 830 3485 ad
844 3435 982 3488 recitandas

25 3515 33 3544 ι
48 3499 122 3554 lloras
134 3506 279 3570 canonicas,
293 3506 318 3557 ia
328 3505 444 3558 Ecclesiis
457 3505 656 3558 occidentalibus
669 3505 980 3571 adhibebanturpsalleria.

23 3589 32 3616 ι
49 3573 118 3626 biblia
132 3591 216 3641 sacra,
233 3579 379 3640 homiliaria,
399 3577 563 3643 passionum,
577 3576 756 3642 antiphonaria,
770 3576 896 3642 hvmnoria
907 3615 913 3636 ,
925 3579 981 3631 eol-

25 3663 32 3688 ·
50 3645 157 3708 lectoria,
171 3649 352 3716 martyrologia.
369 3648 491 3710 vllevoti,
513 3647 555 3697 lib.
567 3647 591 3710 2,
606 3647 642 3696 lit.
655 3647 679 3708 t,
692 3646 705 3713 ᾗ
716 3649 739 3697 l.
