2462 3972
416 226 502 272 blm
524 225 681 284 sudaturus.
976 213 1034 270 653

67 328 258 410 ιορειιιιίιιε
278 329 346 392 cibo
360 347 426 392 suo.
442 331 548 391 »Erat
566 329 686 391 etiam'
679 346 711 390 m
724 327 856 409 collegio
877 328 1034 426 Apostolo-

66 435 132 479 rum
154 417 344 500 marsupium
366 435 564 480 commune.
588 416 627 478 de
653 415 732 480 tuda
758 416 842 478 enirn
868 415 1011 478 dicitur
1005 434 1035 476 ιιι

66 496 180 570 Joanne
198 509 277 588 (cap.
300 509 356 584 l3,
373 526 401 570 v
425 511 464 569 27
473 506 612 588 ‚.:etc)
632 505 755 578 «Quod
775 505 849 568 lacis
870 505 918 568 lac
936 505 1034 567 citius.

65 617 80 652 ι
104 595 169 658 Hoc
180 601 285 658 autem
304 613 396 658 ncmo
409 595 495 659 scivit
516 594 774 659 discumbentium
789 593 826 658 ad
842 593 916 677 quid
930 593 1038 656 dixerit

65 704 80 741 ι
105 682 155 745 ei·
148 729 156 744 .
171 683 297 765 quidam
311 684 393 746 enim
408 685 569 766 putabant,
584 683 655 766 quia
672 682 778 745 loculos
792 681 1034 754 latebralem,

29 841 30 846 ἵ
65 795 80 831 ιι
105 770 188 854 quod
200 771 325 836 dixisset
336 772 364 836 ei
377 774 466 837 iesus
481 793 488 834 :
504 774 580 836 Eme
593 789 629 835 ea
642 789 711 854 que
724 789 801 853 opus
815 777 886 836 sunt
899 771 988 835 nobis
1000 773 1038 834 cd

65 860 186 924 rdicm
201 859 331 938 festum,
346 867 398 924 aut
411 862 516 943 egenis
528 867 563 925 ut
575 859 689 942 aliquid
703 859 797 922 daret.
814 881 830 920 n

107 951 265 1029 Praeterea,
278 950 309 1012 id
322 908 463 1014 ’hicclesiae
476 950 584 1014 Christi
598 950 667 1012 licet
676 948 759 1032 quud
772 949 864 1012 veteri
877 969 1040 1032 synagogas

66 1037 163 1101 lucrat
175 1039 382 1126 permissum·
398 1040 489 1121 porrb
502 1037 593 1102 veteri
607 1056 769 1120 synagoge
783 1037 866 1101 licuit
879 1041 1041 1122 possessio

67 1144 122 1189 nes
132 1125 256 1208 habere,
271 1133 305 1192 ut
315 1135 431 1192 constat
448 1147 487 1191 ex
500 1128 576 1190 libro
590 1131 716 1191 Numer.
730 1131 769 1208 (c.
787 1129 836 1206 18,
853 1133 884 1190 et
896 1147 963 1211 cap
979 1129 1039 1210 11).

66 1217 168 1298 argo,
181 1221 240 1281 010·

109 1307 231 1368 Constat
248 1305 347 1369 adhuc
359 1305 462 1369 multis
482 1306 662 1369 testimoniis
681 1307 735 1370 SS.
751 1307 899 1369 Patrum·
892 1353 899 1367 .
915 1304 1044 1369 sufficiet

66 1394 180 1458 reterre
199 1395 290 1458 verba
310 1397 341 1458 S.
358 1396 534 1478 Hieronymi
554 1394 595 1458 ad
606 1395 805 1477 Nepotianum
822 1415 832 1455 :
849 1417 865 1454 n
887 1394 983 1458 Pudet
996 1395 1041 1456 di-

66 1507 83 1544 r
108 1501 200 1558 cere:
219 1484 393 1548 Sacerdotes
407 1484 568 1560 idolorum,
582 1483 685 1563 mimi,
701 1483 814 1565 aurigae
829 1491 859 1547 ct
872 1491 969 1548 scorta
983 1485 1042 1546 hee

67 1595 84 1632 s
111 1571 250 1636 reditatcs
273 1573 440 1655 accipiunt,
460 1574 532 1636 solis
545 1573 662 1636 clericis
675 1577 707 1634 ct
726 1573 885 1636 monachis
899 1574 956 1637 hoo
978 1575 1044 1657 lege

67 1684 85 1721 s
109 1661 284 1744 prohibetur
300 1681 308 1724 :
323 1669 353 1724 ct
366 1682 428 1726 non
453 1662 630 1745 prohibetur
643 1663 660 1724 d
675 1663 934 1742 persecutoribus,
958 1664 1010 1726 scd
1025 1667 1043 1726 d

66 1773 84 1810 ι)
112 1749 300 1832 Principibus
321 1751 491 1814 christianis
510 1771 518 1827 ;
543 1769 601 1814 nec
618 1750 657 1812 de
678 1750 742 1830 lege
756 1751 921 1831 conquiror
945 1755 966 1828 ¹,
991 1753 1044 1814 scd
1078 1749 1081 1754 ’

67 1863 84 1899 ιι
111 1838 200 1902 doleo
212 1857 268 1903 cur
277 1841 444 1904 meruimus
459 1840 536 1902 hanc
550 1840 659 1920 legem.
672 1838 845 1900 Cauterium
861 1839 976 1902 bonum
986 1849 1041 1918 est,

68 1953 85 1990 ι
111 1928 164 1992 sed
178 1929 260 2011 quod
272 1929 345 1992 mibi
360 1929 470 1992 vulnus
483 1935 517 1990 ut
537 1928 690 2009 indigeam
704 1925 858 1990 cauterio?
871 1927 923 1990 Sit
936 1927 1041 2000 haeres,

68 2041 86 2077 ιι
111 2016 162 2080 sed
173 2025 268 2080 mater
289 2018 438 2102 fitiorum,
454 2017 488 2080 id
506 2025 549 2081 est
562 2016 698 2080 Ecclesia
711 2016 811 2098 prepis
824 2017 881 2095 sui,
897 2037 966 2100 quae
980 2019 1047 2082 illos

70 2130 88 2166 n
112 2107 231 2189 genuit,
252 2109 391 2188 nutriuit,
407 2108 496 2189 pavit.
516 2129 532 2168 a
555 2109 636 2188 Ergo
651 2105 786 2170 Ecclesia
807 2111 904 2188 potest
919 2105 999 2171 bona
1017 2115 1047 2171 et

74 2195 262 2259 hereditates
275 2199 422 2280 accipere.

113 2284 197 2346 ldem
217 2287 357 2348 asseritur
371 2287 402 2348 in
415 2305 482 2370 cap.
499 2284 654 2369 Expedit,
669 2303 759 2350 causa
774 2287 830 2364 la,
845 2305 877 2368 q.
895 2289 908 2348 l
928 2306 936 2348 ι
957 2309 973 2348 ιι
990 2291 1048 2352 Ex·

69 2397 88 2436 ι
114 2372 198 2454 pedit
210 2373 361 2439 facultates
370 2373 719 2457 Ecclesiaepossideri...:
734 2376 766 2437 S.
777 2374 1048 2440 Paulinus...tacto

69 2487 88 2522 n
114 2461 200 2543 (suo)
215 2464 285 2527 satis
304 2465 434 2527 ostendit
447 2469 477 2527 et
494 2463 616 2546 propria
629 2462 732 2526 deberi
753 2469 875 2544 propter
889 2464 1047 2546 perlectio-

68 2575 87 2613 ι
115 2570 188 2614 nem
208 2554 379 2632 contemni,
399 2561 428 2617 el
441 2553 506 2617 sine
524 2550 740 2632 impedimento
753 2550 944 2632 perfectionis
959 2572 1048 2635 posse

69 2663 89 2702 ι
114 2641 256 2706 Ecclesiae
269 2641 436 2722 facultates,
450 2659 520 2724 quae
533 2647 604 2704 sunt
617 2639 749 2722 prolecto
763 2657 963 2719 communes,
978 2661 1049 2724 pos·

72 2753 89 2791 ι
115 2731 276 2794 sideri...»

115 2817 265 2883 Probatur
285 2819 407 2884 tandem
426 2821 541 2885 ratione
564 2819 725 2883 :Ecclesia
745 2819 828 2882 enim
847 2817 980 2882 instituta
994 2818 1049 2884 luit

73 2913 93 2974 3
117 2909 236 2971 Christo
258 2917 291 2973 ut
313 2910 439 2973 societas
461 2917 585 2974 externa
602 2916 632 2972 ct
648 2908 773 2972 visibilis
792 2927 801 2969 ι
822 2909 933 2990 porrd,
954 2907 1051 2992 inquit

72 2999 182 3062 Devoti
197 2998 258 3076 (lib.
275 3005 314 3076 2,
329 3000 373 3062 tit.
392 3002 446 3078 13,
461 3001 479 3080 5
494 3003 522 3079 1)
538 3021 545 3061 :
566 3021 581 3059 u
595 2999 683 3062 Nulla
696 2998 873 3061 universitas
888 2998 953 3061 sine
964 2997 1050 3062 bonis

72 3112 91 3150 ι
116 3088 334 3150 communibus
356 3093 433 3150 stare
457 3095 569 3170 potest,
593 3089 664 3152 cirm
687 3087 858 3150 necessario
880 3087 983 3150 multae
1007 3087 1049 3151 ia-

72 3200 91 3238 r
118 3176 308 3240 ciendaesiut
330 3178 496 3258 impensae,
511 3185 545 3240 ut
558 3176 686 3239 ministri
707 3176 891 3259 stipendium
910 3176 1050 3258 habeant,

73 3290 91 3328 n
117 3274 154 3330 ut
180 3273 307 3348 agantur
330 3274 515 3344 conventus,
539 3273 573 3330 ut
596 3265 700 3328 omnia
723 3265 855 3328 societati
884 3269 1052 3328 necessaria

74 3379 91 3418 ι
118 3362 372 3438 comparentur..;
388 3355 460 3420 binc
473 3357 500 3419 ei
514 3373 569 3420 sua
583 3354 706 3418 luerunt
719 3354 758 3417 ab
771 3355 838 3436 ipso
857 3354 943 3416 initio
957 3354 1051 3416 chris-

74 3469 92 3506 ιι
119 3445 210 3507 tiana
236 3443 388 3526 religionis
407 3445 487 3508 bona
504 3445 586 3508 unde
606 3444 698 3506 aleret
717 3443 901 3525 Episcopus,
924 3443 1051 3524 presby-

107 3573 258 3640 eloquiun
271 3573 298 3626 S
318 3573 479 3642 Hieronymus
494 3575 525 3626 ds
542 3575 596 3641 lage
610 3572 777 3624 Valentiniana
789 3572 836 3622 laid
850 3575 934 3621 contra
948 3569 1006 3620 cleri
1008 3583 1050 3620 cos

77 3645 126 3711 qni
138 3660 168 3696 ax
180 3645 457 3710 cupiditctccsptabant
472 3645 634 3698 hereditates
646 3643 716 3704 (eod.
729 3643 863 3700 Theodec..
876 3641 925 3700 lca.
937 3639 986 3692 tut
