2474 3946
209 189 266 253 att
426 208 564 256 annuam
584 205 685 257 rorrus
706 210 788 258 sums
809 204 955 258 canonici.

207 328 221 364 a
245 304 425 368 validitatem
446 313 496 369 aut
511 306 722 371 invalidiorem
738 308 871 388 judicem
893 307 1067 370 secularem
1086 318 1170 390 posse

207 417 221 452 a
246 393 426 471 decernere,
441 397 478 458 eo
492 396 575 478 qnod
590 396 637 460 he
658 416 696 460 ex
715 401 821 461 natura
841 400 893 460 sut
914 399 975 458 sint
992 397 1074 460 mere
1087 397 1169 477 spiri·
1226 393 1227 478 l

207 505 220 539 n
245 484 351 546 tuales.
373 485 410 546 Et
431 487 503 547 sane
523 487 547 548 sl
567 487 693 568 quaestio
706 495 839 549 versatur
856 485 895 548 de
916 483 1063 547 validitate
1085 484 1173 566 ipsius

206 591 221 631 a
245 573 450 651 matrimonii,
468 576 551 638 solus
569 575 663 654 iudex
681 573 901 640 ecclesiasticus
919 579 965 636 eat
983 578 1173 654 compotem,
1226 597 1227 662 a

218 673 236 716 u
258 672 383 738 ipseque
391 662 472 723 solus
481 661 519 725 de
527 661 584 725 hic
597 664 763 747 quastione
773 681 956 746 cognoscere
966 667 1062 744 potest
1076 683 1091 720 ι
1110 659 1175 740 (Jur

156 809 162 817 ,
218 745 331 822 coclea,
354 767 420 820 pars
435 753 465 829 3,
482 753 524 815 tit.
548 759 577 827 2,
603 773 631 816 c.
657 758 686 826 l,
707 761 786 825 nra.
805 756 936 834 tutti.
967 752 1042 814 vide
1069 749 1172 822 Pallet,

218 835 298 899 Dr'rt.
315 837 382 900 lu'at.
393 839 430 901 v¹⁸
440 841 483 903 De
495 840 637 914 Dominis.
654 841 880 926 Gaetulaetpr.
895 847 945 917 68,
959 849 1030 920 etc,
1047 839 1172 916 saltat.

257 927 333 989 Hinc
343 930 373 990 S.
391 931 612 994 Poenitentiaria
622 933 660 995 ab
675 935 824 1014 Episcopo
845 931 1010 1006 vivariensi
1028 929 1174 1002 consulte,

217 1017 382 1096 respondit,
405 1023 420 1082 l
439 1021 516 1096 junii
539 1025 615 1084 aaut
641 1043 647 1082 :
670 1023 929 1086 Matrimonium...
951 1027 1130 1082 contractum
1145 1019 1175 1077 iu

208 1119 223 1156 a
247 1102 345 1178 formet
363 1101 504 1162 Ecclesiae
516 1103 647 1161 eomuettl
661 1145 669 1172 ,
685 1103 791 1180 utaque
805 1103 1012 1178 impedimento
1024 1101 1173 1170 conculco.

56 1234 60 1242 ,
91 1237 96 1242 .
208 1207 223 1243 u
247 1186 298 1247 aad
309 1189 422 1248 toutitm
436 1207 499 1249 eum
515 1186 718 1269 impedimento
731 1185 831 1264 ciuili,
848 1176 1060 1248 uatr'rtum‘esu.
1076 1188 1177 1260 avide

167 1275 826 1359 ·*tratr't.,tt.d.t{.,torn.a,p.63‚6t.
867 1271 909 1330 ’.
986 1297 991 1302 ·
1067 1323 1073 1332 .

248 1363 376 1441 Oltjicies
390 1383 397 1424 ε
413 1365 488 1426 Eam
512 1365 623 1426 habent
644 1371 822 1446 potestatem
846 1363 1001 1448 Principes
1021 1367 1179 1429 seculares

210 1468 277 1532 quae
300 1453 372 1532 ipsis
392 1454 460 1533 jure
482 1453 586 1516 innato
606 1456 768 1535 competit,
793 1471 850 1516 nec
867 1454 940 1535 ipsis
963 1447 1191 1536 luitadernpta

154 1573 157 1582 ·
209 1539 270 1602 sive
283 1541 545 1623 perelcvalionem
564 1545 735 1605 contractus
756 1541 939 1604 matrimonii
954 1541 993 1604 ad
1005 1542 1180 1624 dignitatem

211 1630 394 1692 Sacramenti
409 1678 416 1708 ,
432 1631 493 1693 sive
508 1649 560 1712 per
579 1631 719 1693 Ecclesiae
736 1631 987 1707 reservationem;
1004 1631 1089 1716 atqui
1106 1633 1181 1712 prin-

112 1747 115 1754 *
134 1733 137 1736 ·
210 1718 326 1798 cipibus
335 1719 602 1800 saecularibusjure
617 1720 720 1781 innato
734 1719 1019 1800 competitpotestas
1032 1719 1180 1781 statuendi

212 1808 426 1890 impedimenta
460 1810 686 1872 matrimonium
712 1808 907 1885 dirimentia,
942 1827 996 1870 nec
1024 1809 1099 1890 ipsis
1132 1805 1183 1870 luit

118 1955 122 1962 .
211 1897 368 1980 adempta,
385 1897 446 1962 sire
459 1917 514 1980 per
532 1899 727 1962 elevationem
746 1896 931 1960 matrimonii
951 1896 989 1958 ad
1008 1895 1182 1978 dignitatem

212 1988 414 2066 sacramenti,
436 1987 518 2070 quod
539 2005 601 2050 non
625 1985 748 2068 impedit
769 1985 934 2068 quominus
955 1985 993 2047 sit
1013 1993 1183 2049 contractus

211 2077 304 2140 civilis
324 2095 360 2140 ac
376 2077 502 2158 proinde
525 2077 656 2158 Principi
679 2074 814 2138 saeoulari
839 2075 1026 2154 subjectum,
1047 2074 1111 2138 sive
1134 2093 1184 2157 per

212 2167 353 2230 Ecclesiae
366 2166 599 2230 reservationem
609 2183 676 2248 quae
687 2166 756 2244 jura
766 2165 940 2246 principum
950 2163 1057 2245 nequit
1069 2164 1182 2226 tollere.

212 2258 292 2338 Ergo
306 2257 466 2337 Princeps,
482 2263 539 2319 eto.

252 2347 342 2429 Resp.
365 2349 396 2408 1⁰
411 2345 563 2417 Quosdam
584 2343 722 2407 videlicet
734 2343 865 2406 lautores
884 2343 990 2426 primae
1009 2345 1182 2422 secuntiae,

213 2455 340 2519 negare,
365 2435 434 2515 jure
457 2435 576 2513 innato,
599 2432 790 2515 Principibus
811 2441 982 2513 competere
1007 2439 1184 2514 potestatem

213 2526 428 2609 impedimenta
442 2521 667 2586 matrimonium
677 2521 848 2584 dirimentia
860 2541 867 2583 :
878 2523 955 2583 ratio
967 2529 1012 2583 est
1024 2524 1098 2603 quia
1108 2541 1183 2586 sem-

214 2635 267 2699 per
286 2613 513 2678 matrimonium
537 2611 657 2675 loitres
678 2611 840 2694 spiritualis
864 2613 883 2673 lt
904 2611 966 2672 Deo
989 2610 1127 2674 instituta
1149 2610 1184 2672 ad

214 2703 442 2788 significandam
456 2702 602 2776 unionem
616 2700 723 2763 Christi
741 2718 812 2764 cum
831 2699 964 2762 Ecclesia
980 2717 989 2760 ε
1004 2703 1097 2782 porro
1113 2717 1184 2762 nuo·

214 2815 305 2877 quam
320 2794 474 2874 Principes
483 2791 665 2869 habuerunt,
678 2792 746 2870 jure
759 2790 878 2860 innato,
889 2795 1068 2870 potestatem
1082 2789 1182 2851 saltem

215 2881 467 2964 independentem
488 2880 519 2942 in
533 2897 582 2943 res
599 2879 785 2962 spirituatem
801 2895 892 2960 ergo,
907 2885 966 2939 etc.
983 2876 1059 2940 Vide
1076 2879 1183 2941 ltluzea·

215 2972 299 3049 relli,
315 2971 364 3032 Du
378 2969 515 3050 Moriope
528 2989 563 3032 eu
577 2977 643 3031 tunt
660 2988 715 3051 que
728 2968 909 3031 Sacrameut.
925 2967 988 3029 Hic
1002 2974 1105 3030 aulem
1124 2983 1181 3028 res·

214 3057 522 3143 ponsionedimissa:
1226 3075 1227 3130 l

254 3149 344 3228 liesp.
366 3147 397 3208 2⁰
420 3147 496 3207 Dato
519 3146 601 3226 quod
622 3145 796 3228 Principes,
816 3145 885 3226 jure
905 3143 1034 3222 inarato,
1057 3143 1180 3206 habeant

216 3243 392 3320 potestatem
410 3235 442 3296 in
459 3242 648 3298 contractum
667 3235 849 3298 matrimonii
868 3241 989 3316 utpote,
1008 3233 1065 3296 sub
1084 3231 1179 3312 aliquo
1226 3241 1227 3250 ³

215 3327 320 3390 saltem
335 3331 486 3408 respectu,
502 3343 566 3387 rem
578 3327 775 3407 temporalem
790 3331 820 3386 et
833 3322 871 3386 ad
886 3324 1000 3385 bonum
1015 3319 1179 3403 temporalis

215 3415 364 3479 societatis
387 3414 579 3492 ordinatum,
601 3423 733 3476 attamen
755 3413 827 3496 quia
851 3412 932 3475 idem
951 3419 1120 3474 contractus
1139 3411 1180 3469 est

216 3506 305 3570 etiam
319 3523 367 3568 res
381 3503 557 3586 spiritualis,
572 3503 610 3565 ad
624 3503 738 3565 bonum
752 3511 782 3566 et
796 3501 1074 3583 multiplicationem
1087 3497 1178 3561 socie

216 3595 282 3658 tatis
296 3593 457 3678 spiritualis
470 3593 626 3672 ordinata,
640 3592 712 3654 clam
726 3589 1035 3676 praesertimatihristi
1047 3597 1179 3672 tempora
1226 3591 1227 3628 r
