2420 3968
202 172 261 238 598
426 185 564 234 usuram
583 185 684 232 rorrus
702 183 785 232 rums
804 183 951 234 carorum

203 291 320 352 sitalem
329 287 581 372 patrimoniorum
594 305 663 370 quae
677 285 774 350 solent
787 286 905 352 clericis
917 285 1076 369 assignari,
1090 305 1159 371 qna·

203 397 262 460 que
275 379 389 441 variant
402 396 458 459 pro
470 377 639 440 diversitate
652 375 799 440 locorum.
821 377 852 439 Si
874 383 978 440 autem
990 376 1115 441 dubium
1128 379 1160 441 sit

202 485 241 530 ao
255 465 438 532 beneficium
448 467 486 528 sit
498 472 601 541 tenue,
617 465 827 530 beneficiarius
839 465 1008 530 teneturad
1021 465 1157 531 offitium:

202 557 357 638 quiscum
372 555 557 619 beneficium
572 556 756 634 disertum,
772 561 803 619 et
820 555 951 619 tenuitas
967 575 1113 620 excusans
1130 558 1159 620 sit

202 645 307 725 dubia,
321 647 470 728 possessio
484 651 541 708 stat
553 665 608 730 pro
621 644 787 725 beneficio,
801 651 833 708 et
844 644 973 727 proinde
986 665 1044 730 pro
1057 647 1160 730 obliga·

201 733 284 797 tione
304 734 409 812 officii3
434 735 542 798 merito
561 734 677 798 addunt
693 737 737 798 De
759 737 862 818 Lugo,
885 735 995 816 Groix,
1012 742 1084 811 oto„
1109 755 1159 801 non

202 825 338 888 excusari
361 823 606 904 beneficiarium,
630 823 655 886 si
677 825 717 888 ob
739 843 826 888 suam
851 825 973 908 culpam
992 826 1160 891 beneficium

202 912 315 976 lactum
328 915 485 993 silicano,
501 915 546 978 vel
560 915 585 978 si
607 914 672 997 ipsc
685 921 784 998 speret
801 915 833 976 in
849 923 1007 996 posterum
1020 917 1159 982 uberiores

203 1001 337 1084 tructus,
361 1004 408 1068 vel
428 1005 452 1068 si
471 1023 533 1068 non
547 1002 635 1066 iaciat
649 1003 763 1067 tructus
776 1022 847 1067 suos
860 1005 980 1070 delectu
992 1006 1156 1070 residentia.

203 1090 436 1157 controvertitur
449 1099 551 1157 umen
565 1111 604 1155 aa
618 1093 671 1175 qui
692 1111 753 1157 non
776 1093 887 1158 residet
899 1112 937 1158 ex
950 1095 1158 1178 dispensatione

204 1187 341 1246 teneatur
354 1183 392 1246 ad
405 1182 539 1247 officium
553 1183 576 1246 si
597 1181 713 1246 lruotus
733 1201 796 1246 non
808 1183 963 1268 percipiat.
978 1186 1023 1267 (S.
1037 1186 1157 1270 Lignor,

205 1270 255 1334 lib.
272 1275 311 1349 3,
327 1283 361 1334 ιιο
373 1277 447 1350 674;
463 1272 517 1336 lib.
531 1278 563 1353 l,
578 1275 613 1334 ηο
627 1275 684 1334 til
698 1270 759 1354 7⁰.)

243 1365 332 1425 5090.
350 1361 396 1424 Ad
409 1362 542 1428 officium
556 1380 618 1425 non
631 1367 772 1425 tenemru
780 1362 832 1446 qui
839 1366 958 1428 tantbm
964 1366 1079 1432 babent
1086 1387 1160 1452 pres

206 1449 329 1514 timonio
350 1457 546 1535 temporanea
570 1470 639 1534 quae
662 1451 728 1515 dari
757 1453 855 1516 solent
874 1454 1115 1522 adolescentibus
1135 1460 1160 1520 io

204 1538 373 1603 subsidium
395 1542 583 1605 studiorum:
597 1541 669 1623 quia
687 1559 749 1604 non
763 1549 835 1605 sunt
854 1546 976 1626 proprie
990 1545 1070 1610 dicta
1082 1549 1161 1612 lene·

205 1629 271 1691 licia
285 1628 356 1708 (it,
373 1633 407 1693 11⁰
421 1635 462 1712 8).
478 1665 517 1677 -
531 1630 636 1693 Clerici
650 1637 751 1694 autem
768 1633 950 1714 pensionarii
970 1641 1113 1702 tenentur
1129 1659 1163 1701 rr·

204 1718 296 1782 citare
322 1719 455 1783 officium
477 1737 602 1804 parvum
631 1721 665 1784 B.
689 1721 732 1784 M.
752 1722 787 1784 V.
801 1722 888 1802 juxta
900 1725 933 1786 S.
948 1725 995 1788 Pii
1011 1728 1038 1788 V
1053 1730 1162 1790 Constit.

205 1807 259 1869 Ec
289 1810 429 1891 proscimo
447 1857 454 1888 ‚
488 1809 539 1872 ubi
571 1809 680 1874 dicitur
706 1831 713 1871 :
742 1832 757 1870 o
777 1811 967 1896 Quicumque
996 1818 1165 1898 pensionem

205 1919 219 1956 a
244 1907 296 1962 aut
317 1899 390 1962 alias
417 1919 465 1962 res
488 1899 704 1964 ecclesiasticas
730 1907 763 1964 ut
785 1901 912 1966 clericus
935 1906 1085 1989 percipit,
1107 1925 1162 1971 rum

204 2008 219 2045 r>
244 1987 335 2050 modo
348 1989 491 2070 praedicto
505 1989 542 2052 od
557 1989 719 2057 dicendum
732 1990 866 2055 officium
879 1993 915 2056 Β.
930 1995 1036 2060 blariae
1047 1995 1158 2081 Virginis

204 2097 218 2134 r
242 2076 435 2140 decemimus
448 2079 627 2162 obligatum.
644 2102 659 2140 a

242 2168 310 2228 Non
323 2171 442 2230 tenetur
456 2167 494 2229 ad
506 2167 597 2232 horas
610 2169 766 2250 coadjutor
778 2171 962 2238 beneficiarii
985 2177 1011 2239 si
1037 2179 1103 2260 ipse
1115 2199 1165 2242 non

204 2253 408 2322 administret:
424 2262 469 2318 est
482 2275 657 2322 commune.
673 2262 715 2338 (S.
731 2262 865 2343 Lignea,
877 2263 928 2328 lib.
944 2269 987 2346 l,
1003 2275 1040 2329 n⁶
1055 2271 1168 2337 tlibi

243 2345 332 2408 soal.
349 2381 388 2394 -
401 2349 434 2410 3·
448 2347 562 2410 Omnes
575 2348 707 2431 religiosi
721 2353 878 2433 utriusque
893 2356 984 2417 seras
996 2356 1038 2419 ad
1050 2359 1167 2421 eborum

204 2434 342 2500 destinati
355 2435 394 2500 ad
406 2435 539 2502 officium
551 2443 709 2518 tenentur,
724 2439 815 2524 idque
828 2461 865 2506 er
879 2445 1003 2527 antiqua
1014 2453 1046 2510 et
1058 2449 1168 2529 recepta

203 2527 433 2592 consuetudine.

242 2619 352 2700 Magno
364 2624 465 2681 autem
479 2617 605 2700 quaestio
618 2619 749 2683 occurrit
762 2638 801 2684 an
814 2621 945 2706 religiosi
959 2624 992 2688 in
1006 2627 1101 2692 saeris
1114 2647 1170 2690 non

203 2707 357 2773 constituti
370 2715 399 2770 et
415 2707 561 2772 moniales
573 2714 732 2774 teneantur
741 2711 797 2776 sub
806 2713 898 2795 gravi,
908 2715 1015 2779 saltem
1026 2717 1168 2801 privatim,

203 2799 328 2862 recitare
342 2798 475 2862 officium
491 2817 498 2860 :
514 2798 564 2860 alii
578 2806 707 2881 negant,
722 2801 814 2882 quie,
828 2801 969 2888 inquiunt
983 2825 1047 2870 non
1061 2815 1169 2872 constat

203 2888 454 2952 consuetudinem
468 2887 561 2952 fuisse
579 2888 780 2952 introductam
794 2909 866 2954 oum
881 2894 984 2958 animo
1002 2915 1037 2962 se
1050 2899 1169 2980 grasiter

203 2975 366 3056 obligandi;
378 2977 635 3060 aliidiountgrave
644 2997 709 3042 esse
721 2979 824 3044 sidicti
833 2982 964 3065 religiosi
979 3003 1015 3050 ac
1028 2988 1170 3051 moniales

202 3062 375 3144 frequenter
395 3065 533 3128 omittant
552 3067 700 3146 officium3
716 3087 803 3133 secus
818 3070 844 3133 si
866 3072 1024 3156 aliquoties
1045 3080 1167 3142 bolom.

202 3151 356 3214 Sententia
376 3155 549 3219 communis
568 3157 617 3220 oui
639 3157 772 3222 adheret
788 3160 820 3223 S.
840 3161 962 3244 Lignor.
977 3164 1168 3231 doretdirtos

201 3239 356 3320 religiosos
369 3247 400 3304 et
410 3243 556 3306 moniales
565 3247 622 3308 sub
636 3247 717 3328 gravi
729 3249 824 3312 teneri
837 3251 962 3316 recitare
976 3255 1111 3338 quotidie
1123 3256 1167 3320 bo

201 3345 249 3387 ras
263 3330 443 3392 canonicas:
459 3333 531 3394 oiim
544 3335 628 3397 enim
641 3337 707 3400 haec
720 3339 907 3404 consuetudo
927 3345 1131 3410 universaliter
1143 3353 1168 3407 et

201 3432 272 3474 oum
295 3431 406 3496 magno
433 3419 628 3486 incommodo
650 3425 739 3490 luerit
757 3435 930 3494 constanter
948 3433 1120 3512 observata,
1141 3443 1167 3497 et

202 3501 317 3562 Praelati
339 3520 460 3586 semper
479 3510 728 3588 reprehenderint
744 3519 872 3598 graviter
886 3539 949 3584 uon
962 3522 1164 3600 observantes,

200 3585 332 3667 legitime
352 3593 543 3670 praesumitur
565 3597 647 3662 illam
670 3600 762 3668 luisse
789 3607 992 3675 introductam
1013 3613 1117 3678 animo
1136 3629 1167 3676 se
