2434 3940
219 230 277 294 fab
438 247 575 294 nannius
595 248 696 296 roaros
715 249 798 296 aunis
818 245 966 295 canonici.

220 345 268 418 sit,
277 342 391 406 Bened.
407 343 472 405 XIV
487 343 744 425 (neapponatis.
760 348 791 420 8,
804 341 838 405 n⁶
851 347 888 417 l,
905 343 938 403 io
951 343 1020 425 fiae)
1033 343 1105 407 dicit
1118 347 1190 409 luno

219 433 360 513 expedire
375 431 411 494 ad
427 433 603 494 sacramenti
613 433 797 495 iterationem
807 431 994 514 propendere
1004 453 1012 507 ;
1023 431 1187 498 hoctamen

220 521 448 602 intelligendum
463 521 502 582 de
515 521 607 583 dubio
621 522 766 602 positivo,
783 540 843 583 non
858 521 928 583 verb
943 521 1080 601 negativo
1092 541 1099 581 :
1110 523 1189 584 unde

218 611 381 692 ltoncaglia
402 609 474 672 dicit
503 629 564 673 non
586 610 722 673 sufficere
736 611 759 672 si
782 609 922 672 infirmus
935 628 989 690 per
1003 617 1131 691 quatuor
1144 612 1188 672 vel

219 701 354 781 quinque
380 699 445 762 dies
474 699 582 762 melibs
610 717 643 762 se
671 699 830 779 habuerit,
853 706 887 761 ut
915 697 1051 762 videatur
1086 700 1190 760 mortis

220 789 546 940 periculumqevasissm
558 807 660 868 secus,
674 791 699 851 si
713 807 767 871 per
781 785 911 852 notabile
919 793 1041 870 tempus
1049 788 1092 868 (S.
1107 786 1188 869 Lig„

220 877 271 938 lib.
288 882 327 958 6,
343 888 378 940 n⁰
414 881 472 957 15).

630 1008 782 1079 seucum.

259 1149 348 1208 3955.
364 1147 431 1209 Una
453 1163 491 1208 ex
512 1144 671 1227 praecipuis
696 1147 870 1206 curatorum
893 1137 1125 1223 obligationibus
1147 1145 1194 1202 est

219 1235 300 1295 certe
314 1252 384 1296 cura
399 1233 609 1311 infirmorum;
625 1231 778 1314 quomodo
792 1240 892 1294 autem
903 1228 1116 1312 parochushoe
1128 1227 1194 1292 effi·

220 1322 268 1384 cio
281 1321 364 1404 fungi
379 1322 496 1390 delirat,
511 1323 647 1386 accurate
658 1321 821 1402 explicatur
831 1317 988 1381 inffitaofi
1001 1319 1141 1388 Romanu,
1159 1319 1194 1380 de

220 1411 390 1472 uisitatione
399 1411 514 1485 elcard,
526 1419 595 1481 etc..
608 1417 638 1472 et
648 1410 682 1472 de
690 1409 772 1470 modo
785 1407 947 1488 adjuvandi
954 1407 1119 1480 monentes,
1132 1417 1192 1471 etc.

259 1501 335 1564 Ciam
349 1503 419 1562 verb
434 1521 495 1563 non
510 1501 606 1563 solium
625 1504 811 1562 sacramenta
831 1498 950 1579 aegaotis
970 1497 1029 1558 sint
1043 1495 1195 1559 adminis-

219 1589 342 1663 aranda,
359 1590 410 1652 sed
426 1593 548 1671 insuper
562 1588 699 1670 expediat
722 1587 779 1650 illis
799 1586 935 1649 conferre
955 1585 1012 1650 alia
1026 1586 1197 1666 spiritualia

220 1678 352 1742 subsidia
372 1699 426 1763 pro
449 1680 521 1760 ipsis
541 1679 694 1758 instituta,
718 1677 766 1740 hic
789 1675 927 1759 quaedam
954 1682 1024 1738 sunt
1050 1675 1196 1740 addenda

219 1769 298 1831 circa
313 1768 530 1851 indulgentiam
545 1767 617 1849 ipsis
629 1785 666 1830 ex
679 1768 874 1830 concessione
888 1765 919 1828 S.
938 1763 1022 1826 Sedis
1037 1763 1196 1846 applican-

220 1857 289 1920 dam
305 1858 334 1920 in
349 1859 473 1922 articulo
488 1857 602 1920 mortis.

259 1949 352 2026 Igitur
370 1947 481 2010 Bened.
504 1949 587 2022 XIV,
611 1947 733 2007 Constit.
754 1945 814 2007 Pio
834 1953 944 2013 mater,
968 1948 986 2007 5
1010 1963 1076 2026 apr.
1094 1949 1196 2026 tili,

198 2036 318 2096 statuit
338 2053 444 2097 omnes
466 2036 645 2116 Episcopos,
661 2037 712 2116 qui
736 2034 875 2117 regimini
899 2033 1024 2110 alicujus
1045 2035 1198 2100 sceleste

220 2121 435 2204 preficiantur,
446 2123 619 2185 obtenturos
633 2142 697 2186 esse
711 2124 880 2186 facultatem
895 2122 1086 2204 impertiendi
1101 2123 1200 2189 bene

219 2211 381 2273 dictionem
404 2231 475 2274 cum
497 2211 682 2294 indulgentia
702 2213 834 2296 plenaria
858 2211 996 2274 fidelibus
1019 2211 1049 2273 in
1064 2214 1200 2278 articulo

220 2302 323 2363 mortis
340 2301 519 2378 constitutis,
536 2310 665 2384 prototo
685 2311 820 2385 tempore
841 2321 902 2384 quo
923 2299 1000 2362 banc
1022 2302 1201 2369 Ecclesiam

219 2389 450 2470 gubernabunt,
465 2391 579 2471 adjecta
593 2393 682 2454 etiam
701 2392 837 2455 facultate
854 2392 932 2454 banc
944 2395 1125 2472 potestatem
1141 2395 1201 2458 de·

219 2480 337 2560 legundi
360 2489 403 2544 tot
426 2482 629 2545 sacerdotibus
648 2489 721 2565 quot
740 2481 938 2562 judicaverint
961 2483 1200 2564 necessarium,

218 2589 295 2652 quos
309 2578 408 2634 tamen
424 2577 564 2654 poterunt
577 2589 751 2651 removere,
771 2571 902 2653 ipsisque
915 2569 990 2633 alios
1007 2568 1202 2638 substituere

219 2679 273 2742 pro
287 2680 342 2724 suo
356 2661 479 2724 arbitrio
492 2669 521 2724 et
535 2659 702 2742 prudentia.

258 2755 346 2815 abab.
369 2751 504 2814 Facultas
523 2757 624 2813 autem
639 2749 780 2831 predicta
793 2749 948 2833 Episcopis
966 2767 1115 2815 concessa
1128 2772 1203 2817 non

218 2841 331 2920 expirat
345 2859 398 2922 per
413 2847 540 2902 mortem
554 2840 585 2902 S.
595 2839 758 2902 ,Pontificis
777 2837 985 2916 comedentis,
1005 2857 1064 2903 nec
1080 2859 1205 2908 eorum

219 2929 421 3008 subdelegatio
434 2947 488 3010 per
501 2929 714 2990 demissionem
728 2936 780 2991 aut
792 2928 950 2991 decessum
963 2929 1103 3009 ipsorum
1117 2933 1204 2996 sub-

217 3016 440 3096 delegantium‚
463 3017 516 3078 sed
543 3018 607 3079 istae
629 3024 935 3099 perseverantesque
957 3017 995 3079 ad
1023 3017 1207 3087 adventum

221 3103 285 3164 novi
301 3104 458 3181 Faesulis,
472 3105 559 3182 cuius
572 3104 693 3168 arbitrio
706 3106 878 3169 confirmari
896 3113 948 3170 aut
967 3109 1100 3170 revocari
1117 3129 1205 3189 pos-

217 3201 297 3262 sunt,
313 3200 342 3254 et
356 3211 430 3273 quas
443 3201 581 3256 censetur
594 3195 774 3258 confirmare
788 3197 811 3258 si
827 3199 966 3277 expresse
981 3215 1041 3258 non
1057 3209 1204 3265 revocet.

217 3279 328 3341 Eadem
345 3281 467 3344 facultas
480 3299 620 3344 concessa
630 3283 1203 3360 dicituretiamVioariisdenerafibus.

256 3369 298 3430 Ex
322 3369 400 3432 dicte
419 3371 518 3433 Const.
541 3371 598 3432 Pia
612 3381 723 3447 mater,
744 3373 850 3436 eadem
870 3373 993 3435 facultas
1011 3377 1207 3444 concutitur

217 3457 348 3519 Praelatis
373 3460 563 3523 inferioribus
585 3461 636 3541 qui
666 3471 834 3543 separatum
854 3461 963 3525 habent
988 3465 1206 3545 territorium,

216 3545 382 3610 dummodo
405 3555 504 3612 tamen
528 3549 584 3630 ipsi
605 3549 682 3613 hanc
704 3553 830 3631 gratiam
853 3553 1036 3632 postulantes
1056 3557 1206 3635 Aposto-

216 3636 316 3697 lorum
337 3635 440 3696 limina
457 3637 574 3700 visitent
593 3641 773 3719 prescriptis
793 3641 999 3720 temporibus,
1022 3649 1053 3704 et
1065 3643 1206 3710 relatio-
