2498 3966
274 239 360 285 arasa
382 239 543 286 sscunuus.
566 255 601 270 -
623 239 816 285 arrauurcss.
982 222 1038 281 769

61 355 247 418 sevenerunt
262 353 344 432 quod
359 351 434 412 utile
451 369 528 426 esse,
552 351 637 432 quod
671 351 820 434 expedire
847 351 1041 431 temporibus

61 452 266 514 censuerunt,
284 452 458 521 utcumque
470 440 652 518 discrepans
667 439 708 502 ab
721 439 872 502 institutis
891 439 1040 504 civilibus

62 534 238 608 videretur.
258 529 355 593 Nemo
370 531 492 610 ignorat
506 547 602 610 quam
616 529 717 592 multa
745 530 784 592 dc
807 529 1041 608 impedimentis

64 621 238 703 ligaminis,
251 620 325 693 voti,
336 617 529 698 disparitatis
542 619 655 692 cultus,
668 617 965 698 consanguinitatis,
980 621 1040 681 rri-

60 711 158 774 minis
172 709 306 791 publiuae
322 709 493 770 honestatis
508 706 541 768 in
561 707 709 770 Consiliis
720 706 916 768 illiberitano
929 707 951 780 ¹,
967 707 1040 770 Are·

14 808 15 812 ’
60 797 205 872 latensi¹,
218 795 496 871 Clralcedonensi¹‚
517 795 738 866 llilevitanoll‚
757 795 902 874 aliisque,
923 795 1041 858 luerint

60 892 101 950 ab
113 887 257 950 Ecclesiae
276 885 472 966 'praesulibus
489 887 671 960 constituta,
695 905 796 968 quasa
821 885 953 946 decretis
965 886 1040 964 jure

59 975 407 1058 imperatorio'sancitis
423 973 516 1054 longe
536 993 620 1056 saepe
634 976 797 1037 distarent.

101 1068 183 1142 Quin
210 1071 334 1125 tantum
362 1061 472 1136 abluit,
498 1073 531 1124 ut
573 1064 629 1124 viri
661 1065 895 1146 principessibl
922 1066 1042 1127 adscis·
1116 1059 1119 1066 ’

61 1164 169 1220 carent
184 1155 216 1214 in
233 1151 435 1216 matrimonia
461 1153 634 1216 christiana
664 1162 861 1235 patestatem,
877 1161 913 1217 ut
939 1157 1042 1235 potius

59 1264 146 1323 eam,
160 1251 279 1323 quanta
300 1251 357 1314 est,
382 1257 479 1320 penes
502 1240 676 1304 Ecclesiam
692 1261 759 1306 esse
780 1251 988 1323 agnoscerent
1012 1253 1042 1306 et

59 1335 270 1398 declararent.
289 1333 404 1392 Revera
419 1330 585 1408 Honorius,
603 1330 800 1396 Theodosius
813 1334 931 1411 junior,
946 1333 1042 1396 lusti·

60 1419 200 1486 nianus⁴
216 1419 304 1482 lateri
321 1437 384 1480 non
400 1417 599 1494 dubitarunt,
616 1419 648 1480 in
673 1419 710 1481 iis
721 1421 816 1482 rebus
828 1439 902 1502 quae
917 1422 1043 1503 nuptias

60 1513 313 1590 attingant,'non
334 1507 470 1586 amplius
496 1527 595 1592 quam
611 1509 796 1574 custodibus
810 1519 840 1574 et
866 1509 1042 1574 defensori-

60 1603 123 1664 bus
138 1615 299 1662 sacrorum
313 1615 471 1660 canonum
485 1599 542 1659 sibi
560 1615 627 1659 esse
639 1597 744 1660 licere.
762 1597 800 1660 Et
815 1600 853 1661 de
869 1599 1044 1662 connubio·

60 1707 135 1754 rum
154 1685 389 1768 impedimentis
405 1685 522 1764 si'quid
537 1705 590 1764 per
604 1687 705 1748 edicta
719 1697 902 1760 sanxerunt,
916 1705 1043 1749 causam

58 1781 241 1842 docuerunt
256 1791 319 1834 non
337 1772 439 1846 inviti,
457 1775 607 1834 nimirum
624 1775 653 1836 id
670 1775 730 1836 sibi
746 1775 917 1856 sumpsisse
932 1795 970 1838 ex
986 1777 1043 1838 lic·

60 1867 168 1931 clesiae
187 1863 456 1946 permissumque
477 1862 680 1923 auctoritate⁸
697 1882 705 1938 3
721 1865 813 1941 cujus
837 1864 937 1943 ipsius
955 1865 1043 1943 judi·

59 1959 149 2019 cium
166 1953 332 2033 exquirere
345 1959 376 2011 ct
390 1958 568 2012 reverenter
594 1953 736 2031 accipere
752 1963 983 2015 consueverunt
1011 1954 1044 2016 in

59 2041 338 2108 controversiisde
353 2037 678 2100 honestatenatalium
688 2039 711 2112 ⁰,
721 2039 761 2103 de
776 2039 947 2122 divortiis⁷‚
957 2041 1044 2105 deni·

60 2151 126 2212 que
141 2130 289 2192 derebus
303 2125 452 2189 omatibus
467 2145 541 2189 cum
557 2129 714 2208 conjugali
749 2128 878 2192 vinculo
908 2133 1043 2194 necessi-

61 2223 207 2284 tudinem
223 2234 354 2299 quouuo
370 2216 464 2278 modo
480 2216 704 2278 babentibusss.
732 2253 771 2264 -
785 2217 881 2296 igitur
902 2219 972 2299 jure
986 2239 1043 2301 op·

61 2309 188 2372 timoin
210 2306 350 2369 Concilio
369 2303 552 2366 Tridentino
577 2305 742 2368 delinitum
768 2315 813 2368 est
841 2308 873 2369 in
901 2307 1044 2372 Ecclesiae

61 2405 220 2482 potestate
254 2413 321 2457 esse
354 2392 575 2475 impedimenta
601 2395 835 2456 matrimonium
868 2395 1046 2459 dirimentur

60 2487 248 2550 constituere
256 2483 282 2558 ⁹,
303 2491 331 2546 et
343 2502 449 2544 causae
459 2481 704 2545 matrimoniales
716 2483 758 2545 ad
766 2483 886 2562 judices
895 2485 1046 2548 ecclesias-

62 2579 140 2638 ticos
155 2580 293 2656 spectare
309 2571 348 2632 ⁴⁰.
971 2644 976 2652 .

103 2665 167 2726 Nec
188 2681 381 2742 quemquam
406 2668 532 2726 moveat
558 2659 613 2723 illa
641 2668 807 2744 tantopere
834 2681 853 2724 a
882 2662 1045 2744 Regalistis

60 2754 232 2838 praedicata
248 2752 421 2824 distinctio,
445 2751 477 2814 ui
504 2751 594 2832 cujus
623 2760 819 2814 contractum
842 2753 1044 2834 nuptialema

93 2932 116 2980 l.
133 2931 167 2978 lie
181 2929 292 2993 Apulae,
307 2931 377 2980 tione
393 2929 495 2992 llispau.
511 2935 573 2978 tom.
590 2931 670 2990 l‚can.
683 2929 720 2986 18,
735 2931 772 2988 15,
787 2929 824 2991 lb,
834 2929 873 2983 l'l.

91 3003 117 3051 2.
130 3001 248 3066 ilerdam,
257 3003 314 3050 let.
331 3000 430 3054 concil..
443 3006 501 3050 tom.
514 3001 534 3063 l,
551 2991 605 3050 c'tn.
618 3000 655 3050 ll.

92 3073 116 3122 3.
131 3071 206 3133 ibid,
219 3085 274 3121 can.
290 3073 328 3122 16.

90 3144 118 3196 l.
131 3143 214 3192 liutei.
230 3141 283 3194 131.

92 3216 116 3264 5.
134 3216 215 3276 Pejor,
228 3213 341 3264 llatrlm.
356 3227 387 3264 a
401 3214 483 3264 lrtsllt.
497 3212 591 3267 Citrtst.
604 3215 684 3274 vestit,
695 3214 765 3266 tuus.

93 3287 120 3336 s.
135 3286 190 3347 Gap.
203 3283 227 3348 3,
237 3285 359 3334 deordlm
377 3286 470 3348 sepult.

93 3357 117 3408 7.
130 3357 186 3420 Cap.
201 3356 225 3416 3,
240 3355 271 3406 dc
288 3356 384 3406 divort.

93 3429 116 3479 ll.
133 3429 189 3490 Cap.
199 3427 236 3488 13,
251 3429 292 3492 qul
306 3429 417 3490 fillistnt
432 3428 502 3493 tepet.

92 3502 121 3552 9.
143 3501 217 3563 Trid.‚
230 3514 289 3550 sess.
301 3511 366 3560 xxiv,
382 3514 435 3548 can.
447 3499 472 3549 1.

93 3572 132 3622 lb.
151 3571 223 3632 toln,
238 3585 292 3620 cau.
306 3569 346 3620 11.
