2462 3972
392 216 477 263 usna
497 215 652 265 snaunnoa.
948 217 1003 279 till

34 335 52 374 ι
76 315 126 379 uel
140 318 271 402 occulit,
287 340 324 387 eo
337 323 404 408 ipso
417 331 598 393 sententiam
615 333 940 398 excommunicationis
958 335 1006 397 in·

35 423 51 463 a
74 415 242 471 currant...
256 431 272 472 s
289 413 414 480 Prolata
425 419 517 482 verba
523 427 568 482 sat
582 429 695 502 patent.
709 423 789 486 llloto
801 423 899 488 solum
910 423 1005 507 quod,

33 493 90 556 etsi
108 494 178 560 brac
192 497 369 568 constitutio
385 503 530 572 Bonilacii
547 508 627 590 Vlll,
643 513 743 595 quoad
764 531 870 595 poenas
887 521 1006 596 tempe-

33 589 100 646 rata
112 584 231 651 ioeritt
244 589 431 659 ClementeV
445 598 477 660 in
493 597 629 663 Concilio
641 599 819 679 Viennensi,
832 613 1006 668 nontamen

32 669 92 733 luit
103 673 261 758 abrogata,
274 683 349 761 quin
358 684 458 764 potius
469 684 844 775 luittuneconlirmatalv.
859 692 1004 755 Clement.

33 761 333 841 unic.,delmmuait.
348 772 460 858 eccles.)
469 777 589 851 3imdin
601 780 693 841 Cone.
709 781 807 843 Later.
817 779 854 856 V,
866 781 898 842 in
908 789 1005 844 totum

32 869 127 914 suum
141 853 276 934 vigorem
290 857 348 922 luit
364 864 517 939 restituta;
528 875 558 929 at
575 867 630 931 luit
643 869 784 946 abrogata
799 871 832 932 G.
849 871 907 949 Aa.
929 868 1003 932 Sed.

60 943 95 1001 3⁰
112 939 261 1002 Probatur
273 942 390 1003 ratione
406 960 413 1002 :
431 945 463 1004 l⁰
482 944 520 1006 Ut
538 943 617 1006 bona
635 945 834 1013 ecclesiastica
856 955 1000 1018 oneribus

22 1027 201 1108 reipublicae
214 1027 321 1109 subiici
333 1029 483 1108 valerent,
498 1049 575 1112 opus
589 1039 665 1096 esset
680 1041 714 1098 ut
727 1037 785 1100 sub
791 1039 1000 1122 jurisdictione

21 1115 176 1200 Principis
190 1117 341 1180 saecularis
354 1124 455 1180 essent
470 1138 478 1179 :
492 1120 574 1201 atqui
590 1141 652 1185 non
667 1123 707 1187 ita
725 1144 773 1189 res
787 1145 818 1190 so
832 1127 931 1210 babet,
948 1133 999 1195 sed

21 1204 79 1265 illae
96 1223 148 1266 res
168 1210 239 1267 sunt
257 1207 376 1268 tantiam
390 1206 447 1269 sub
461 1207 541 1270 illius
555 1213 757 1292 protectione,
773 1221 807 1278 ut
819 1215 951 1282 diximus
969 1220 999 1283 in

20 1292 153 1354 articulo
167 1292 348 1374 procedenti
361 1297 460 1373 (5258,
477 1300 558 1375 etc).
577 1300 677 1380 Ergo,
694 1309 751 1365 ete.

59 1385 95 1443 2⁰
118 1380 252 1445 Tributis
275 1401 337 1445 non
365 1383 463 1446 solent
485 1387 620 1466 gravari,
637 1407 694 1453 nec
720 1411 844 1475 aequum
868 1405 946 1461 esset
969 1407 999 1462 ot

20 1475 222 1550 gravarentur
244 1470 325 1533 bona
347 1490 416 1554 quae
434 1472 473 1536 ad
486 1491 684 1540 communem
704 1481 863 1546 utilitatem
882 1487 1000 1569 impen-

20 1559 140 1623 duntur
165 1577 174 1620 ε
201 1559 292 1642 porrb
318 1559 399 1622 bona
423 1561 566 1626 Ecclesiae
588 1564 806 1647 impenduntur
832 1573 864 1634 in
887 1577 1001 1640 utilita-

21 1655 83 1711 tem
99 1665 320 1712 communem:
335 1647 519 1732 deputantur
536 1653 664 1716 enimin
684 1675 758 1720 usus
771 1659 941 1742 religiosos,
964 1667 1000 1727 ad

20 1738 143 1800 cultum
169 1736 326 1818 divinum,
354 1737 392 1801 ad
419 1741 667 1805 sustentationem
694 1745 921 1828 ministrorum,
950 1760 1002 1816 aut

20 1844 196 1908 pauperum
210 1826 423 1904 sublevamen3
439 1827 491 1891 sed
504 1827 570 1892 hee
587 1830 690 1893 omnia
704 1830 735 1893 in
749 1834 907 1899 utilitatem
921 1858 1002 1903 com·

21 1933 154 1980 munem
173 1921 321 1998 vergunt:
336 1917 469 1980 maxime
491 1917 575 1980 enim
599 1922 810 1985 communitati
831 1926 912 1989 utilis
935 1936 997 2000 est,

20 2006 85 2068 imd
106 2005 278 2069 necessaria
300 2004 436 2088 religio:
460 2005 587 2088 proinde
612 2007 693 2072 bona
716 2011 826 2093 quibus
849 2015 1002 2098 religionis

20 2093 142 2158 bonum
155 2100 366 2178 promovetur,
379 2095 412 2158 in
426 2095 585 2160 utilitatem
595 2115 793 2164 communem
809 2103 998 2186 adnitentum

22 2201 99 2264 ergo
120 2201 185 2247 non
205 2183 302 2266 magis
320 2184 437 2265 Justum
459 2191 538 2248 esset
557 2186 609 2250 illa
627 2187 747 2252 tributis
761 2210 884 2272 gravare
907 2199 1001 2280 quim

19 2277 132 2336 caetera
144 2272 225 2336 bona
236 2289 306 2354 quaa
319 2272 476 2337 communi
489 2273 606 2338 utilitati
617 2277 793 2344 inserviunt.

59 2365 156 2424 5286.
168 2360 299 2440 Objioies
313 2365 345 2423 1ο
355 2360 482 2424 Axioma
492 2362 570 2442 iuris
584 2384 593 2427 ε
611 2365 669 2442 Oui
680 2370 772 2430 sentit
785 2373 957 2437 commodum
970 2387 1001 2439 at

19 2471 92 2513 caus
102 2457 227 2533 portare
243 2448 344 2526 debet;
357 2450 410 2513 sed
426 2451 565 2514 Ecclesiae
580 2459 611 2514 et
622 2453 722 2518 clerici
737 2462 896 2524 commoda
909 2463 1001 2526 socie·

18 2541 90 2603 talis
103 2538 199 2602 civilis
215 2537 348 2601 sentiunt
368 2544 457 2621 prout
475 2538 525 2601 alii
544 2540 639 2620 cives;
655 2561 728 2625 ergo
746 2551 776 2607 et
795 2547 889 2628 ipsius
908 2569 999 2614 onera

17 2628 137 2692 debent
150 2625 276 2690 sufferre
285 2627 363 2690 sicut
376 2627 436 2690 alii.

48 2719 146 2798 Resp.
157 2715 456 2798 Distinguendozqui
465 2718 793 2784 sentitcommodumet
801 2742 879 2788 onus
888 2728 998 2792 sentire

15 2805 132 2868 debet:
148 2805 174 2866 si
189 2805 226 2866 sit
240 2804 392 2885 subjectus
405 2811 435 2868 et
448 2805 570 2892 aliunde
581 2807 630 2888 jus
649 2827 712 2872 non
726 2809 833 2876 habeat
854 2813 892 2876 ad
914 2833 998 2878 oom-

15 2893 151 2956 modum
164 2892 223 2955 nisi
235 2894 320 2957 oncri
334 2912 367 2956 se
380 2893 584 2959 submittendo
600 2915 608 2958 τ
630 2899 783 2978 conced03
795 2937 834 2947 -
847 2903 872 2965 si
886 2922 948 2967 non
963 2908 1000 2969 sit

15 2983 178 3062 subjectus
191 2987 222 3045 et
234 2981 342 3045 habeat
354 2983 405 3062 jus
420 2983 459 3045 ad
472 2985 680 3066 commodum,
701 2987 771 3052 licet
787 3007 819 3053 se
837 2993 923 3056 oneri
937 3013 998 3059 non

13 3070 200 3151 submittat,
224 3089 314 3152 nego.
339 3071 470 3134 Ecclesia
493 3073 575 3135 enim
596 3093 658 3137 non
679 3083 723 3140 est
742 3079 876 3159 subjecta
899 3091 998 3166 potes-

13 3160 73 3221 tati
97 3157 250 3236 saeculari3
263 3161 314 3240 jus
331 3164 433 3222 amen
452 3159 543 3223 babet
562 3162 779 3230 adfruendum
798 3169 886 3233 bonis
902 3175 997 3238 socie·

12 3250 92 3310 tatis
115 3248 229 3327 civilis,
252 3249 307 3310 etsi
332 3247 452 3311 tributis
479 3267 542 3312 non
563 3261 727 3333 oneretur,
748 3256 935 3342 debeturque
957 3263 999 3326 illi

15 3337 169 3401 orotectio
187 3337 227 3399 ob
250 3336 411 3400 innumera
432 3337 513 3400 bona
532 3357 602 3421 quae
621 3341 660 3403 ab
679 3345 751 3425 ipsa.
767 3347 899 3410 societati
923 3371 999 3433 praa-

12 3431 153 3506 stantum
169 3425 208 3490 de
225 3425 274 3489 itta
289 3425 488 3507 judicandum
502 3435 547 3491 est
563 3447 599 3492 ac
616 3430 655 3493 de
672 3451 743 3515 rege
762 3442 791 3498 et
804 3436 843 3500 da
856 3439 999 3505 ministris

8 3518 106 3594 ejus,
132 3515 187 3598 qui
209 3518 228 3579 a
249 3515 369 3579 tributis
391 3516 564 3581 eximuntur
588 3537 597 3580 ε
625 3540 641 3578 a
668 3521 750 3586 Sicut
773 3525 887 3607 (enim)
913 3547 999 3609 reges

6 3628 29 3664 ι
59 3603 295 3668 solticitudinem
315 3603 427 3668 baboni
444 3603 483 3669 <lo
507 3606 588 3670 bono
609 3607 731 3692 publico
754 3611 787 3674 in
810 3613 899 3675 bonis
921 3620 997 3676 tem·
