2482 3944
421 228 505 277 umcn
525 229 682 278 ceraunus.
1003 217 1036 278 tt

83 353 135 396 una
148 334 219 396 hora
240 352 301 395 non
323 333 469 395 effluxerit
487 333 518 394 in
533 339 732 407 nostrorum,
748 331 905 396 celebrans
926 333 1042 396 uidetur

75 422 257 484 adstrictusad
273 423 440 484 mutilatum
456 420 636 484 sacrificium
646 421 860 502 complendum
874 441 882 496 ;
898 429 1042 502 praeterea

82 513 102 571 si
115 511 246 572 sustineri
262 517 360 591 potest
377 510 458 592 quhd
469 529 531 572 non
542 511 778 591 interrumpatur
788 510 941 572 moraliter
954 530 1042 593 pran-

80 598 156 660 dium
170 598 217 660 die
227 599 356 679 ieiunii,
372 600 426 660 etsi
441 599 509 680 quis
523 599 686 662 surrexerit
703 599 720 660 a
735 602 840 661 mensa
853 600 956 662 animo
978 618 1040 662 non

80 688 200 768 amplihs
223 687 427 764 comedendi,
456 693 491 750 ut
511 687 604 750 videri
632 693 730 769 potest
760 688 840 768 apud
861 690 892 750 S.
917 689 1038 769 Liguor.

77 773 134 848 (litt.
148 779 178 852 3,
195 785 227 838 n⁰
236 781 338 852 laad),
352 794 407 839 cur
420 776 501 838 idem
511 776 569 838 dici
581 795 641 838 non
652 783 752 858 posset
764 776 802 838 de
816 776 906 837 missa
920 777 1041 858 quaudo

79 865 137 944 quis
149 865 275 928 discedit
288 867 327 927 ah
339 865 450 941 altare,
466 865 649 945 incomplelo
664 864 832 928 sacrificio?
842 867 942 946 Ergo,
957 873 1015 928 etc.

112 953 1039 1027 tart.ouaertt.a⁰00andiuChristianismumEucharisttat

116 1043 199 1124 llesp.
216 1043 340 1105 Certum
354 1051 383 1105 et
396 1042 434 1106 do
444 1041 503 1106 fide
513 1061 578 1104 esse
588 1043 738 1105 Christum
749 1061 871 1104 manere
882 1045 912 1103 in
923 1043 1034 1106 Eucha-

80 1131 151 1190 ristirl
163 1133 300 1212 quandiu
314 1133 430 1214 species
445 1151 506 1192 non
525 1139 593 1194 sunt
610 1139 759 1213 corruptae
775 1131 886 1208 (Trid.‚
902 1149 974 1193 sess.
986 1135 1034 1214 13,

79 1236 137 1280 cair.
151 1224 196 1297 l);
212 1239 304 1301 porro
319 1223 350 1282 in
364 1222 658 1284 communicantibus
672 1221 734 1282 haec
749 1222 955 1301 permanentia
970 1240 1034 1302 pen

79 1306 156 1370 det‘a
180 1311 326 1390 qualitate
349 1309 493 1372 stomachi
514 1311 611 1390 magis
632 1311 676 1372 vel
703 1309 803 1370 minus
825 1309 911 1370 calidi
929 1329 936 1370 :
952 1309 1038 1375 referi

81 1397 152 1477 lugo
162 1398 263 1479 plures
279 1398 413 1460 medicos
427 1401 443 1460 d
457 1416 490 1460 se
505 1400 607 1460 Romae
622 1398 775 1461 consultos
784 1405 903 1479 putasse
914 1399 944 1459 in
959 1399 1039 1461 laicis

80 1485 146 1548 intra
159 1489 313 1550 urinutum
332 1488 506 1568 corrumpi,
527 1493 558 1548 et
577 1489 608 1548 in
630 1487 784 1550 sacerdote
808 1487 883 1548 intra
907 1487 1039 1550 medium

79 1576 266 1654 quadrantem
275 1599 284 1651 ·,
294 1577 398 1638 saltem
410 1583 475 1657 post
489 1576 687 1657 quadrantem
697 1579 714 1638 a
724 1577 939 1638 communione
950 1578 1040 1639 etiam

81 1663 104 1721 in
118 1665 288 1743 sacerdote,
302 1673 336 1727 ut
348 1673 464 1727 certum
480 1664 568 1727 habet
578 1667 620 1727 De
630 1667 732 1745 Lnga,
747 1671 776 1726 et
790 1667 938 1726 consentit
952 1667 1040 1728 Croix

82 1751 167 1830 quoad
177 1773 281 1832 sanos,
293 1754 408 1836 specics
419 1751 752 1815 consummari-Vide
763 1756 794 1814 S.
806 1755 1038 1832 Liguor.(lih.6‚

83 1847 195 1919 η’ἓέὅ).

111 1931 301 1996 Innocentius
315 1933 355 1994 lll
377 1949 430 2012 per
452 1932 613 1992 Decretum
633 1930 664 1990 S.
685 1929 718 1990 G.
743 1926 895 1989 damnavit
911 1928 1040 1992 abusum

83 2019 200 2082 tradendi
224 2019 524 2084 communicantibus
546 2018 647 2099 plures
670 2017 760 2080 simul
787 2017 966 2098 particulas,
994 2019 1039 2082 uel

81 2108 152 2168 solito
166 2110 355 2188 grandiores.
372 2110 414 2186 (S.
430 2109 565 2188 Liguor„
581 2106 621 2168 ib.
639 2116 672 2168 n⁰
688 2109 769 2186 228.)

111 2199 193 2262 3378.
217 2200 343 2272 Quaerit.
359 2201 391 2260 3⁰
413 2201 459 2259 dn
473 2197 558 2258 liceat
576 2215 684 2278 spuere
698 2197 1036 2280 postcommunionem,

79 2292 120 2344 aut
133 2287 340 2350 inanducarei

113 2373 194 2456 llesp.
213 2383 245 2438 1⁰
260 2378 372 2438 Omnes
385 2375 546 2438 convenire
558 2393 727 2457 congruum
742 2383 852 2438 esseut
866 2379 1038 2440 eommuni-

78 2472 167 2526 cantes
187 2485 220 2529 sc
255 2465 424 2528 abstineant
453 2467 470 2527 h
497 2465 634 2546 spuendo
667 2483 721 2545 per
747 2465 868 2546 aliquod
894 2467 1038 2548 temporis

78 2555 213 2631 spatium,
229 2555 283 2618 sed
300 2555 400 2635 plures
413 2554 518 2616 dicunt
530 2555 649 2618 nullum
663 2555 694 2615 in
709 2553 766 2616 hoc
779 2573 845 2617 esse
858 2565 1036 2638 peccatum,

77 2639 97 2697 si
112 2645 224 2705 nullum
239 2643 345 2706 hostiae
359 2642 561 2725 fragmentum
576 2644 606 2704 in
622 2662 674 2706 ore
688 2645 875 2706 remanserit.

110 2733 193 2794 3379.
211 2766 245 2778 -
264 2737 297 2793 2⁰
319 2731 415 2794 Hodie
436 2732 553 2794 nullum
576 2740 620 2794 est
638 2739 794 2813 peccatum
815 2733 840 2792 si
862 2733 1038 2796 comedatur

77 2815 140 2880 dum
155 2821 255 2884 adhuc
269 2821 300 2882 in
322 2821 477 2882 stomacho
495 2826 686 2902 perseverant
706 2819 819 2901 species
839 2830 1037 2900 consecratae,

77 2908 157 2970 modo
177 2911 256 2973 adsit
273 2910 375 2990 aliqua
397 2927 487 2972 causa
502 2930 510 2972 ε
526 2915 605 2972 esset
626 2909 707 2970 enim
727 2909 828 2991 aliqua
849 2907 1039 2972 irreverentia

76 2999 187 3138 qnietis
202 2999 227 3060 si
241 2999 300 3060 hoc
315 2999 399 3061 heret
416 2999 530 3080 absque
553 2999 614 3061 ulla
635 3001 736 3061 causa.
759 2998 834 3061 llide
858 3000 889 3061 S.
914 2997 1036 3080 Liguor.

77 3082 329 3166 (inumata).

517 3237 537 3320 ς
553 3239 591 3302 11.

358 3372 402 3435 De
418 3371 525 3435 rana
540 3371 753 3439 Eucharistiae.

110 3519 195 3582 3380.
218 3521 330 3584 Forma
343 3521 535 3586 Eucharisliae
549 3523 659 3606 duplex
674 3531 719 3587 est
732 3526 808 3590 sicut
821 3529 946 3592 materia
957 3549 965 3606 ;
978 3549 1039 3594 una

80 3604 151 3666 anim
165 3617 209 3670 est
218 3611 322 3690 panis,
333 3618 364 3674 ct
376 3611 441 3673 hec
448 3619 493 3674 est
508 3631 543 3674 :c
556 3613 620 3676 Hoc
632 3623 675 3676 ert
688 3617 765 3676 cuim
778 3636 881 3700 eorpus
891 3621 985 3678 mutin
998 3633 1013 3678 u
1026 3639 1036 3692 2
