2420 3968
197 279 256 342 550
420 289 557 336 uauuacc
577 289 679 338 corius
699 287 780 336 runis
800 285 948 334 cluomcr.

196 389 317 474 jejuniis
330 389 522 452 observandis
539 408 546 450 :
563 387 595 451 in
618 385 799 469 quibusdam
813 383 896 446 enim
910 383 1085 450 dioeoesibus
1098 405 1145 450 uon

189 479 410 548 observabatur
429 479 578 558 jejunium
598 475 798 559 quammdam
817 473 989 555 vigiliarum
1014 475 1147 556 Apostolo-

200 589 281 644 rnm;
298 567 360 629 imo
374 567 406 628 in
420 567 509 629 certis
523 566 596 628 locis
610 565 802 627 omittebatur
813 563 966 644 jejunium
979 563 1147 646 vigiliePeu·

199 664 334 720 lecostes.
350 657 517 738 (Lequeux,
535 653 576 716 no
591 657 667 718 1003
679 692 687 704 -
701 657 802 733 1009.)

237 751 327 810 uult.
351 747 384 806 ln
407 743 500 806 Gallia
520 743 626 805 eodem
645 743 772 805 Decreto
790 759 852 824 quo
866 741 991 805 sublalae
1009 742 1086 806 111010
1097 742 1148 825 ple

200 853 300 916 noque
315 833 498 896 Festivitates
512 832 549 894 de
559 838 709 914 praecepto
722 880 730 909 ‚
745 831 889 913 pleraque
903 831 994 894 etiam
1004 833 1149 914 vigiliarum

197 925 312 1004 jejunia
326 923 449 986 fuerunt
462 922 578 984 sublata
595 941 603 982 :
621 944 635 979 c
650 921 797 983 Sanctitas
811 921 922 991 Sua...,
940 919 1036 1003 inquit
1048 921 1148 983 Cardia.

199 1035 214 1071 a
240 1013 368 1095 Capram
392 1013 433 1089 (in
456 1029 511 1072 suo
534 1010 655 1072 Indulto
679 1027 734 1091 pro
756 1007 932 1072 reductione
955 1011 1150 1085 resonum

200 1125 214 1160 1
240 1102 326 1183 april.
354 1103 453 1178 1800),
478 1097 565 1161 11οο10
584 1099 711 1177 injunxit
726 1104 760 1160 ut
773 1098 811 1158 de
825 1097 1006 1178 Apostolicae
1019 1099 1151 1180 potestatis

200 1215 214 1250 1
241 1189 441 1272 plenitudine,
457 1189 613 1249 Festorum
632 1185 819 1267 dierum,qui
834 1185 926 1248 iidem
940 1187 1084 1250 Dominici
1101 1205 1150 1248 non

200 1303 214 1336 1
240 1281 483 1350 sint,numerum
526 1276 564 1338 ad
585 1295 636 1340 eos
657 1277 777 1337 tantum
797 1275 830 1336 in
847 1275 990 1338 universo
1009 1277 1150 1339 Galliarum

201 1391 214 1425 1
238 1365 420 1448 Reipublicae
434 1365 582 1427 territorio
593 1370 761 1427 contractos
771 1381 836 1426 esse
849 1363 1079 1444 declararemus,
1089 1383 1152 1446 (pros

201 1479 214 1513 a
240 1456 277 1518 ad
300 1455 414 1518 calcem
433 1453 543 1516 Indulti
558 1454 648 1532 hujus
661 1452 923 1532 enumerabimus,
938 1453 980 1516 ita
1001 1461 1034 1518 ut
1047 1455 1154 1537 posthac

200 1569 214 1603 1
240 1546 271 1606 in
291 1543 415 1627 reliquis
434 1541 517 1604 lestis
536 1541 658 1613 diebuS,
678 1559 786 1602 omnes
808 1541 944 1620 ejusdem
965 1543 1083 1621 incolae,
1102 1563 1154 1604 uon

200 1661 214 1692 o
240 1633 339 1696 solirm
353 1636 370 1695 a
385 1638 534 1714 praecepto
548 1629 690 1692 audiendi
703 1631 826 1692 missam
835 1677 844 1708 ,
853 1631 1039 1713 vacandique
1049 1633 1084 1695 ab
1096 1651 1155 1714 ope

200 1749 214 1782 n
239 1723 323 1784 ribus
337 1720 503 1798 servilibus
515 1719 566 1782 sed
581 1722 597 1781 A
606 1719 723 1800 jejunii
736 1719 826 1780 attam
839 1717 1016 1802 obla'qaticoe
1030 1719 1155 1784 indictus

200 1837 213 1870 n
239 1811 291 1893 poi
303 1811 379 1892 ferto
388 1808 555 1891 hujusmodi
566 1807 892 1891 procimbproecedunt
906 1828 1029 1890 prorsus
1041 1811 1154 1874 absoluti

200 1926 213 1959 u
239 1907 418 1961 censeantur
432 1905 461 1960 et
475 1900 544 1960 sint.
562 1921 577 1956 a

237 1993 327 2048 1917.
351 1987 437 2049 llude
462 2003 621 2067 suppressa
650 1985 735 2049 luere
760 1987 875 2066 jeiunia
901 2009 970 2072 quae
994 1993 1157 2074 precedunt

199 2077 283 2135 Festa
297 2077 327 2136 S.
343 2075 469 2137 loannis
485 2077 622 2154 Baptistae
637 2081 666 2137 et
680 2077 904 2156 Apostolorum.
922 2083 969 2141 An
980 2088 1079 2143 autem
1093 2101 1158 2162 sup

197 2181 335 2243 pressum
359 2161 448 2224 fuerit
466 2163 557 2223 etiam
576 2163 726 2243 jejunium
748 2165 856 2246 vigiliae
879 2169 934 2232 SS.
956 2171 1157 2252 Apostolorum

197 2251 275 2314 Petri
290 2257 320 2312 et
333 2250 440 2312 Pauli?
453 2250 555 2333 plures
569 2269 764 2334 suppressum
779 2259 985 2336 autumni-unt,
1001 2260 1077 2322 inter
1089 2279 1158 2342 qum

196 2339 334 2422 Episcopi
359 2339 531 2402 Belliceusis
555 2340 671 2420 (Bituel
683 2340 716 2403 de
731 2341 853 2425 Belley,
870 2352 945 2416 tom.
972 2352 1010 2428 l,
1030 2351 1064 2410 n⁰
1083 2353 1156 2424 0011,

198 2429 387 2507 BisuntinuS,
429 2429 669 2508 suessionensis,
703 2433 853 2512 Aquensis
884 2436 931 2513 (1).
966 2437 1158 2507 Boissonner,

196 2518 278 2582 Dice.
294 2517 483 2598 desultorem,
497 2525 528 2580 v‘
549 2518 657 2591 reto,
673 2518 691 2600 ᾖ
705 2522 749 2597 3);
775 2521 876 2583 Andre
901 2524 1007 2603 (Coars
1028 2529 1063 2590 de
1075 2528 1160 2590 Dmi't

194 2628 296 2687 conon,
315 2617 346 2670 v⁰
359 2609 460 2686 letne)
468 2624 481 2682 ,·
493 2625 581 2670 secus
594 2615 696 2669 tamen
715 2608 816 2689 plures
830 2611 878 2672 alii
908 2615 1021 2696 opinati
1035 2625 1118 2696 suut,
1132 2627 1162 2680 cl

193 2697 255 2776 jam
280 2701 317 2760 15
338 2696 417 2778 junii
441 2699 534 2773 1800,
559 2694 810 2778 Archiepiscopus
833 2701 1008 2767 Parisiensis
1030 2707 1092 2768 DD.
1115 2709 1161 2768 Du

195 2787 298 2868 Belloy
312 2785 533 2868 proscripserat
545 2781 604 2846 hoc
614 2784 765 2864 jejunium
780 2805 834 2866 pro
848 2788 972 2855 sabbato
989 2793 1069 2876 quod
1087 2815 1159 2877 prar-

194 2875 274 2936 cedit
296 2875 496 2952 Dominicam,
522 2873 560 2935 ad
580 2891 673 2954 quam
687 2873 867 2938 Solemnitas
882 2880 936 2944 SS.
953 2884 1159 2964 Apostolorum

193 2961 272 3024 Petri
286 2971 315 3023 et
325 2963 407 3024 Pauli
418 2961 666 3039 estremittendar,
675 2963 759 3042 juxta
777 2966 985 3046 supradictum
998 2972 1155 3036 ludullum.

194 3049 275 3112 Idem
299 3057 454 3130 peregerat
477 3053 540 3113 DD.
567 3051 708 3113 Bechercl
732 3051 898 3136 Episcopus
920 3059 1157 3141 valentinense,

194 3139 304 3220 qui,23
320 3145 395 3218 sept.
410 3141 498 3216 1803,
508 3140 747 3203 inlustruclicne
758 3145 897 3222 pastorali
908 3147 953 3210 sic
964 3149 1160 3214 eternales

194 3247 208 3285 1
232 3225 421 3287 abstinences
434 3233 463 3288 et
477 3227 520 3288 les
528 3228 637 3306 jellnes
650 3229 702 3310 qui
717 3229 835 3293 avaient
848 3232 908 3297 lieu
928 3236 972 3299 les
991 3239 1089 3302 veillcs
1103 3240 1161 3302 des

193 3333 207 3371 1
231 3311 305 3372 setes
327 3313 521 3391 transientes,
537 3325 606 3378 sont
619 3317 789 3398 cgalenient
801 3325 949 3406 renvcye's
962 3345 1019 3390 aux
1032 3327 1161 3392 semeriis

192 3421 207 3458 u
232 3399 332 3461 veilles
346 3401 384 3462 de
398 3419 448 3463 ces
461 3401 545 3464 seles.
560 3426 576 3464 n

193 3573 199 3586 Ι
222 3489 281 3586 'Re'
292 3488 415 3568 quidem
433 3494 520 3566 veru,
536 3494 567 3554 in
582 3512 673 3576 supra
691 3508 771 3563 uicto
789 3501 912 3568 indulto
933 3507 1163 3591 supprimuntur

190 3593 303 3671 pejurus
322 3577 489 3656 vigiliarum
503 3577 650 3645 festorum
664 3603 912 3671 suppressomm3
928 3599 981 3659 sed
995 3600 1062 3661 cum
1080 3601 1162 3664 inter

191 3661 241 3722 illa
255 3661 328 3724 festa
342 3663 402 3725 sint
421 3663 560 3745 quaedum
580 3690 649 3752 quae
664 3692 728 3739 uon
740 3689 812 3744 sunt
831 3683 959 3748 omnino
980 3705 1158 3768 suppressa,
