2434 3940
192 192 249 254 968
418 210 557 258 uamuaea
577 209 678 258 nortus
698 211 780 257 ruars
800 209 948 256 canonica.

191 319 274 375 retur
287 314 404 376 tantum
419 314 498 377 circa
518 313 712 395 qualitatem;
728 313 832 374 verbm
853 311 997 392 deceptus
1015 309 1146 372 actionem

190 400 325 464 habetad
335 403 512 465 irritandum
522 411 728 476 contractum,
744 400 956 480 licetdeceptio
966 395 1147 462 abaliotertio

191 489 387 572 procederet:
404 491 465 554 imrd
480 499 523 554 sat
538 491 692 572 probabile
706 497 751 552 est
765 489 847 572 qubd
862 489 923 550 non
937 497 1071 550 teneatur
1083 493 1150 546 stare
1196 527 1198 566 3

190 581 356 642 contractui
383 580 413 642 in
428 579 611 643 conscientia
624 627 632 655 ,
647 580 671 641 si
691 597 765 642 suus
778 597 862 640 error
874 579 944 640 vere
963 576 1049 640 luerit
1066 575 1149 638 imin-
1196 635 1197 658 ἶ

191 667 300 730 cibilis.
327 670 515 732 Probabiliirs
537 675 581 730 est
603 669 674 730 verb
692 667 774 750 quod
788 667 942 749 decipiens
960 673 1038 728 stare
1057 663 1154 726 debeat

190 756 254 818 suis
269 757 434 838 promissis.
450 761 492 836 (S.
508 757 644 838 Ligunn,
660 756 712 818 lib.
729 761 763 828 6,
780 756 821 818 n¹·
836 759 915 831 835,
931 757 1032 836 836.)·

230 849 321 908 3985.
344 847 374 909 Si
385 854 486 909 autem
497 865 550 930 per
561 852 676 908 metum
686 863 807 926 gravem
816 844 1153 924 contraherenturspon·
1199 833 1200 904 l

192 933 282 1011 salia,
297 935 395 998 ualida
408 935 533 1017 quidem
552 941 654 997 essent
675 936 698 996 si
714 941 813 997 metus
826 941 905 996 esset
915 935 1014 1012 justus
1029 953 1037 995 :
1058 932 1082 996 si
1095 927 1154 1029 verd

194 1031 274 1086 esset
288 1025 417 1104 injustus
430 1033 460 1088 et
473 1044 509 1089 ex
518 1027 607 1088 causti
621 1024 787 1086 extrinseca
799 1071 808 1102 ,
822 1023 1002 1086 scinduntur
1017 1025 1078 1084 ult.
1095 1017 1156 1080 :alu

192 1115 275 1176 enim
289 1115 393 1177 volunt
408 1115 456 1177 illa
476 1133 541 1178 esse
555 1116 671 1176 tanturn
688 1112 906 1187 rescindibilia‚
922 1111 971 1174 alii
985 1120 1086 1174 autem
1101 1111 1157 1190 ipso

190 1203 258 1283 jure
274 1203 356 1265 nulla
367 1225 375 1279 ;
387 1211 421 1266 ut
431 1203 661 1286 probabiliorem
670 1202 759 1264 habet
774 1204 805 1264 S.
816 1201 975 1284 bignonius
988 1200 1158 1264 sententiam
1200 1229 1201 1288 3

193 1309 262 1370 quac
277 1291 351 1354 dicit
364 1293 412 1354 illa
427 1312 492 1356 csse
507 1293 572 1373 ipso
583 1293 651 1371 jure
671 1291 772 1353 nulla:
789 1307 851 1352 non
865 1291 964 1352 solium
977 1290 1018 1352 ob
1030 1309 1098 1372 cap.
1113 1287 1160 1349 Ec
1200 1289 1201 1334 t

193 1377 321 1450 litteris,
340 1379 374 1442 de
388 1380 514 1463 despuas.
533 1379 658 1462 impul„
674 1379 726 1442 sed
742 1380 814 1460 quia
829 1396 919 1442 nemo
933 1385 1031 1461 potest
1043 1375 1159 1458 obligari

193 1467 230 1530 ad
245 1469 471 1550 exsequendum
486 1478 587 1532 aetum
602 1487 656 1551 per
669 1486 701 1530 se
718 1469 853 1546 nullutn,
868 1475 898 1530 et
911 1469 959 1530 eui
973 1469 1023 1547 jus
1038 1467 1160 1538 resistit,

194 1559 283 1638 quale
297 1565 375 1620 osset
385 1560 611 1620 matrimonium
621 1558 748 1620 durante
758 1557 806 1620 tali
819 1567 902 1619 metu
910 1556 1161 1629 contrahendum

195 1646 320 1728 proinde
335 1647 435 1709 necad
451 1647 544 1728 ipsius
560 1647 658 1709 media
671 1665 725 1709 seu
737 1646 986 1728 praeparationem
996 1655 1088 1728 prout
1101 1649 1165 1708 sunt

194 1735 344 1816 sponsalia
359 1737 405 1807 (S.
422 1737 557 1818 Lignea,
574 1735 625 1798 lib.
642 1739 680 1813 6,
697 1745 730 1798 n⁰
751 1739 832 1814 Sti).
848 1771 888 1782 -
902 1737 946 1798 Ex
967 1755 1035 1818 cap.
1053 1737 1108 1799 Es
1121 1734 1165 1794 lit·

195 1826 268 1888 teria
284 1825 373 1889 modo
388 1826 494 1904 citato,
509 1825 660 1908 sponsalia
675 1833 758 1888 metu
774 1831 928 1888 contracta
942 1843 1003 1889 non
1017 1825 1165 1907 obligant,

195 1915 310 1978 etiamsi
326 1923 426 1978 essent
437 1917 610 1994 juramento
624 1914 753 1977 tirmata.

234 2005 323 2065 3986.
347 2003 452 2075 Quoad
471 2003 623 2084 sponsalia
645 2009 798 2066 contracta
812 2008 896 2067 metu
916 2003 972 2065 lesi
987 2001 1040 2084 qui
1053 2001 1168 2067 dederit

193 2109 314 2152 causam
330 2093 496 2154 contractui
510 2139 518 2170 ,
537 2093 622 2172 juxta
635 2091 879 2155 communiorem
892 2097 923 2155 et
935 2092 1167 2174 probabiliorem

194 2180 397 2258 sententiam,
419 2180 515 2242 valida
533 2187 734 2261 reputantur:
751 2189 884 2244 attamen
905 2182 1104 2244 communius
1117 2199 1168 2263 pa·

193 2268 307 2329 riterac
315 2268 499 2349 probabilius
505 2275 625 2332 tenetur
639 2271 868 2334 contrahentem
876 2288 912 2333 ex
922 2270 973 2332 tali
988 2279 1071 2334 metu
1082 2287 1170 2353 posse

21 2445 28 2452 ,
130 2437 132 2440 .
194 2356 223 2418 in
239 2357 422 2420 conscientia
437 2358 486 2420 illa
500 2358 693 2422 rescindere:
707 2366 818 2434 metus,
834 2367 867 2423 ut
881 2367 972 2441 patet,
988 2363 1170 2442 supponitur

194 2443 305 2524 iniuste
320 2447 467 2510 incussus
484 2449 515 2510 S.
532 2447 654 2529 Liguor.
671 2447 739 2526 (im,
754 2467 848 2531 quaer.
866 2452 890 2510 ll
905 2455 935 2510 et
949 2449 1007 2527 ill).

234 2537 323 2597 3687.
339 2571 379 2583 -
393 2539 426 2597 lt
440 2537 544 2598 liutem
558 2555 570 2599 .·
584 2536 666 2598 unde
682 2536 706 2599 si
722 2555 784 2600 una
805 2555 873 2619 pars
887 2538 1005 2599 tantum
1018 2535 1171 2619 obligare·

194 2627 243 2685 tur
267 2624 362 2704 (quod
393 2625 576 2707 probabilius
599 2627 686 2688 lieret
707 2645 779 2688 casu
802 2645 865 2708 quo
893 2626 988 2707 ipsius
1010 2627 1173 2706 promissio

194 2721 272 2775 esset
286 2713 436 2792 absoluta,
454 2715 599 2796 gratuita,
615 2723 644 2778 et
658 2715 701 2778 sic
717 2723 923 2796 acceptaretur
937 2713 975 2776 ab
989 2713 1047 2777 atta
1062 2719 1171 2796 parte),

195 2809 267 2864 tunc
280 2813 358 2865 esset
371 2803 494 2886 quidem
509 2805 675 2886 obligatio,
690 2803 742 2865 sed
758 2821 819 2866 non
833 2811 933 2866 essent
953 2803 1129 2884 sponsalia;
1146 2811 1174 2870 et

194 2899 239 2951 sat
254 2891 446 2970 probabiliter
460 2893 527 2956 talis
541 2891 683 2974 obligatio
700 2911 761 2954 mon
781 2899 903 2974 urgeret
924 2892 982 2955 sub
1001 2893 1095 2973 gravi,
1117 2911 1173 2956 nec

195 2977 374 3058 produceret
390 2981 643 3061 impedimentum
658 2981 786 3063 publicae
801 2981 975 3046 honestatis.
992 2983 1025 3044 S.
1045 2983 1174 3063 Liguor.

194 3065 257 3142 (tiu.
274 3068 310 3142 6,
328 3079 360 3127 n⁰
374 3069 454 3144 837).
471 3103 511 3115 -
526 3071 597 3132 Haec
611 3077 788 3151 supponunt
801 3071 883 3152 qarbd
898 3077 1059 3153 acceptans
1075 3088 1175 3152 spon-

196 3153 265 3216 salia
276 3172 336 3216 non
347 3153 414 3218 ideo
427 3165 585 3221 censeatur
600 3177 720 3240 semper
734 3159 823 3221 simul
835 3159 1044 3241 repromittere
1053 3157 1130 3222 :boc
1141 3165 1177 3222 ut

194 3240 377 3322 probabilius
391 3245 409 3306 a
430 3245 532 3306 multis
547 3245 673 3308 habetur
691 3255 796 3309 contra
810 3247 899 3310 etiam
915 3247 1049 3328 pluresd
1072 3248 1103 3308 S.
1123 3249 1175 3309 Li-

194 3330 301 3408 guorio
315 3333 420 3395 citatos
434 3333 499 3411 (im,
517 3344 549 3396 ηο
564 3337 647 3410 836);
663 3334 758 3397 sedin
773 3335 847 3398 lacta
863 3334 1040 3417 hypothesi,
1055 3341 1174 3418 etpro-

194 3419 316 3481 mittens
329 3422 367 3482 sit
379 3422 539 3503 obligatus,
555 3424 719 3504 requiritur
733 3431 766 3486 ut
779 3424 906 3487 voluerit
918 3441 951 3486 se
964 3423 1096 3506 obligare
1124 3425 1177 3487 im·

193 3505 397 3585 dependenter
406 3511 823 3598 abalteriusrepromrssrone,
834 3525 924 3600 atque
938 3511 1041 3580 boosit
1050 3519 1171 3582 cattum

194 3591 290 3671 (ibid).
