2434 3940
346 189 446 235 arnan
467 191 624 238 sacunnus.
773 151 778 158 ’
930 180 985 240 tlt

53 277 131 342 nitens
141 283 265 359 tantiam,
280 282 318 346 ad
337 303 422 347 snam
437 285 658 360 contusionem,
673 285 744 350 velit
758 286 878 369 publicb
892 287 988 350 conii·

51 369 105 444 trri;
124 373 152 433 5·
175 390 276 434 omnes
304 373 414 453 quibus
432 373 545 456 aliquid
570 377 715 458 sacrilege
738 375 900 438 revelatum
924 381 988 456 est,

50 457 111 518 anda
121 457 154 519 de
171 459 226 523 hoc
246 479 302 523 nec
316 461 394 522 inter
407 480 438 524 sc
452 463 583 546 colloqui
599 471 745 546 possunt;
760 467 794 526 6ο
809 465 893 545 Juxta
906 481 989 529 com-

48 546 186 610 muniorem
200 555 227 611 et
240 549 472 630 probabiliorem
492 553 673 616 sententiam
687 559 769 632 (nam
788 553 827 616 de
844 553 902 618 hoc
915 571 990 618 carn·

48 635 214 716 mannitur),
230 639 341 701 Ductor
357 639 403 701 vel
421 639 496 703 alius
510 641 580 722 qui,
602 660 672 704 cum
692 642 864 724 poenilentis
884 641 987 719 venia,

29 776 31 780 .
48 725 182 788 consulitur
200 748 208 802 ;
235 733 268 788 'l’
296 726 348 808 qui
376 728 513 791 scribunt
533 731 756 793 consessionem
778 731 925 808 rudium,
944 732 989 793 vel

47 828 127 875 eornm
140 815 185 896 qni
201 815 341 898 ignorant
358 816 492 900 linguam
506 817 679 882 confessarii
690 819 833 900 ,quoties
860 819 908 881 vix
931 820 989 881 alio

46 901 115 962 arado
130 905 271 968 conlassio
293 905 357 968 lieri
379 912 489 991 posset.
513 909 560 982 (P.
585 909 678 988 bury,
706 913 781 970 tom.
798 912 836 986 Ξ,
852 917 885 970 n·
903 911 989 984 498.)

73 993 144 1056 3901.
164 996 249 1058 turta
264 996 336 1057 verb
351 995 582 1076 probabiliorem
592 997 791 1067 sententiam,
805 995 842 1059 ad
858 995 986 1078 sigillum

45 1093 89 1140 non
107 1089 225 1157 tenetur,
254 1083 309 1146 sed
336 1084 436 1146 solum
450 1083 488 1146 ad
507 1093 655 1148 secretum
671 1086 823 1160 naturale,
839 1086 865 1148 is
887 1088 904 1148 a
928 1102 989 1167 quo

45 1171 162 1248 penitens
171 1173 240 1254 petit
252 1173 416 1237 consilium
433 1174 464 1235 in
477 1173 583 1237 online
596 1175 633 1236 ad
648 1193 735 1238 suam
748 1173 984 1248 contessionem

45 1260 125 1340 ncipit
137 1269 231 1325 tamen
247 1265 278 1326 S.
295 1262 419 1344 Liguor.
436 1262 499 1340 (lib.
516 1267 601 1340 6‚n⁰
617 1263 689 1344 aaa)
700 1283 803 1326 casum
819 1281 881 1346 quo
896 1264 986 1346 pont·

44 1353 91 1408 tans
101 1352 249 1414 committit
262 1351 412 1414 sacenloli
428 1359 549 1434 peccata
563 1371 616 1414 sua
631 1361 753 1435 propter
768 1371 853 1416 suam
869 1351 986 1414 eonles·

44 1437 130 1501 sianrm
141 1443 234 1504 eidcm
250 1450 355 1524 postea
369 1439 557 1518 taciendam,
573 1441 649 1523 quia
659 1441 831 1520 hujusmodi
847 1439 986 1504 maniles·

43 1526 93 1589 tatio
104 1541 142 1592 ast
154 1531 293 1613 quaedam
306 1529 447 1593 inchoata
462 1530 631 1608 confessio,
655 1531 729 1593 dum
744 1531 894 1612 poenitens
916 1537 988 1593 tunc

43 1621 161 1693 premittit
174 1621 252 1684 banc
265 1618 543 1684 manifestationem
557 1626 591 1683 ut
603 1619 691 1682 citius
706 1627 809 1701 postea
822 1618 987 1682 confessio·

43 1720 93 1768 non
103 1710 243 1791 expediat.

68 1797 127 1860 lura
136 1801 215 1879 Juxta
226 1799 511 1864 communissimam
525 1799 716 1873 sententiam,
731 1797 768 1879 ad
778 1796 911 1878 sigillum
925 1815 988 1858 non

42 1887 190 1971 teneturqui
209 1889 284 1973 legit
298 1889 432 1952 chartam
453 1889 484 1950 in
508 1889 569 1969 qua
590 1885 741 1969 poenitens
761 1884 879 1966 scripsit
902 1902 987 1946 suam

41 1977 243 2042 maleaionem:
253 1979 329 2062 quia
343 1978 392 2039 illa
406 1979 553 2059 scriptura
564 1995 625 2037 non
637 1982 682 2036 est
691 1974 814 2038 actualis
823 1971 985 2051 confessio;

41 2067 130 2128 salassi
140 2079 239 2131 mutus
248 2065 622 2132 caroliteaturconlessario
630 2064 780 2146 prasenti,
791 2071 822 2127 et
830 2063 988 2126 casualiter

42 2155 225 2220 contessionem
242 2157 387 2238 scriptam
401 2155 509 2238 aliquis
523 2155 648 2234 lageran
667 2171 753 2216 secus
772 2153 862 2215 eliam
880 2153 988 2236 siquis

43 2239 123 2322 lepra
134 2249 292 2330 epistolam
307 2247 338 2307 in
353 2249 412 2324 oua
427 2246 536 2326 petitur
556 2243 674 2305 lieentia
689 2241 861 2306 absolvendi
876 2241 914 2303 ab
933 2243 987 2304 ali-

40 2349 83 2409 quo
93 2354 155 2400 casu
168 2343 341 2411 reservato;
356 2335 401 2396 vel
421 2333 445 2396 si
466 2333 615 2414 legaretur
634 2331 735 2394 charta
750 2333 853 2396 utica
867 2331 897 2392 in
912 2350 986 2394 con-

41 2419 157 2488 talanat
172 2434 241 2509 post
254 2423 475 2488 consessionem
496 2429 666 2504 peractam,
686 2421 730 2483 vel
751 2427 921 2503 porrectam
936 2439 986 2483 sa-

40 2511 123 2576 cerdoti
144 2533 197 2598 pro
217 2513 409 2579 consessione
432 2509 587 2584 facienda,
611 2510 683 2592 quia
706 2511 854 2592 porrectio
876 2508 928 2570 illa
944 2517 987 2572 est

39 2603 147 2677 quadan
155 2600 538 2668 inchoataconlessio.-·ln
550 2603 659 2680 magna
671 2598 855 2670 necessitate,
867 2605 938 2676 puta
950 2597 987 2657 ad

38 2689 180 2756 satiandam
194 2691 415 2774 rempublicam
430 2697 481 2752 aut
494 2690 585 2751 vitam
598 2686 779 2761 innocentis,
796 2683 874 2744 licite
889 2691 989 2762 posset

37 2792 157 2845 secretum
171 2781 316 2858 revelari,
339 2781 370 2841 in
385 2777 503 2841 casibus
523 2777 635 2859 quibus
655 2791 718 2836 non
739 2771 824 2833 adest
845 2769 988 2850 obligatio

36 2869 107 2932 rutra
128 2873 186 2936 illo.

64 2893 138 3024 aab}
155 2959 380 3030 Confessarius,
396 2973 597 3038 interrogatas
610 2953 648 3016 de
670 2951 706 3015 iis
720 2969 789 3034 quae
802 2950 840 3013 ad
854 2947 988 3033 sigillum

37 3057 164 3129 spectant,
181 3049 393 3132 potcstdiccre
418 3047 510 3110 eliam
534 3045 790 3122 cumjuramento
809 3059 841 3103 se
864 3057 901 3102 ea
925 3056 987 3100 nes-

37 3136 98 3198 cire:
111 3140 178 3222 quia
192 3141 243 3202 illa
258 3135 362 3201 revera
377 3135 471 3198 nescit
485 3134 635 3210 ethome,
650 3139 680 3193 et
694 3129 797 3211 nequit
812 3127 987 3208 interrogari

38 3224 78 3286 nisi
90 3239 231 3310 qrratenus
246 3228 358 3304 bomo,
376 3244 437 3288 non
452 3225 522 3286 verb
537 3229 681 3304 tanquam
699 3219 901 3282 confessarius
910 3237 917 3294 ;
935 3217 987 3280 sed

37 3317 186 3394 regulariter
201 3318 236 3381 ad
257 3314 430 3396 hujusmodi
456 3310 703 3390 interrogationes
727 3308 837 3370 meliirs
863 3315 907 3368 cst
930 3324 988 3368 res·
1077 3383 1084 3393 .

36 3405 147 3478 pondere
161 3409 199 3469 ab
213 3408 318 3482 initi03
334 3405 385 3466 las
407 3401 650 3482 interropatioaes
663 3417 719 3458 non
742 3415 799 3458 ease
819 3395 986 3471 leocados,-

36 3487 91 3553 ilcm
104 3493 127 3556 si
146 3497 344 3576 interrogatur
367 3511 405 3556 an
429 3490 587 3554 absolverit
607 3487 759 3568 aliquem,
784 3483 986 3565 respondeat:

36 3577 133 3650 sanctur
151 3605 211 3647 ram
234 3584 328 3648 adicio
348 3601 409 3644 meo
423 3598 436 3646 .·
450 3579 502 3642 sed
525 3577 623 3644 adbuc
643 3575 751 3644 melitis
774 3583 818 3634 est
836 3574 859 3634 si
884 3571 986 3634 dicat:
