2420 3968
183 247 238 310 uta
401 265 538 311 esuriam
559 264 659 310 rorrus
679 263 760 310 runis
781 263 928 310 canonici.

179 360 340 424 attentione
350 361 478 438 interne,
488 379 548 424 uon
565 361 640 424 adsit
649 357 991 441 orati0‚quaedeiinitur
1005 381 1012 422 ε
1029 361 1142 424 elevatio

180 451 285 512 mentis
305 448 345 510 od
364 451 455 512 Deum
461 473 472 522 ‚·
491 450 573 513 uude
591 469 638 532 ap.
659 451 690 514 S.
710 451 814 513 Matth.
831 449 907 532 (cap.
935 454 993 526 15,
1018 470 1046 512 v.
1071 454 1098 526 8)
1111 449 1142 511 dc

179 538 291 601 ludaeis
312 539 508 622 conqueritur
530 539 663 603 Christus
676 539 781 603 dicens
798 558 805 602 :
826 539 990 620 «Populus
1003 539 1055 604 hic
1068 539 1142 602 labiis

180 651 194 687 o
220 645 268 691 me
282 629 420 706 honorat,
428 647 480 694 cor
494 635 593 692 auum
608 647 714 692 eorum
728 629 876 712 longeest
890 630 907 692 a
921 647 972 691 me
983 651 1015 706 »3
1032 635 1063 692 et
1072 628 1142 710 apud

181 721 212 782 S.
227 721 376 783 loannem
391 721 468 801 (cap.
484 723 523 797 l,
539 738 566 782 v.
590 722 638 798 23)
660 718 755 782 dicit:
777 718 876 782 «Veri
891 717 1066 782 adoratores
1077 717 1149 798 ado-¹

180 831 195 866 v
219 807 329 870 rabunt
350 810 469 872 Patrem
492 808 523 870 in
542 807 649 889 spiritu
669 814 699 870 et
712 807 844 870 veritate.
861 829 876 867 r
892 809 1024 889 Insuper
1039 809 1071 868 in
1084 826 1141 888 cap.

182 895 325 974 Dolentes,
338 898 373 962 de
383 897 572 961 celebratione
582 899 677 976 mise,
685 897 819 960 Ecclesia
828 895 967 980 praecipit
973 905 1008 959 ut
1018 896 1141 959 officium

180 986 279 1049 deuoti
291 987 556 1069 celebremque
564 985 683 1049 devotio
692 1003 754 1047 non
763 983 880 1048 videtur
889 1003 978 1068 posse
990 986 1142 1049 consistere

182 1076 213 1139 in
228 1076 311 1140 nuda
323 1077 482 1140 verborum
497 1075 674 1158 prolatione.

221 1167 353 1229 Secunda
366 1173 467 1228 tamen
481 1165 628 1227 sententia
642 1163 794 1227 contendit
809 1182 872 1227 non
885 1164 1001 1246 requiri
1017 1165 1141 1228 attentio·

183 1271 253 1318 nem
274 1258 442 1331 internam,
462 1254 515 1316 scd
537 1253 676 1316 sulficere
696 1253 895 1316 intentionem
916 1254 1064 1318 recitandi
1082 1271 1141 1318 cunr

183 1346 344 1408 attentione
367 1347 511 1418 externa,
530 1351 560 1405 et
577 1343 682 1407 dicunt
700 1343 790 1406 talem
804 1343 973 1406 orationem
986 1363 1054 1408 esse
1068 1345 1142 1408 subs-

183 1435 340 1496 tantialiter
353 1451 455 1495 veram
477 1432 664 1511 orationem,
686 1433 765 1495 siout
777 1431 801 1494 si
816 1431 885 1514 quis
900 1434 1040 1496 recitaret
1053 1451 1142 1498 coram

182 1541 252 1604 rege
265 1521 432 1585 orationem
446 1523 645 1603 compositam
654 1521 692 1585 ad
701 1522 833 1604 aliquam
848 1523 976 1604 gratiam
990 1523 1142 1606 impetran-

181 1612 263 1689 dnm,
278 1613 359 1675 certe
372 1618 481 1688 oraret,
492 1611 546 1674 etsi
558 1619 633 1675 tunc
646 1611 684 1674 ad
698 1611 754 1674 alia
769 1618 846 1674 esset
859 1619 962 1674 mente
976 1612 1141 1676 distractus:

181 1703 278 1765 oratio
298 1702 381 1765 enim
402 1699 545 1764 definitur
561 1701 690 1784 :petitio
707 1700 869 1763 decentium
887 1701 906 1763 ἁ
932 1701 1003 1764 Deo.
1024 1703 1056 1764 Si
1073 1703 1144 1765 enim

183 1792 297 1856 addunt
309 1793 427 1875 patroni
440 1791 531 1870 hujus
545 1791 716 1861 sententie.
738 1790 833 1852 oratio
846 1789 922 1852 lacta
945 1809 1019 1853 cum
1033 1792 1144 1854 distrac-
1199 1811 1200 1822 ¹

182 1883 264 1944 tione
286 1881 484 1944 involuntaria
504 1886 549 1942 est
570 1881 668 1958 certe,
690 1881 776 1960 juxta
798 1897 924 1957 omnes,
948 1883 1142 1958 versorum,

182 1971 336 2052 quomodo
349 1989 411 2033 non
421 1971 478 2032 erit
490 1970 585 2032 oratio
598 1969 714 2032 etiamsi
728 1968 796 2049 quis
806 1969 844 2032 sit
852 1968 1022 2033 voluntarie
1031 1970 1143 2033 distrac-

182 2065 247 2134 tus,
263 2061 287 2120 si
301 2077 403 2122 revera
416 2058 485 2120 velit
498 2058 608 2121 orare?
621 2057 770 2120 destructa
789 2057 888 2136 enim,
906 2060 1047 2141 quamvis
1062 2061 1144 2122 incul·
1198 2093 1199 2100 κ

182 2148 338 2229 pabiliter‚
354 2147 395 2208 rei
410 2146 558 2226 essentia,
575 2147 703 2230 ipsamet
716 2165 765 2209 res
779 2147 933 2211 destructa
947 2151 1143 2214 est-Dicunt

182 2234 304 2318 quidem
318 2235 478 2298 adversarii
495 2237 600 2300 adesse
619 2237 817 2299 attentionem
839 2236 1019 2318 implicitam
1034 2239 1139 2322 quando

181 2323 389 2387 distractiones
402 2333 471 2386 sunt
486 2325 707 2404 involuntariae,
718 2333 746 2388 et
756 2325 835 2388 hanc
844 2327 1043 2391 attentionem
1054 2330 1135 2394 abest

182 2413 304 2498 quando
317 2420 389 2477 sunt
405 2413 581 2477 voluntarie
597 2435 604 2491 ;
621 2415 674 2477 sed
688 2414 745 2478 hoc
760 2434 822 2478 non
841 2415 919 2478 valet
931 2419 1055 2500 concipi
1071 2439 1079 2481 :
1093 2437 1140 2480 non

182 2503 265 2568 enim
278 2505 374 2586 magis
387 2511 432 2568 cst
445 2504 568 2566 attentio
582 2502 705 2586 quando
717 2505 869 2568 distractio
876 2510 922 2567 est
934 2505 1140 2578 involuntaria,
1197 2499 1198 2592 l

181 2595 274 2676 qutun
287 2595 312 2656 si
326 2602 404 2657 essct
415 2594 597 2656 voluntaria:
614 2593 735 2656 attentio
744 2593 826 2657 enim
836 2599 881 2656 cst
894 2599 979 2660 actus
988 2597 1144 2660 intellectis
1196 2651 1197 2664 ,

181 2691 211 2744 et
224 2703 286 2747 non
299 2683 477 2760 voluntatis;
497 2684 587 2765 porrd
601 2681 767 2745 intellectus
781 2682 905 2746 attendit
919 2703 1040 2767 semper
1053 2693 1143 2750 actua·

181 2771 248 2835 liter
260 2782 291 2837 et
301 2774 460 2854 expresse,
476 2789 538 2834 non
557 2773 627 2834 vend
649 2773 814 2835 virtualiter
828 2779 858 2835 et
871 2773 1027 2856 implicite.
1042 2777 1142 2839 Revera

181 2863 303 2944 quando
320 2861 472 2924 distractio
494 2867 539 2924 est
564 2861 761 2924 involuntaria
784 2861 910 2926 intentio
941 2865 1047 2928 orandi
1076 2869 1141 2946 (non
1195 2939 1196 2942 Ἴ

182 2953 251 3011 vero
264 2953 398 3030 attentio)
411 2951 574 3014 virtualiter
592 2959 779 3032 perseverat,
795 2951 949 3014 sedetiam
965 2971 1142 3034 perseverane
1195 2951 1196 2954 ’

182 3043 276 3117 potest
290 3037 413 3118 quando
426 3039 576 3102 distractio
590 3045 635 3101 est
647 3039 822 3102 voluntaria.
839 3042 920 3123 Ergo
940 3043 1035 3105 oratio
1057 3047 1142 3126 potest

181 3125 306 3187 existere
320 3124 384 3187 sine
397 3128 561 3192 attentione
574 3129 702 3191 interna.
715 3129 1140 3214 Probantinsuperexcoquod

181 3213 277 3274 forma
292 3213 613 3278 Eutremoe-Unctionie
626 3217 663 3279 sit
676 3219 771 3281 oratio
779 3240 788 3296 3
805 3225 834 3281 et
853 3225 956 3282 nmen
979 3229 1025 3285 est
1036 3229 1139 3285 certum
1194 3239 1195 3246 ¹

180 3300 689 3382 apudomnesquddsacramentum
697 3308 874 3372 sitvalidum
883 3328 954 3372 cum
964 3309 1140 3374 distractione

183 3386 269 3446 etiarn
279 3387 459 3465 voluntari&
476 3410 548 3473 ergo
561 3441 568 3470 ‚
582 3399 640 3456 etc.
656 3395 816 3476 Caeterum,
832 3399 886 3460 etsi
901 3400 1072 3478 satisfaciat,
1084 3415 1139 3481 pcc

181 3477 227 3530 cat
254 3477 353 3535 tamen
381 3479 536 3541 venialiter
559 3483 602 3544 sic
629 3484 797 3549 voluntarie
823 3485 1002 3567 distractus,
1032 3487 1137 3552 delectu

181 3573 289 3636 nempe
304 3565 475 3625 reverentiae
489 3583 559 3646 erga
572 3571 680 3632 Deum.

220 3640 307 3707 etot.
332 3644 384 3708 tiis
398 3653 496 3712 tumen
512 3665 573 3714 non
588 3653 792 3742 obstantibus,
808 3657 907 3742 prims
920 3661 1063 3730 ennon·
1075 3673 1135 3747 pre
