2462 3972
403 260 488 305 uuen
509 259 665 305 secururs.
958 242 1016 305 673

80 361 176 440 Resp.
196 357 281 420 Bona
299 357 440 421 Ecclesiae
458 376 523 420 esse
545 357 673 438 duplicis
692 358 811 438 generis
828 374 837 418 ε
857 355 916 419 alia
935 359 1017 420 enim

38 455 115 510 eunt
134 448 271 529 proxime
288 446 325 508 ed
344 447 459 510 cultum
472 447 608 512 divinum
622 445 776 524 ordinata,
789 453 819 510 et
836 445 905 510 ided
921 445 1018 509 solent

37 538 214 598 consecrari
225 541 276 598 aut
285 536 391 610 saltem
400 535 550 613 benedici,
563 553 621 598 nec
632 533 743 603 debent
755 535 793 597 ed
806 551 897 600 usum
909 531 1018 598 hume·

40 643 121 687 num
133 623 284 699 adhiberi;
299 623 369 686 talia
379 623 467 687 sunt:
483 624 628 702 ecclesiae,
643 623 830 702 coemeterin,
841 643 911 688 vase
922 643 1018 702 sacra,

39 721 116 790 eto.;
128 713 238 777 -atta
255 732 318 776 non
339 719 410 776 sunt
431 711 506 776 adeo
527 713 664 795 proxime
686 711 724 774 ed
748 712 865 776 cultum
882 713 1018 778 divinum

39 803 204 880 ordinate,
219 821 276 866 nec
293 809 546 866 suntconsecrate
560 809 613 865 aut
632 801 808 880 benedicta,
822 809 852 865 et
871 803 910 865 ad
928 823 1018 868 usum

40 891 254 954 ministrorum
277 891 418 954 Ecclesiae
438 896 490 954 aut
512 909 702 974 pauperum,
723 899 775 954 aut
796 889 835 954 ed
856 891 931 956 alios
953 894 1019 974 pios

40 1000 119 1043 usus
133 987 205 1044 sunt
217 981 376 1044 destinata
541 995 544 1002 ·

83 1073 176 1132 5989.
194 1059 297 1142 Quoad
311 1069 412 1151 priora
424 1069 521 1146 bono,
536 1075 653 1132 certum
667 1076 712 1132 est
726 1069 779 1133 illa
791 1087 857 1133 esse
871 1057 1018 1136 immunia
1106 1065 1109 1072 ’

40 1159 82 1220 ab
96 1157 241 1220 omnibus
254 1157 399 1220 oneribus
416 1155 569 1235 civilibus,
584 1157 649 1220 sive
662 1159 841 1259 antequam,
861 1159 923 1221 eive
936 1165 1019 1242 post·

42 1263 141 1329 quam
154 1245 187 1308 in
201 1246 421 1328 possessionem
440 1244 580 1308 Ecclesiae
594 1241 729 1308 venerint
740 1247 934 1329 ,impositis.
949 1266 1018 1311 om·

42 1335 122 1398 nind
144 1334 228 1398 enim
241 1333 385 1398 indecens
404 1339 483 1398 essct
500 1339 536 1398 ut
552 1335 658 1418 quovis
673 1335 760 1399 titulo
779 1337 898 1401 tributis
915 1355 1018 1432 grave·

43 1431 152 1488 rentur
165 1422 337 1504 hujusmodi
350 1424 442 1488 bona.

86 1517 179 1578 5990.
193 1512 296 1587 Quoad
311 1519 412 1577 autem
425 1513 506 1577 bona
519 1531 588 1596 quoe
601 1511 640 1576 ad
653 1515 899 1581 sustentationem
913 1517 1019 1582 minis-

45 1611 165 1666 trorum
173 1610 225 1666 eut
233 1602 427 1666 sublevamen
437 1619 606 1686 pauperum
613 1601 782 1666 adhibenda
791 1612 872 1684 sunt,
883 1625 940 1670 nec
949 1613 1021 1672 sunt

45 1690 240 1756 destinatead
248 1690 456 1755 fundationem
465 1690 896 1768 etdotationemeoolesiarum
904 1702 1020 1759 certum

45 1781 160 1864 pariter
177 1785 221 1843 est
243 1779 326 1862 qudd
340 1781 400 1842 sint
422 1779 569 1842 immunia
590 1779 630 1840 eb
648 1779 791 1842 oneribus
811 1782 1018 1863 dRepublicd,

46 1869 242 1954 postquam
234 1889 266 1931 ιιι
287 1870 509 1951 possessionem
529 1867 670 1930 Ecclesiae
691 1870 827 1931 venerint
836 1871 1018 1952 ,impositis,

46 1960 194 2042 quianon
207 1958 337 2039 emplius
346 1953 623 2036 suntsubjurisdiot
623 1956 847 2039 ionePrineipis
857 1961 1018 2024 saecularis.

87 2049 181 2110 5291.
200 2046 435 2110 controvertitur
454 2051 555 2108 autern
573 2063 612 2107 en
632 2045 693 2106 sint
713 2046 830 2108 etiem
823 2049 970 2111 immunia
983 2052 1021 2112 ab

50 2135 194 2198 oneribus
207 2153 276 2217 quae
290 2135 362 2215 ipsis
381 2135 520 2216 impositu
539 2132 659 2196 fuerant
678 2136 866 2218 antequem
858 2155 888 2198 ιιι
907 2156 1022 2219 posses·

52 2223 167 2287 donem
177 2223 320 2286 uectesiae
329 2225 467 2286 venerint
478 2243 486 2286 ι
498 2223 584 2286 multi
597 2228 702 2286 contra
711 2224 821 2287 multos
835 2227 1023 2290 contendunt

49 2331 97 2375 res
123 2312 209 2394 illas,
233 2330 305 2375 cum
331 2331 424 2376 onere
451 2311 613 2394 imposito,
638 2313 766 2375 transire
794 2313 826 2375 in
852 2314 1022 2378 dominium

48 2399 912 2483 Ecclesiae:probabiliortemcnvidetursententianegans
927 2423 934 2465 :
952 2423 1022 2466 nam

47 2489 120 2553 licet
134 2490 172 2552 sit
184 2507 289 2554 verum
309 2489 392 2572 qudd
412 2490 528 2552 bonum
548 2495 703 2571 gravatum
716 2489 817 2570 aliquo
837 2491 938 2554 debito
951 2511 1023 2574 erga

47 2579 218 2661 privatum,
241 2585 372 2641 transeat
393 2579 425 2640 in
443 2597 553 2641 manus
575 2577 717 2639 Ecclesiae
739 2596 810 2639 cum
832 2597 925 2641 onere
949 2579 1021 2643 illud

47 2667 186 2730 debitum
199 2665 354 2746 solvendi,
368 2668 440 2730 clam
454 2667 493 2730 sit
505 2665 640 2728 debitum
652 2665 773 2746 justitiae
786 2668 1021 2747 commutetivae,

47 2754 132 2836 quod
151 2773 214 2816 non
234 2753 376 2835 dedecet,
392 2755 455 2820 imd
477 2755 597 2817 summe
620 2753 706 2817 decet
726 2753 891 2818 Ecclesiam
913 2756 1023 2821 debere

48 2843 126 2908 illud
139 2843 254 2906 solvere
269 2845 292 2922 ¹,
302 2843 370 2922 etsi,
386 2843 556 2926 inquimus,
567 2843 625 2908 boc
635 2843 674 2906 sit
686 2861 809 2922 verum;
821 2861 908 2908 secus
920 2851 1021 2910 tamen

82 3021 89 3049 ¹
107 3015 266 3070 Concordem
276 3016 424 3078 canonistas,
433 3016 515 3083 inquit
524 3017 616 3068 lluctor
627 3017 700 3070 Proel-
712 3017 739 3072 S.
747 3018 817 3086 Stolo.
830 3017 942 3086 (nomo),
956 3019 1022 3086 qudd

44 3087 170 3142 teloneis
182 3087 320 3139 debentur:
334 3105 345 3136 ι
362 3089 388 3138 1⁰
399 3088 479 3140 Onera
491 3087 604 3154 imposita
617 3089 652 3140 rei
666 3089 728 3141 dete
739 3087 764 3140 in
780 3091 895 3152 leudum;
907 3091 935 3142 2⁰
948 3107 1022 3145 onera

48 3159 170 3222 ebonis,
194 3157 269 3210 etiam
296 3175 346 3211 nou
377 3157 537 3222 feudalibus,
559 3159 673 3227 imposita
705 3161 731 3212 iu
752 3161 830 3226 primi
858 3161 1022 3224 lundntione;

48 3249 60 3282 a
79 3231 109 3282 30
126 3243 201 3281 onera
220 3246 275 3297 que
293 3245 388 3282 annexa
407 3235 477 3282 erunt
499 3230 571 3282 bonis
594 3238 724 3298 antequem
743 3231 796 3283 hec
814 3231 878 3284 bona
904 3235 934 3285 ad
957 3235 1022 3286 viros

48 3299 262 3353 »ecclesiasticos
281 3301 445 3354 devenirent:
462 3301 524 3353 ratio
541 3301 567 3353 in
585 3309 669 3368 aperto
689 3309 734 3354 est.
756 3321 767 3350 a
786 3301 912 3370 Siquidem
926 3303 965 3355 vel
984 3321 1022 3356 ree

46 3377 158 3426 donatur
167 3371 214 3424 sub
226 3373 370 3425 conditione
383 3373 449 3441 juett
461 3411 469 3434 ,
481 3373 520 3424 vel
532 3373 597 3424 bonu
606 3373 658 3439 jem
671 3378 741 3424 erent
753 3389 828 3426 onere
840 3381 938 3440 morata
951 3381 1020 3427 ente-

46 3458 125 3512 quam
137 3442 225 3494 tierent
236 3443 411 3496 ecclesiastice.
425 3444 459 3494 lta
473 3445 588 3510 prelatus
599 3446 705 3505 Auctor3
719 3445 761 3496 sed
773 3445 927 3512 inquantum
939 3446 1020 3512 loqui·

46 3523 89 3566 tur
100 3515 132 3566 de
144 3513 261 3566 oneribus
271 3514 285 3566 t
297 3515 353 3582 lege
364 3515 428 3567 cirili
441 3514 562 3581 impositis
573 3521 705 3580 antequem
716 3515 779 3566 bone
790 3515 882 3567 luerint
891 3517 1022 3568 ecclesias-

44 3588 110 3646 tica,
126 3589 205 3646 errat,
217 3585 323 3637 dicendo
333 3586 401 3652 qudd
410 3585 545 3637 monuiste
553 3585 603 3639 sint
611 3587 747 3638 concordes
758 3585 783 3637 iu
794 3585 946 3638 admittendo
955 3587 1022 3653 qudd

45 3658 61 3712 i
74 3659 164 3710 talibus
182 3657 298 3712 oneribus
310 3657 375 3712 bone
387 3655 503 3711 Eutaia
514 3671 565 3711 ιιοιι
580 3657 630 3711 siut
641 3657 769 3710 immunia.

863 3741 923 3806 tu*
