2416 3954
643 173 711 191 ‘uo-¹
722 181 726 198 1

374 269 460 316 ursan
480 269 638 318 susurrans.
804 236 807 242 ’
933 249 993 314 333

43 389 54 424 r
73 368 273 433 mentorum...
287 371 371 434 »Per
385 369 491 432 merita
504 368 555 431 hfc
566 367 758 450 intelligenda
765 371 836 431 sunt
844 384 937 449 opera
947 384 994 430 sa·

43 454 991 540 tisiactoriaqusasimulsuntmeritoris;utsuprodiximusftbbt).

71 549 98 606 2⁰
111 548 334 611 Damnationem
350 547 493 629 proposit.
509 551 544 609 tt
563 545 676 627 Synodi
691 548 866 608 Pistoriensis
883 545 914 606 in
933 547 994 626 qua

41 635 206 703 asserebatur
221 656 230 700 ε
245 636 465 700 «Scholasticos
477 635 537 696 suis
549 633 767 696 subtilitatibus
780 633 898 714 inflatos
911 633 992 695 inae·

39 743 49 776 r
68 723 138 788 aissa
159 726 326 788 thesaurum
346 723 423 787 mate
441 723 625 786 intellectum
644 722 818 784 maritorum
837 720 953 785 Christi
965 729 995 784 et

40 830 50 863 s
69 809 234 877 Sanctorum
245 861 254 894 ‚
264 823 293 878 et
306 811 518 878 abraserunt
528 809 721 874 absolutionis
730 810 748 871 ci
756 807 843 891 pund
856 808 994 871 canonico

38 921 48 953 r
68 901 242 967 substituisse
254 903 405 986 consuetam
416 909 446 964 et
457 901 569 984 salsam
581 898 788 982 applicationis
802 898 993 959 meritorum:

38 1010 48 1043 a
69 986 995 1071 quasithesaurusncctesiaeundePapauattndutgantias‚non

36 1099 47 1134 a
67 1078 121 1142 sint
132 1084 238 1145 merita
251 1081 358 1145 Christi
372 1087 402 1144 et
412 1081 614 1142 Sarrotruum:
630 1077 705 1140 Haec
717 1075 807 1157 salsa,
825 1075 995 1148 temeraria,

36 1188 47 1221 n
70 1167 178 1232 t'ftristi
191 1181 222 1234 et
235 1172 412 1234 Sanctorum
421 1169 539 1231 meritis
550 1165 714 1248 injurioso,
725 1163 874 1227 dodamin
884 1170 944 1224 art.
959 1163 994 1225 f'f

36 1277 47 1313 t
67 1259 185 1324 Lutheri
198 1259 349 1324 damnato.
365 1280 382 1318 a

66 1353 148 1411 4533.
167 1349 255 1424 Quod
269 1349 429 1412 thesaurus
443 1348 492 1410 illc
506 1345 601 1429 possit
615 1350 752 1408 constare
765 1361 803 1405 ex
823 1338 997 1404 satisfactio·

35 1435 110 1501 nibus
123 1439 249 1518 Christi,
265 1437 351 1501 facile
373 1436 491 1519 concipi
507 1441 618 1518 potest,
638 1435 710 1496 chnr
730 1433 790 1494 sint
813 1429 999 1510 superabun-

34 1525 126 1590 dantes
152 1538 182 1592 et
206 1527 390 1592 sufficientes
408 1524 446 1588 ad
473 1525 675 1607 expiationem
698 1527 908 1604 peccatorum,
935 1537 997 1582 non

34 1617 120 1679 soffrm
133 1617 225 1699 hujus
244 1616 368 1693 mundi,
384 1614 435 1678 scd
451 1615 541 1676 etiam
563 1611 750 1674 mundorum
764 1607 951 1670 introitorum
972 1608 997 1669 si

33 1705 188 1770 existerent.
206 1709 269 1770 Nee
282 1705 365 1769 dicas
380 1703 524 1766 malitiam
538 1701 651 1783 peccati
666 1717 732 1762 esse
747 1697 914 1760 infruitam:
927 1713 999 1756 nam

34 1795 78 1856 etsi
92 1795 205 1860 infinite
222 1797 260 1858 sit
269 1795 389 1858 relative
402 1793 441 1856 ad
455 1793 641 1870 majestatem
655 1788 786 1850 divinam
800 1802 892 1866 quam
903 1783 998 1845 offen-

33 1883 83 1962 dit,
97 1893 142 1949 est
160 1895 264 1949 umen
281 1883 364 1946 finita
378 1882 479 1966 quoad
492 1898 564 1942 eum
578 1881 596 1941 h
610 1896 671 1960 quo
689 1875 886 1938 committitur
902 1892 909 1934 :
924 1873 999 1935 dum

34 1972 145 2039 econtra
166 1974 384 2040 satisfactiones
409 1969 515 2034 Christi
539 1974 611 2030 sunt
632 1965 758 2028 infruitae
787 1971 935 2046 quatenus
961 1963 1000 2024 ab

34 2063 88 2142 ipso
111 2071 317 2146 peraguntur,
338 2063 431 2124 etsie
452 2076 557 2122 earum
579 2055 661 2120 valor
681 2062 726 2116 est
751 2052 945 2116 inexhaustus
964 2069 999 2115 ao

34 2153 215 2232 indeficiens;
229 2151 363 2234 ahoquin
380 2147 533 2232 quomodo
547 2165 602 2228 pro
619 2144 756 2228 pluribus
773 2141 903 2225 maeotis
916 2139 999 2205 suffi-

37 2245 148 2306 serant?

65 2337 150 2397 4533.
166 2335 233 2396 Neo
247 2331 337 2394 etiam
351 2335 396 2392 est
409 2325 529 2388 difficile
543 2324 710 2405 intelligere
726 2321 882 2403 quomodo
902 2319 1000 2382 dictus

32 2423 179 2488 thesaurus
192 2421 342 2486 confletur
360 2419 450 2481 etiam
468 2435 504 2477 ex
528 2412 780 2476 satisfactionibus
798 2413 998 2472 Sanctorum:

33 2511 64 2571 ad
85 2511 139 2576 hoa
158 2514 246 2576 enim
268 2509 378 2573 sufficit
402 2505 484 2588 qubd
506 2504 596 2567 etiam
615 2505 646 2564 in
669 2500 785 2562 Sanctis
808 2497 925 2578 possint
947 2495 1002 2557 afi-

32 2601 143 2679 auandb
157 2599 288 2665 inveniri
299 2594 514 2660 satisfactiones
524 2587 803 2673 superabundantes
815 2604 822 2644 :
835 2583 918 2663 atqui
929 2583 1003 2644 iffud

33 2692 105 2752 carto
119 2691 300 2770 contingere
314 2693 412 2768 potest
428 2703 435 2744 :
451 2683 494 2745 sio
508 2681 545 2744 B.
561 2681 652 2758 Virgo
668 2676 778 2736 multos
791 2673 907 2754 peregit
919 2679 1004 2732 actus

33 2779 237 2844 satisfactorias
249 2777 360 2859 quihus
373 2782 475 2835 tamen
491 2769 574 2831 nuffo
590 2765 681 2828 modo
696 2761 846 2842 indiguit,
861 2759 932 2821 ciam
948 2775 1005 2821 nec

33 2869 188 2932 minimum
208 2873 367 2950 peccatum
385 2877 521 2942 unquam
541 2853 709 2929 commisit;
726 2851 770 2912 sio
787 2850 890 2932 plures
904 2847 1004 2910 Sancti

33 2959 119 3022 mutto
132 2956 270 3041 perpessi
283 2961 369 3026 sunt,
380 2959 409 3014 et
421 2951 483 3012 fere
496 2946 577 3010 nulia
589 2949 722 3027 peccata,
736 2959 773 3003 ne
788 2938 911 3021 quidem
922 2936 1006 2999 feris

32 3047 102 3110 sima
127 3046 369 3121 commiserunt,
388 3038 493 3122 quales
513 3039 545 3099 S.
568 3037 702 3098 ioannes
725 3031 872 3112 Baptista,
891 3028 923 3089 S.
939 3027 1005 3088 Sta·

33 3136 158 3217 nisfaus,
175 3139 209 3200 S.
224 3133 393 3196 [rudovicus
407 3130 562 3208 Conzaga.
573 3131 631 3186 etc.
643 3123 728 3184 Circo
742 3118 824 3202 quod
840 3115 1006 3180 notandum

31 3235 71 3287 est
83 3228 261 3288 damnatam
272 3219 363 3284 fuisse
377 3224 395 3282 a
409 3219 440 3281 S.
451 3217 506 3279 Pio
518 3217 540 3276 V
556 3210 792 3296 propositionem
807 3212 1004 3288 seqsrtmtem:

36 3337 49 3372 a
68 3317 169 3379 Satius
187 3312 296 3376 Christi
317 3305 571 3372 satisfactionibus
591 3299 700 3364 remitti
715 3313 838 3381 poenam
856 3304 1006 3378 tempora·

32 3426 45 3463 a
68 3406 127 3468 fem
146 3424 155 3466 ε
171 3407 356 3467 Sanctorum
366 3404 467 3462 autem
483 3393 636 3477 passiones
653 3387 752 3453 offerri
767 3388 850 3464 Deo,
866 3392 899 3448 ut
917 3388 1006 3462 brus,

33 3515 46 3550 s
69 3495 193 3556 iliorum
211 3491 340 3566 iutuitu,
356 3486 485 3568 applicet
508 3481 596 3544 nohis
611 3479 717 3541 merita
731 3475 838 3538 Christi
852 3495 867 3533 a
903 3472 1008 3549 (Clara-

35 3585 90 3646 ticn
101 3583 237 3656 tctairi,
251 3589 324 3656 eto,
345 3595 375 3659 p.
391 3580 451 3651 ⁶26,
469 3578 499 3634 t·
514 3571 586 3634 tuit.
598 3573 661 3648 ).-
675 3571 814 3647 insuper,
832 3571 865 3624 ut
878 3561 1009 3621 diximus

35 3691 122 3756 supra
135 3671 257 3752 (4518),
272 3669 304 3730 in
313 3667 429 3730 aliatum
438 3662 614 3726 thesaurum
629 3661 816 3735 reponuntur
825 3652 915 3712 etiam
925 3647 1009 3706 satis·
