<?xml version="1.0" encoding="UTF-8"?>
<!DOCTYPE html PUBLIC "-//W3C//DTD XHTML 1.0 Transitional//EN"
    "http://www.w3.org/TR/xhtml1/DTD/xhtml1-transitional.dtd">
<html xmlns="http://www.w3.org/1999/xhtml" xml:lang="en" lang="en">
 <head>
  <title>
</title>
<meta http-equiv="Content-Type" content="text/html;charset=utf-8" />
  <meta name='ocr-system' content='tesseract 3.04.00' />
  <meta name='ocr-capabilities' content='ocr_page ocr_carea ocr_par ocr_line ocrx_word'/>
</head>
<body>
  <div class='ocr_page' id='page_1' title='image "./manualetotiusju00craigoog_0543.png"; bbox 0 0 2420 3968; ppageno 0'>
   <div class='ocr_carea' id='block_1_1' title="bbox 991 6 1206 283">
    <p class='ocr_par' dir='ltr' id='par_1_1' title="bbox 955 6 1206 283">
     <span class='ocr_line' id='line_1_1' title="bbox 991 6 1206 283; baseline -0.004 0.857"><span class='ocrx_word' id='word_1_1' title='bbox 991 6 1206 283; x_wconf 60' lang='grc' dir='ltr'>Ἶ</span> 
     </span>
    </p>
   </div>
   <div class='ocr_carea' id='block_1_2' title="bbox 168 219 914 280">
    <p class='ocr_par' dir='ltr' id='par_1_2' title="bbox 168 219 914 280">
     <span class='ocr_line' id='line_1_2' title="bbox 168 219 914 280; baseline -0.003 -1"><span class='ocrx_word' id='word_1_2' title='bbox 168 219 227 279; x_wconf 81' lang='grc'>536</span> <span class='ocrx_word' id='word_1_3' title='bbox 388 235 525 279; x_wconf 81' lang='lat' dir='ltr'>uaxuxuu</span> <span class='ocrx_word' id='word_1_4' title='bbox 543 234 644 280; x_wconf 78' lang='lat' dir='ltr'>xorius</span> <span class='ocrx_word' id='word_1_5' title='bbox 663 233 744 278; x_wconf 79' lang='lat' dir='ltr'>annus</span> <span class='ocrx_word' id='word_1_6' title='bbox 764 231 914 279; x_wconf 76' lang='lat' dir='ltr'>callorum.</span> 
     </span>
    </p>
   </div>
   <div class='ocr_carea' id='block_1_3' title="bbox 114 327 1209 3725">
    <p class='ocr_par' dir='ltr' id='par_1_3' title="bbox 168 327 1206 586">
     <span class='ocr_line' id='line_1_3' title="bbox 168 327 1206 412; baseline -0.002 -20"><span class='ocrx_word' id='word_1_7' title='bbox 168 329 243 393; x_wconf 88' lang='lat' dir='ltr'>adeo</span> <span class='ocrx_word' id='word_1_8' title='bbox 270 329 450 412; x_wconf 89' lang='lat' dir='ltr'>paupercula</span> <span class='ocrx_word' id='word_1_9' title='bbox 471 337 504 391; x_wconf 88' lang='lat' dir='ltr'>ut</span> <span class='ocrx_word' id='word_1_10' title='bbox 528 329 648 391; x_wconf 82' lang='lat' dir='ltr'>aliunde</span> <span class='ocrx_word' id='word_1_11' title='bbox 676 330 731 391; x_wconf 89' lang='lat' dir='ltr'>sibi</span> <span class='ocrx_word' id='word_1_12' title='bbox 753 327 908 409; x_wconf 79' lang='lat' dir='ltr'>providere</span> <span class='ocrx_word' id='word_1_13' title='bbox 934 345 998 391; x_wconf 90' lang='lat' dir='ltr'>non</span> <span class='ocrx_word' id='word_1_14' title='bbox 1026 331 1134 392; x_wconf 84' lang='lat' dir='ltr'>valeat.</span> <span class='ocrx_word' id='word_1_15' title='bbox 1201 342 1206 352; x_wconf 89' lang='lat'>·</span> 
     </span>
     <span class='ocr_line' id='line_1_4' title="bbox 169 417 1134 499; baseline -0.002 -17"><span class='ocrx_word' id='word_1_16' title='bbox 169 419 241 482; x_wconf 88' lang='lat' dir='ltr'>item</span> <span class='ocrx_word' id='word_1_17' title='bbox 256 419 358 480; x_wconf 86' lang='lat' dir='ltr'>liceret</span> <span class='ocrx_word' id='word_1_18' title='bbox 371 436 426 499; x_wconf 91' lang='lat' dir='ltr'>pro</span> <span class='ocrx_word' id='word_1_19' title='bbox 445 419 508 498; x_wconf 79' lang='lat' dir='ltr'>ipsl</span> <span class='ocrx_word' id='word_1_20' title='bbox 523 417 672 480; x_wconf 88' lang='lat' dir='ltr'>conficere</span> <span class='ocrx_word' id='word_1_21' title='bbox 693 417 738 479; x_wconf 90' lang='lat' dir='ltr'>vel</span> <span class='ocrx_word' id='word_1_22' title='bbox 752 417 876 480; x_wconf 86' lang='lat' dir='ltr'>relicere</span> <span class='ocrx_word' id='word_1_23' title='bbox 894 426 1074 481; x_wconf 88' lang='lat' dir='ltr'>ornamenta</span> <span class='ocrx_word' id='word_1_24' title='bbox 1090 437 1134 480; x_wconf 87' lang='lat' dir='ltr'>ne·</span> 
     </span>
     <span class='ocr_line' id='line_1_5' title="bbox 169 505 756 586; baseline -0.007 -14"><span class='ocrx_word' id='word_1_25' title='bbox 169 508 307 572; x_wconf 88' lang='lat' dir='ltr'>cessaria.</span> <span class='ocrx_word' id='word_1_26' title='bbox 322 509 353 568; x_wconf 90' lang='lat' dir='ltr'>S.</span> <span class='ocrx_word' id='word_1_27' title='bbox 369 507 505 586; x_wconf 70' lang='lat' dir='ltr'>Lignea,</span> <span class='ocrx_word' id='word_1_28' title='bbox 522 505 572 566; x_wconf 91' lang='lat' dir='ltr'>lib.</span> <span class='ocrx_word' id='word_1_29' title='bbox 589 509 620 583; x_wconf 86' lang='lat'>3,</span> <span class='ocrx_word' id='word_1_30' title='bbox 637 516 670 566; x_wconf 81' lang='grc' dir='ltr'>0ο</span> <span class='ocrx_word' id='word_1_31' title='bbox 685 510 756 568; x_wconf 74' lang='grc'><strong>993.</strong></span> 
     </span>
    </p>

    <p class='ocr_par' dir='ltr' id='par_1_4' title="bbox 171 595 1209 1118">
     <span class='ocr_line' id='line_1_6' title="bbox 209 595 1206 678; baseline 0.002 -22"><span class='ocrx_word' id='word_1_32' title='bbox 209 600 297 658; x_wconf 89' lang='grc'><strong>4938.</strong></span> <span class='ocrx_word' id='word_1_33' title='bbox 310 600 391 657; x_wconf 63' lang='grc' dir='ltr'>--4ἡ</span> <span class='ocrx_word' id='word_1_34' title='bbox 408 595 568 658; x_wconf 78' lang='lat' dir='ltr'><strong><em>Charitas:</em></strong></span> <span class='ocrx_word' id='word_1_35' title='bbox 581 596 623 656; x_wconf 91' lang='lat' dir='ltr'>sic</span> <span class='ocrx_word' id='word_1_36' title='bbox 637 595 706 656; x_wconf 88' lang='lat' dir='ltr'>licel</span> <span class='ocrx_word' id='word_1_37' title='bbox 720 595 881 658; x_wconf 81' lang='lat' dir='ltr'>subvenire</span> <span class='ocrx_word' id='word_1_38' title='bbox 895 597 1096 678; x_wconf 84' lang='lat' dir='ltr'>pauperibus,</span> <span class='ocrx_word' id='word_1_39' title='bbox 1110 615 1135 658; x_wconf 84' lang='lat' dir='ltr'>ex</span> <span class='ocrx_word' id='word_1_40' title='bbox 1205 621 1206 628; x_wconf 47' lang='lat'>¹</span> 
     </span>
     <span class='ocr_line' id='line_1_7' title="bbox 171 683 1206 765; baseline -0.002 -18"><span class='ocrx_word' id='word_1_41' title='bbox 171 685 208 747; x_wconf 87' lang='lat' dir='ltr'>ab</span> <span class='ocrx_word' id='word_1_42' title='bbox 219 686 254 746; x_wconf 92' lang='lat' dir='ltr'>iis</span> <span class='ocrx_word' id='word_1_43' title='bbox 271 701 371 747; x_wconf 81' lang='lat' dir='ltr'>eruere</span> <span class='ocrx_word' id='word_1_44' title='bbox 391 685 436 746; x_wconf 80' lang='lat' dir='ltr'>rel</span> <span class='ocrx_word' id='word_1_45' title='bbox 459 684 495 746; x_wconf 92' lang='lat' dir='ltr'>iis</span> <span class='ocrx_word' id='word_1_46' title='bbox 508 683 636 746; x_wconf 87' lang='lat' dir='ltr'>vendere</span> <span class='ocrx_word' id='word_1_47' title='bbox 650 683 702 764; x_wconf 91' lang='lat' dir='ltr'>qui</span> <span class='ocrx_word' id='word_1_48' title='bbox 716 683 781 745; x_wconf 85' lang='lat' dir='ltr'>aliis</span> <span class='ocrx_word' id='word_1_49' title='bbox 794 684 902 745; x_wconf 88' lang='lat' dir='ltr'>diebus</span> <span class='ocrx_word' id='word_1_50' title='bbox 916 684 1135 765; x_wconf 86' lang='lat' dir='ltr'>impediuntur:</span> <span class='ocrx_word' id='word_1_51' title='bbox 1203 707 1206 715; x_wconf 94' lang='lat'>·</span> 
     </span>
     <span class='ocr_line' id='line_1_8' title="bbox 171 771 1137 858; baseline 0.001 -24"><span class='ocrx_word' id='word_1_52' title='bbox 171 772 252 835; x_wconf 89' lang='lat' dir='ltr'>unde</span> <span class='ocrx_word' id='word_1_53' title='bbox 276 779 456 858; x_wconf 81' lang='lat' dir='ltr'>mercatores</span> <span class='ocrx_word' id='word_1_54' title='bbox 481 779 660 834; x_wconf 80' lang='lat' dir='ltr'>excusantur</span> <span class='ocrx_word' id='word_1_55' title='bbox 681 774 705 833; x_wconf 91' lang='lat' dir='ltr'>si</span> <span class='ocrx_word' id='word_1_56' title='bbox 726 773 835 836; x_wconf 89' lang='lat' dir='ltr'>clausis</span> <span class='ocrx_word' id='word_1_57' title='bbox 854 771 987 854; x_wconf 81' lang='lat' dir='ltr'>tabernis</span> <span class='ocrx_word' id='word_1_58' title='bbox 1009 775 1137 857; x_wconf 80' lang='lat' dir='ltr'>quaedam</span> 
     </span>
     <span class='ocr_line' id='line_1_9' title="bbox 171 861 1138 942; baseline 0.003 -20"><span class='ocrx_word' id='word_1_59' title='bbox 171 861 313 938; x_wconf 79' lang='lat' dir='ltr'>vendant,</span> <span class='ocrx_word' id='word_1_60' title='bbox 325 863 396 924; x_wconf 79' lang='lat' dir='ltr'>curn</span> <span class='ocrx_word' id='word_1_61' title='bbox 406 879 587 942; x_wconf 84' lang='lat' dir='ltr'>praesumere</span> <span class='ocrx_word' id='word_1_62' title='bbox 597 861 957 942; x_wconf 84' lang='lat' dir='ltr'>possintcaernploribus</span> <span class='ocrx_word' id='word_1_63' title='bbox 966 881 1034 925; x_wconf 88' lang='lat' dir='ltr'>esse</span> <span class='ocrx_word' id='word_1_64' title='bbox 1045 881 1138 925; x_wconf 84' lang='lat' dir='ltr'>neees-</span> 
     </span>
     <span class='ocr_line' id='line_1_10' title="bbox 173 949 1137 1031; baseline 0.001 -19"><span class='ocrx_word' id='word_1_65' title='bbox 173 951 268 1027; x_wconf 87' lang='lat' dir='ltr'>soria,</span> <span class='ocrx_word' id='word_1_66' title='bbox 281 969 337 1013; x_wconf 90' lang='lat' dir='ltr'>nec</span> <span class='ocrx_word' id='word_1_67' title='bbox 350 949 423 1012; x_wconf 72' lang='lat' dir='ltr'>aii‘as</span> <span class='ocrx_word' id='word_1_68' title='bbox 436 949 595 1012; x_wconf 73' lang='lat' dir='ltr'>commode</span> <span class='ocrx_word' id='word_1_69' title='bbox 609 967 709 1012; x_wconf 87' lang='lat' dir='ltr'>emere</span> <span class='ocrx_word' id='word_1_70' title='bbox 721 969 819 1031; x_wconf 88' lang='lat' dir='ltr'>posse.</span> <span class='ocrx_word' id='word_1_71' title='bbox 835 952 878 1028; x_wconf 84' lang='lat' dir='ltr'>(S.</span> <span class='ocrx_word' id='word_1_72' title='bbox 891 951 1031 1031; x_wconf 71' lang='lat' dir='ltr'>Lignea,</span> <span class='ocrx_word' id='word_1_73' title='bbox 1048 953 1097 1014; x_wconf 89' lang='lat' dir='ltr'>lib.</span> <span class='ocrx_word' id='word_1_74' title='bbox 1112 955 1137 1026; x_wconf 84' lang='lat'>3,</span> 
     </span>
     <span class='ocr_line' id='line_1_11' title="bbox 173 1042 1209 1118; baseline 0.002 -16"><span class='ocrx_word' id='word_1_75' title='bbox 173 1043 257 1118; x_wconf 85' lang='grc'><strong>303.)</strong></span> <span class='ocrx_word' id='word_1_76' title='bbox 1202 1042 1209 1118; x_wconf 69' lang='lat' dir='ltr'>t]</span> 
     </span>
    </p>

    <p class='ocr_par' dir='ltr' id='par_1_5' title="bbox 176 1127 1209 1563">
     <span class='ocr_line' id='line_1_12' title="bbox 205 1127 1209 1210; baseline -0.003 -19"><span class='ocrx_word' id='word_1_77' title='bbox 205 1127 1139 1210; x_wconf 72' lang='lat' dir='ltr'>4937.-5⁰Necessitespropriavelaliena,corporisxelanima:</span> <span class='ocrx_word' id='word_1_78' title='bbox 1205 1129 1209 1188; x_wconf 77' lang='lat' dir='ltr'>l</span> 
     </span>
     <span class='ocr_line' id='line_1_13' title="bbox 176 1215 1208 1297; baseline -0.003 -16"><span class='ocrx_word' id='word_1_79' title='bbox 176 1219 219 1281; x_wconf 90' lang='lat' dir='ltr'>sic</span> <span class='ocrx_word' id='word_1_80' title='bbox 233 1225 413 1280; x_wconf 75' lang='lat' dir='ltr'>excusantur</span> <span class='ocrx_word' id='word_1_81' title='bbox 433 1215 536 1278; x_wconf 85' lang='lat' dir='ltr'>famuli</span> <span class='ocrx_word' id='word_1_82' title='bbox 554 1216 680 1278; x_wconf 73' lang='lat' dir='ltr'>coactio</span> <span class='ocrx_word' id='word_1_83' title='bbox 700 1216 824 1279; x_wconf 87' lang='lat' dir='ltr'>domino</span> <span class='ocrx_word' id='word_1_84' title='bbox 843 1216 881 1278; x_wconf 90' lang='lat' dir='ltr'>ad</span> <span class='ocrx_word' id='word_1_85' title='bbox 902 1215 1102 1279; x_wconf 86' lang='lat' dir='ltr'>laborandum</span> <span class='ocrx_word' id='word_1_86' title='bbox 1115 1220 1140 1278; x_wconf 93' lang='lat' dir='ltr'>in</span> <span class='ocrx_word' id='word_1_87' title='bbox 1201 1286 1208 1297; x_wconf 32' lang='lat'><strong>¹</strong></span> 
     </span>
     <span class='ocr_line' id='line_1_14' title="bbox 176 1303 1209 1386; baseline -0.003 -18"><span class='ocrx_word' id='word_1_88' title='bbox 176 1307 224 1369; x_wconf 89' lang='lat' dir='ltr'>dic</span> <span class='ocrx_word' id='word_1_89' title='bbox 239 1307 329 1382; x_wconf 72' lang='lat' dir='ltr'>testo,</span> <span class='ocrx_word' id='word_1_90' title='bbox 345 1306 396 1368; x_wconf 89' lang='lat' dir='ltr'>sed</span> <span class='ocrx_word' id='word_1_91' title='bbox 412 1307 436 1368; x_wconf 87' lang='lat' dir='ltr'>si</span> <span class='ocrx_word' id='word_1_92' title='bbox 451 1307 566 1386; x_wconf 83' lang='lat' dir='ltr'>possint</span> <span class='ocrx_word' id='word_1_93' title='bbox 586 1305 650 1367; x_wconf 75' lang='lat' dir='ltr'>sine</span> <span class='ocrx_word' id='word_1_94' title='bbox 665 1306 745 1386; x_wconf 79' lang='lat' dir='ltr'>gravi</span> <span class='ocrx_word' id='word_1_95' title='bbox 764 1303 958 1366; x_wconf 84' lang='lat' dir='ltr'>incommodo</span> <span class='ocrx_word' id='word_1_96' title='bbox 974 1305 1140 1385; x_wconf 87' lang='lat' dir='ltr'>hujusmodi</span> <span class='ocrx_word' id='word_1_97' title='bbox 1208 1345 1209 1354; x_wconf 23' lang='grc' dir='ltr'>η</span> 
     </span>
     <span class='ocr_line' id='line_1_15' title="bbox 177 1393 1208 1471; baseline 0.001 -15"><span class='ocrx_word' id='word_1_98' title='bbox 177 1395 317 1458; x_wconf 88' lang='lat' dir='ltr'>dominos</span> <span class='ocrx_word' id='word_1_99' title='bbox 337 1394 492 1471; x_wconf 86' lang='lat' dir='ltr'>deserere,</span> <span class='ocrx_word' id='word_1_100' title='bbox 515 1394 551 1456; x_wconf 88' lang='lat' dir='ltr'>ad</span> <span class='ocrx_word' id='word_1_101' title='bbox 576 1393 606 1455; x_wconf 93' lang='lat' dir='ltr'>id</span> <span class='ocrx_word' id='word_1_102' title='bbox 628 1400 786 1468; x_wconf 88' lang='lat' dir='ltr'>tenentur,</span> <span class='ocrx_word' id='word_1_103' title='bbox 802 1394 859 1456; x_wconf 91' lang='lat' dir='ltr'>nisi</span> <span class='ocrx_word' id='word_1_104' title='bbox 881 1393 942 1454; x_wconf 88' lang='lat' dir='ltr'>sint</span> <span class='ocrx_word' id='word_1_105' title='bbox 962 1394 1144 1456; x_wconf 77' lang='lat' dir='ltr'>addiscemus</span> <span class='ocrx_word' id='word_1_106' title='bbox 1203 1430 1208 1457; x_wconf 57' lang='lat'><em>³</em></span> 
     </span>
     <span class='ocr_line' id='line_1_16' title="bbox 178 1475 1207 1563; baseline -0.005 -15"><span class='ocrx_word' id='word_1_107' title='bbox 178 1491 273 1548; x_wconf 86' lang='lat' dir='ltr'>artem</span> <span class='ocrx_word' id='word_1_108' title='bbox 287 1483 438 1560; x_wconf 75' lang='lat' dir='ltr'>fabrilem,</span> <span class='ocrx_word' id='word_1_109' title='bbox 454 1482 498 1542; x_wconf 81' lang='lat' dir='ltr'>sel</span> <span class='ocrx_word' id='word_1_110' title='bbox 512 1482 633 1562; x_wconf 82' lang='lat' dir='ltr'>obligati</span> <span class='ocrx_word' id='word_1_111' title='bbox 647 1481 685 1543; x_wconf 92' lang='lat' dir='ltr'>ad</span> <span class='ocrx_word' id='word_1_112' title='bbox 698 1481 907 1544; x_wconf 81' lang='lat' dir='ltr'>famulandum</span> <span class='ocrx_word' id='word_1_113' title='bbox 922 1499 1023 1563; x_wconf 88' lang='lat' dir='ltr'>usque</span> <span class='ocrx_word' id='word_1_114' title='bbox 1037 1483 1074 1544; x_wconf 91' lang='lat' dir='ltr'>ad</span> <span class='ocrx_word' id='word_1_115' title='bbox 1086 1503 1143 1546; x_wconf 86' lang='lat' dir='ltr'>eer—</span> <span class='ocrx_word' id='word_1_116' title='bbox 1202 1475 1207 1485; x_wconf 86' lang='lat'>&#39;</span> 
     </span>
    </p>

    <p class='ocr_par' dir='ltr' id='par_1_6' title="bbox 114 1569 1208 1919">
     <span class='ocr_line' id='line_1_17' title="bbox 114 1569 1144 1654; baseline -0.005 -18"><span class='ocrx_word' id='word_1_117' title='bbox 114 1647 118 1654; x_wconf 26' lang='grc' dir='ltr'>Ι</span> <span class='ocrx_word' id='word_1_118' title='bbox 178 1581 243 1638; x_wconf 81' lang='lat' dir='ltr'>turn</span> <span class='ocrx_word' id='word_1_119' title='bbox 254 1581 382 1654; x_wconf 83' lang='lat' dir='ltr'>lempna.</span> <span class='ocrx_word' id='word_1_120' title='bbox 394 1569 628 1632; x_wconf 83' lang='lat' dir='ltr'>Eademdeeisio</span> <span class='ocrx_word' id='word_1_121' title='bbox 639 1570 1144 1652; x_wconf 83' lang='lat' dir='ltr'>liliisetuxoribusestapplicanda,</span> 
     </span>
     <span class='ocr_line' id='line_1_18' title="bbox 179 1657 1147 1743; baseline -0.006 -18"><span class='ocrx_word' id='word_1_122' title='bbox 179 1663 204 1726; x_wconf 88' lang='lat' dir='ltr'>si</span> <span class='ocrx_word' id='word_1_123' title='bbox 226 1661 422 1743; x_wconf 89' lang='lat' dir='ltr'>nonpossint</span> <span class='ocrx_word' id='word_1_124' title='bbox 448 1676 576 1721; x_wconf 88' lang='lat' dir='ltr'>renuere</span> <span class='ocrx_word' id='word_1_125' title='bbox 598 1677 675 1740; x_wconf 92' lang='lat' dir='ltr'>opus</span> <span class='ocrx_word' id='word_1_126' title='bbox 706 1659 810 1721; x_wconf 83' lang='lat' dir='ltr'>seruile</span> <span class='ocrx_word' id='word_1_127' title='bbox 836 1659 902 1720; x_wconf 80' lang='lat' dir='ltr'>sind</span> <span class='ocrx_word' id='word_1_128' title='bbox 923 1657 1036 1721; x_wconf 86' lang='lat' dir='ltr'>timore</span> <span class='ocrx_word' id='word_1_129' title='bbox 1059 1661 1147 1741; x_wconf 76' lang='lat' dir='ltr'>graiis</span> 
     </span>
     <span class='ocr_line' id='line_1_19' title="bbox 180 1747 1207 1831; baseline -0.001 -18"><span class='ocrx_word' id='word_1_130' title='bbox 180 1751 300 1828; x_wconf 86' lang='lat' dir='ltr'>damni,</span> <span class='ocrx_word' id='word_1_131' title='bbox 316 1757 367 1812; x_wconf 89' lang='lat' dir='ltr'>aut</span> <span class='ocrx_word' id='word_1_132' title='bbox 380 1749 476 1829; x_wconf 78' lang='lat' dir='ltr'>gravis</span> <span class='ocrx_word' id='word_1_133' title='bbox 497 1747 709 1828; x_wconf 73' lang='lat' dir='ltr'>indignationis</span> <span class='ocrx_word' id='word_1_134' title='bbox 730 1749 821 1828; x_wconf 85' lang='lat' dir='ltr'>patris</span> <span class='ocrx_word' id='word_1_135' title='bbox 840 1753 890 1808; x_wconf 91' lang='lat' dir='ltr'>aul</span> <span class='ocrx_word' id='word_1_136' title='bbox 903 1749 1005 1808; x_wconf 90' lang='lat' dir='ltr'>mariti</span> <span class='ocrx_word' id='word_1_137' title='bbox 1020 1749 1147 1812; x_wconf 81' lang='lat' dir='ltr'>laborem</span> <span class='ocrx_word' id='word_1_138' title='bbox 1201 1810 1207 1831; x_wconf 74' lang='lat'>,</span> 
     </span>
     <span class='ocr_line' id='line_1_20' title="bbox 182 1835 1208 1919; baseline -0.007 -18"><span class='ocrx_word' id='word_1_139' title='bbox 182 1839 348 1903; x_wconf 88' lang='lat' dir='ltr'>indicentis.</span> <span class='ocrx_word' id='word_1_140' title='bbox 365 1839 406 1915; x_wconf 87' lang='lat' dir='ltr'>(S.</span> <span class='ocrx_word' id='word_1_141' title='bbox 424 1837 556 1919; x_wconf 66' lang='lat' dir='ltr'>lignos,</span> <span class='ocrx_word' id='word_1_142' title='bbox 572 1835 626 1912; x_wconf 74' lang='lat' dir='ltr'>ila,</span> <span class='ocrx_word' id='word_1_143' title='bbox 639 1835 679 1896; x_wconf 80' lang='lat' dir='ltr'>n&#39;¹</span> <span class='ocrx_word' id='word_1_144' title='bbox 693 1840 763 1914; x_wconf 76' lang='lat'>295,</span> <span class='ocrx_word' id='word_1_145' title='bbox 778 1839 856 1913; x_wconf 72' lang='lat'><strong>296).</strong></span> <span class='ocrx_word' id='word_1_146' title='bbox 1201 1836 1208 1912; x_wconf 68' lang='lat' dir='ltr'>l</span> 
     </span>
    </p>

    <p class='ocr_par' dir='ltr' id='par_1_7' title="bbox 182 1923 1209 2268">
     <span class='ocr_line' id='line_1_21' title="bbox 221 1923 1209 2008; baseline -0.002 -20"><span class='ocrx_word' id='word_1_147' title='bbox 221 1931 309 1989; x_wconf 91' lang='grc'><strong>4938.</strong></span> <span class='ocrx_word' id='word_1_148' title='bbox 327 1930 399 1987; x_wconf 85' lang='lat' dir='ltr'>ltein</span> <span class='ocrx_word' id='word_1_149' title='bbox 414 1933 593 1988; x_wconf 81' lang='lat' dir='ltr'>excusantur</span> <span class='ocrx_word' id='word_1_150' title='bbox 607 1925 658 2005; x_wconf 90' lang='lat' dir='ltr'>qui</span> <span class='ocrx_word' id='word_1_151' title='bbox 674 1943 742 1986; x_wconf 88' lang='lat' dir='ltr'>suas</span> <span class='ocrx_word' id='word_1_152' title='bbox 756 1933 851 1986; x_wconf 82' lang='lat' dir='ltr'>vestes</span> <span class='ocrx_word' id='word_1_153' title='bbox 871 1931 922 1987; x_wconf 90' lang='lat' dir='ltr'>aul</span> <span class='ocrx_word' id='word_1_154' title='bbox 941 1923 1077 1988; x_wconf 81' lang='lat' dir='ltr'>liliorum</span> <span class='ocrx_word' id='word_1_155' title='bbox 1090 1926 1150 1987; x_wconf 83' lang='lat' dir='ltr'>neli-</span> <span class='ocrx_word' id='word_1_156' title='bbox 1208 1987 1209 2008; x_wconf 55' lang='lat'>,</span> 
     </span>
     <span class='ocr_line' id='line_1_22' title="bbox 182 2011 1209 2096; baseline -0.002 -18"><span class='ocrx_word' id='word_1_157' title='bbox 182 2017 265 2078; x_wconf 91' lang='lat' dir='ltr'>ciunt</span> <span class='ocrx_word' id='word_1_158' title='bbox 278 2061 285 2089; x_wconf 92' lang='lat'>,</span> <span class='ocrx_word' id='word_1_159' title='bbox 300 2018 371 2074; x_wconf 82' lang='lat' dir='ltr'>cirin</span> <span class='ocrx_word' id='word_1_160' title='bbox 386 2015 451 2074; x_wconf 89' lang='lat' dir='ltr'>aliis</span> <span class='ocrx_word' id='word_1_161' title='bbox 471 2014 578 2074; x_wconf 89' lang='lat' dir='ltr'>diebus</span> <span class='ocrx_word' id='word_1_162' title='bbox 595 2013 691 2075; x_wconf 84' lang='lat' dir='ltr'>lacere</span> <span class='ocrx_word' id='word_1_163' title='bbox 714 2019 881 2093; x_wconf 86' lang='lat' dir='ltr'>nequeant;</span> <span class='ocrx_word' id='word_1_164' title='bbox 897 2014 971 2074; x_wconf 84' lang='lat' dir='ltr'>item</span> <span class='ocrx_word' id='word_1_165' title='bbox 987 2033 1148 2096; x_wconf 73' lang='lat' dir='ltr'>pauperes,</span> <span class='ocrx_word' id='word_1_166' title='bbox 1206 2011 1209 2064; x_wconf 54' lang='lat' dir='ltr'>l</span> 
     </span>
     <span class='ocr_line' id='line_1_23' title="bbox 182 2101 1207 2184; baseline 0 -22"><span class='ocrx_word' id='word_1_167' title='bbox 182 2103 319 2184; x_wconf 77' lang='lat' dir='ltr'>privatim</span> <span class='ocrx_word' id='word_1_168' title='bbox 331 2104 395 2162; x_wconf 69' lang='lat' dir='ltr'>sinte</span> <span class='ocrx_word' id='word_1_169' title='bbox 406 2103 546 2162; x_wconf 88' lang='lat' dir='ltr'>seandalo</span> <span class='ocrx_word' id='word_1_170' title='bbox 561 2101 740 2178; x_wconf 85' lang='lat' dir='ltr'>laborantes,</span> <span class='ocrx_word' id='word_1_171' title='bbox 756 2102 779 2162; x_wconf 92' lang='lat' dir='ltr'>si</span> <span class='ocrx_word' id='word_1_172' title='bbox 795 2120 827 2163; x_wconf 91' lang='lat' dir='ltr'>sc</span> <span class='ocrx_word' id='word_1_173' title='bbox 840 2102 885 2163; x_wconf 86' lang='lat' dir='ltr'>vel</span> <span class='ocrx_word' id='word_1_174' title='bbox 900 2119 973 2163; x_wconf 90' lang='lat' dir='ltr'>suos</span> <span class='ocrx_word' id='word_1_175' title='bbox 989 2110 1148 2165; x_wconf 86' lang='lat' dir='ltr'>sustentare</span> <span class='ocrx_word' id='word_1_176' title='bbox 1206 2175 1207 2184; x_wconf 8' lang='grc' dir='ltr'>ἵ</span> 
     </span>
     <span class='ocr_line' id='line_1_24' title="bbox 183 2191 444 2268; baseline -0.004 -17"><span class='ocrx_word' id='word_1_177' title='bbox 183 2191 267 2252; x_wconf 86' lang='lat' dir='ltr'>aliter</span> <span class='ocrx_word' id='word_1_178' title='bbox 283 2197 444 2268; x_wconf 83' lang='lat' dir='ltr'>nequeant.</span> 
     </span>
    </p>

    <p class='ocr_par' dir='ltr' id='par_1_8' title="bbox 185 2277 1206 2718">
     <span class='ocr_line' id='line_1_25' title="bbox 225 2277 1151 2360; baseline 0.004 -22"><span class='ocrx_word' id='word_1_179' title='bbox 225 2281 289 2338; x_wconf 73' lang='lat' dir='ltr'>Non</span> <span class='ocrx_word' id='word_1_180' title='bbox 314 2279 432 2338; x_wconf 78' lang='lat' dir='ltr'>tantuna</span> <span class='ocrx_word' id='word_1_181' title='bbox 453 2277 520 2339; x_wconf 88' lang='lat' dir='ltr'>lieet</span> <span class='ocrx_word' id='word_1_182' title='bbox 541 2297 709 2360; x_wconf 86' lang='lat' dir='ltr'>praeparare</span> <span class='ocrx_word' id='word_1_183' title='bbox 732 2278 834 2355; x_wconf 89' lang='lat' dir='ltr'>cibos,</span> <span class='ocrx_word' id='word_1_184' title='bbox 855 2277 964 2340; x_wconf 88' lang='lat' dir='ltr'>diebus</span> <span class='ocrx_word' id='word_1_185' title='bbox 981 2277 1081 2349; x_wconf 82' lang='lat' dir='ltr'>lestis,</span> <span class='ocrx_word' id='word_1_186' title='bbox 1105 2279 1151 2342; x_wconf 83' lang='lat' dir='ltr'>sed</span> 
     </span>
     <span class='ocr_line' id='line_1_26' title="bbox 185 2366 1150 2448; baseline -0.002 -18"><span class='ocrx_word' id='word_1_187' title='bbox 185 2367 274 2430; x_wconf 80' lang='lat' dir='ltr'>ellani</span> <span class='ocrx_word' id='word_1_188' title='bbox 304 2367 445 2430; x_wconf 87' lang='lat' dir='ltr'>animalia</span> <span class='ocrx_word' id='word_1_189' title='bbox 469 2366 624 2438; x_wconf 85' lang='lat' dir='ltr'>occidere,</span> <span class='ocrx_word' id='word_1_190' title='bbox 654 2366 678 2428; x_wconf 91' lang='lat' dir='ltr'>si</span> <span class='ocrx_word' id='word_1_191' title='bbox 702 2366 797 2448; x_wconf 74' lang='lat' dir='ltr'>pridie</span> <span class='ocrx_word' id='word_1_192' title='bbox 826 2366 988 2428; x_wconf 74' lang='lat' dir='ltr'>commode</span> <span class='ocrx_word' id='word_1_193' title='bbox 1012 2367 1077 2430; x_wconf 86' lang='lat' dir='ltr'>ficri</span> <span class='ocrx_word' id='word_1_194' title='bbox 1096 2386 1150 2429; x_wconf 90' lang='lat' dir='ltr'>non</span> 
     </span>
     <span class='ocr_line' id='line_1_27' title="bbox 187 2453 1206 2540; baseline -0.002 -22"><span class='ocrx_word' id='word_1_195' title='bbox 187 2459 314 2540; x_wconf 88' lang='lat' dir='ltr'>potuerit</span> <span class='ocrx_word' id='word_1_196' title='bbox 325 2503 332 2527; x_wconf 82' lang='lat'>,</span> <span class='ocrx_word' id='word_1_197' title='bbox 343 2462 377 2518; x_wconf 92' lang='lat' dir='ltr'>ut</span> <span class='ocrx_word' id='word_1_198' title='bbox 390 2455 464 2518; x_wconf 91' lang='lat' dir='ltr'>solet</span> <span class='ocrx_word' id='word_1_199' title='bbox 478 2456 596 2518; x_wconf 79' lang='lat' dir='ltr'>evenire</span> <span class='ocrx_word' id='word_1_200' title='bbox 607 2455 637 2515; x_wconf 94' lang='lat' dir='ltr'>in</span> <span class='ocrx_word' id='word_1_201' title='bbox 652 2455 770 2535; x_wconf 83' lang='lat' dir='ltr'>magnis</span> <span class='ocrx_word' id='word_1_202' title='bbox 780 2453 962 2529; x_wconf 84' lang='lat' dir='ltr'>civilatibus,</span> <span class='ocrx_word' id='word_1_203' title='bbox 981 2473 1045 2517; x_wconf 90' lang='lat' dir='ltr'>non</span> <span class='ocrx_word' id='word_1_204' title='bbox 1059 2464 1151 2520; x_wconf 82' lang='lat' dir='ltr'>autern</span> <span class='ocrx_word' id='word_1_205' title='bbox 1205 2455 1206 2458; x_wconf 70' lang='grc'>’</span> 
     </span>
     <span class='ocr_line' id='line_1_28' title="bbox 187 2541 1153 2628; baseline -0.005 -20"><span class='ocrx_word' id='word_1_206' title='bbox 187 2549 219 2608; x_wconf 89' lang='lat' dir='ltr'>in</span> <span class='ocrx_word' id='word_1_207' title='bbox 233 2545 400 2628; x_wconf 90' lang='lat' dir='ltr'>oppidulis,</span> <span class='ocrx_word' id='word_1_208' title='bbox 417 2546 472 2607; x_wconf 92' lang='lat' dir='ltr'>nisi</span> <span class='ocrx_word' id='word_1_209' title='bbox 489 2546 525 2607; x_wconf 88' lang='lat' dir='ltr'>sit</span> <span class='ocrx_word' id='word_1_210' title='bbox 549 2551 684 2624; x_wconf 86' lang='lat' dir='ltr'>tempore</span> <span class='ocrx_word' id='word_1_211' title='bbox 698 2544 818 2620; x_wconf 70' lang='lat' dir='ltr'>aestivo,</span> <span class='ocrx_word' id='word_1_212' title='bbox 833 2542 879 2604; x_wconf 86' lang='lat' dir='ltr'>vel</span> <span class='ocrx_word' id='word_1_213' title='bbox 900 2541 957 2604; x_wconf 87' lang='lat' dir='ltr'>nisi</span> <span class='ocrx_word' id='word_1_214' title='bbox 976 2549 1153 2608; x_wconf 79' lang='lat' dir='ltr'>concurrant</span> 
     </span>
     <span class='ocr_line' id='line_1_29' title="bbox 189 2629 954 2718; baseline -0.008 -20"><span class='ocrx_word' id='word_1_215' title='bbox 189 2637 275 2718; x_wconf 88' lang='lat' dir='ltr'>plura</span> <span class='ocrx_word' id='word_1_216' title='bbox 288 2636 372 2698; x_wconf 85' lang='lat' dir='ltr'>lesta.</span> <span class='ocrx_word' id='word_1_217' title='bbox 386 2637 427 2712; x_wconf 89' lang='lat' dir='ltr'>(S.</span> <span class='ocrx_word' id='word_1_218' title='bbox 444 2635 579 2715; x_wconf 67' lang='lat' dir='ltr'>Lignea,</span> <span class='ocrx_word' id='word_1_219' title='bbox 594 2632 650 2709; x_wconf 74' lang='lat' dir='ltr'>id,</span> <span class='ocrx_word' id='word_1_220' title='bbox 667 2640 700 2692; x_wconf 78' lang='grc' dir='ltr'>0ο</span> <span class='ocrx_word' id='word_1_221' title='bbox 714 2631 796 2712; x_wconf 74' lang='grc'><strong>998.)</strong></span> <span class='ocrx_word' id='word_1_222' title='bbox 944 2629 954 2648; x_wconf 88' lang='grc'><strong>’</strong></span> 
     </span>
    </p>

    <p class='ocr_par' dir='ltr' id='par_1_9' title="bbox 190 2718 1205 3068">
     <span class='ocr_line' id='line_1_30' title="bbox 229 2718 1152 2802; baseline 0 -18"><span class='ocrx_word' id='word_1_223' title='bbox 229 2728 271 2786; x_wconf 75' lang='lat' dir='ltr'>lix</span> <span class='ocrx_word' id='word_1_224' title='bbox 295 2723 526 2798; x_wconf 88' lang='lat' dir='ltr'>consuetudine,</span> <span class='ocrx_word' id='word_1_225' title='bbox 549 2721 618 2783; x_wconf 88' lang='lat' dir='ltr'>licet</span> <span class='ocrx_word' id='word_1_226' title='bbox 638 2719 744 2782; x_wconf 89' lang='lat' dir='ltr'>diebus</span> <span class='ocrx_word' id='word_1_227' title='bbox 767 2718 847 2781; x_wconf 89' lang='lat' dir='ltr'>sestis</span> <span class='ocrx_word' id='word_1_228' title='bbox 864 2721 1008 2802; x_wconf 84' lang='lat' dir='ltr'>colligere</span> <span class='ocrx_word' id='word_1_229' title='bbox 1029 2724 1152 2796; x_wconf 85' lang='lat' dir='ltr'>fructus,</span> 
     </span>
     <span class='ocr_line' id='line_1_31' title="bbox 190 2807 1154 2889; baseline -0.004 -13"><span class='ocrx_word' id='word_1_230' title='bbox 190 2807 1154 2889; x_wconf 79' lang='lat' dir='ltr'>elianinonnecessariosadusumdiei,utintegriorcssersenlur,</span> 
     </span>
     <span class='ocr_line' id='line_1_32' title="bbox 192 2895 1153 2983; baseline -0.002 -21"><span class='ocrx_word' id='word_1_231' title='bbox 192 2904 358 2982; x_wconf 74' lang='lat' dir='ltr'>prasertim</span> <span class='ocrx_word' id='word_1_232' title='bbox 370 2901 492 2983; x_wconf 88' lang='lat' dir='ltr'>quando</span> <span class='ocrx_word' id='word_1_233' title='bbox 507 2907 551 2961; x_wconf 88' lang='lat' dir='ltr'>est</span> <span class='ocrx_word' id='word_1_234' title='bbox 569 2897 738 2979; x_wconf 87' lang='lat' dir='ltr'>periculum</span> <span class='ocrx_word' id='word_1_235' title='bbox 751 2915 790 2958; x_wconf 90' lang='lat' dir='ltr'>ne</span> <span class='ocrx_word' id='word_1_236' title='bbox 804 2895 842 2958; x_wconf 89' lang='lat' dir='ltr'>ab</span> <span class='ocrx_word' id='word_1_237' title='bbox 859 2897 925 2958; x_wconf 89' lang='lat' dir='ltr'>aliis</span> <span class='ocrx_word' id='word_1_238' title='bbox 939 2901 1153 2982; x_wconf 66' lang='lat' dir='ltr'>surripiente,</span> 
     </span>
     <span class='ocr_line' id='line_1_33' title="bbox 192 2984 1205 3068; baseline -0.003 -18"><span class='ocrx_word' id='word_1_239' title='bbox 192 2991 237 3050; x_wconf 80' lang='lat' dir='ltr'>vel</span> <span class='ocrx_word' id='word_1_240' title='bbox 251 2993 267 3050; x_wconf 78' lang='lat' dir='ltr'>a</span> <span class='ocrx_word' id='word_1_241' title='bbox 282 2991 381 3068; x_wconf 77' lang='lat' dir='ltr'>pluvit</span> <span class='ocrx_word' id='word_1_242' title='bbox 392 2990 652 3051; x_wconf 87' lang='lat' dir='ltr'>contaminentur:</span> <span class='ocrx_word' id='word_1_243' title='bbox 668 2984 750 3046; x_wconf 89' lang='lat' dir='ltr'>unde</span> <span class='ocrx_word' id='word_1_244' title='bbox 766 3003 824 3046; x_wconf 87' lang='lat' dir='ltr'>usu</span> <span class='ocrx_word' id='word_1_245' title='bbox 837 2993 994 3066; x_wconf 87' lang='lat' dir='ltr'>receptum</span> <span class='ocrx_word' id='word_1_246' title='bbox 1008 2989 1155 3052; x_wconf 83' lang='lat' dir='ltr'>estmultis</span> <span class='ocrx_word' id='word_1_247' title='bbox 1204 2999 1205 3002; x_wconf 73' lang='grc'>’</span> 
     </span>
    </p>

    <p class='ocr_par' dir='ltr' id='par_1_10' title="bbox 194 3071 1205 3220">
     <span class='ocr_line' id='line_1_34' title="bbox 194 3073 1153 3158; baseline -0.002 -20"><span class='ocrx_word' id='word_1_248' title='bbox 194 3077 223 3138; x_wconf 92' lang='lat' dir='ltr'>in</span> <span class='ocrx_word' id='word_1_249' title='bbox 239 3077 312 3138; x_wconf 91' lang='lat' dir='ltr'>locis</span> <span class='ocrx_word' id='word_1_250' title='bbox 326 3075 466 3156; x_wconf 78' lang='lat' dir='ltr'>colligere</span> <span class='ocrx_word' id='word_1_251' title='bbox 488 3076 519 3138; x_wconf 92' lang='lat' dir='ltr'>in</span> <span class='ocrx_word' id='word_1_252' title='bbox 537 3076 586 3139; x_wconf 86' lang='lat' dir='ltr'>die</span> <span class='ocrx_word' id='word_1_253' title='bbox 604 3074 678 3137; x_wconf 88' lang='lat' dir='ltr'>leste</span> <span class='ocrx_word' id='word_1_254' title='bbox 698 3073 809 3150; x_wconf 90' lang='lat' dir='ltr'>olivas,</span> <span class='ocrx_word' id='word_1_255' title='bbox 824 3091 896 3136; x_wconf 83' lang='lat' dir='ltr'>uvas</span> <span class='ocrx_word' id='word_1_256' title='bbox 914 3075 1034 3158; x_wconf 75' lang='lat' dir='ltr'>integre</span> <span class='ocrx_word' id='word_1_257' title='bbox 1048 3095 1153 3140; x_wconf 80' lang='lat' dir='ltr'>sanan</span> 
     </span>
    </p>

    <p class='ocr_par' dir='ltr' id='par_1_11' title="bbox 194 3163 334 3240">
     <span class='ocr_line' id='line_1_35' title="bbox 194 3163 334 3240; baseline -0.007 -15"><span class='ocrx_word' id='word_1_258' title='bbox 194 3163 261 3240; x_wconf 89' lang='lat' dir='ltr'>das,</span> <span class='ocrx_word' id='word_1_259' title='bbox 277 3171 334 3228; x_wconf 86' lang='lat' dir='ltr'>ela.</span> 
     </span>
    </p>

    <p class='ocr_par' dir='ltr' id='par_1_12' title="bbox 186 3251 1159 3336">
     <span class='ocr_line' id='line_1_36' title="bbox 186 3251 1159 3336; baseline 0.002 -24"><span class='ocrx_word' id='word_1_260' title='bbox 186 3284 188 3296; x_wconf 92' lang='lat'><em>·</em></span> <span class='ocrx_word' id='word_1_261' title='bbox 234 3253 320 3313; x_wconf 84' lang='lat' dir='ltr'>Nulla</span> <span class='ocrx_word' id='word_1_262' title='bbox 343 3259 388 3314; x_wconf 86' lang='lat' dir='ltr'>est</span> <span class='ocrx_word' id='word_1_263' title='bbox 406 3251 563 3316; x_wconf 88' lang='lat' dir='ltr'>difficultas</span> <span class='ocrx_word' id='word_1_264' title='bbox 585 3253 686 3334; x_wconf 87' lang='lat' dir='ltr'>quoad</span> <span class='ocrx_word' id='word_1_265' title='bbox 708 3271 800 3336; x_wconf 87' lang='lat' dir='ltr'>opera</span> <span class='ocrx_word' id='word_1_266' title='bbox 822 3253 990 3316; x_wconf 86' lang='lat' dir='ltr'>necessaria</span> <span class='ocrx_word' id='word_1_267' title='bbox 1013 3255 1052 3316; x_wconf 88' lang='lat' dir='ltr'>ad</span> <span class='ocrx_word' id='word_1_268' title='bbox 1074 3273 1159 3317; x_wconf 67' lang='lat' dir='ltr'>muru</span> 
     </span>
    </p>

    <p class='ocr_par' dir='ltr' id='par_1_13' title="bbox 195 3339 1161 3601">
     <span class='ocr_line' id='line_1_37' title="bbox 195 3339 1159 3420; baseline 0.001 -21"><span class='ocrx_word' id='word_1_269' title='bbox 195 3339 419 3418; x_wconf 84' lang='lat' dir='ltr'>quotidianum,</span> <span class='ocrx_word' id='word_1_270' title='bbox 438 3348 471 3402; x_wconf 88' lang='lat' dir='ltr'>ut</span> <span class='ocrx_word' id='word_1_271' title='bbox 491 3349 622 3403; x_wconf 89' lang='lat' dir='ltr'>sternere</span> <span class='ocrx_word' id='word_1_272' title='bbox 643 3341 753 3412; x_wconf 87' lang='lat' dir='ltr'>lectos,</span> <span class='ocrx_word' id='word_1_273' title='bbox 768 3360 885 3404; x_wconf 84' lang='lat' dir='ltr'>verrere</span> <span class='ocrx_word' id='word_1_274' title='bbox 904 3342 1032 3405; x_wconf 80' lang='lat' dir='ltr'>domuin</span> <span class='ocrx_word' id='word_1_275' title='bbox 1044 3391 1053 3420; x_wconf 93' lang='lat'>,</span> <span class='ocrx_word' id='word_1_276' title='bbox 1067 3343 1159 3406; x_wconf 78' lang='lat' dir='ltr'>lavare.</span> 
     </span>
     <span class='ocr_line' id='line_1_38' title="bbox 197 3427 1091 3512; baseline 0.01 -26"><span class='ocrx_word' id='word_1_277' title='bbox 197 3427 334 3486; x_wconf 87' lang='lat' dir='ltr'>utensilia</span> <span class='ocrx_word' id='word_1_278' title='bbox 347 3427 490 3489; x_wconf 89' lang='lat' dir='ltr'>culinaria</span> <span class='ocrx_word' id='word_1_279' title='bbox 502 3435 531 3489; x_wconf 88' lang='lat' dir='ltr'>et</span> <span class='ocrx_word' id='word_1_280' title='bbox 544 3429 663 3492; x_wconf 84' lang='lat' dir='ltr'>similia.</span> <span class='ocrx_word' id='word_1_281' title='bbox 681 3433 722 3508; x_wconf 87' lang='lat' dir='ltr'>(S.</span> <span class='ocrx_word' id='word_1_282' title='bbox 738 3431 873 3512; x_wconf 79' lang='lat' dir='ltr'>Ligaun,</span> <span class='ocrx_word' id='word_1_283' title='bbox 889 3431 943 3509; x_wconf 73' lang='lat' dir='ltr'>id,</span> <span class='ocrx_word' id='word_1_284' title='bbox 960 3441 995 3493; x_wconf 80' lang='grc' dir='ltr'>ηο</span> <span class='ocrx_word' id='word_1_285' title='bbox 1010 3437 1091 3498; x_wconf 72' lang='lat' dir='ltr'>aaa.)</span> 
     </span>
     <span class='ocr_line' id='line_1_39' title="bbox 237 3515 1161 3601; baseline 0.008 -29"><span class='ocrx_word' id='word_1_286' title='bbox 237 3517 325 3575; x_wconf 85' lang='grc'><strong>4939.</strong></span> <span class='ocrx_word' id='word_1_287' title='bbox 349 3515 475 3582; x_wconf 79' lang='lat' dir='ltr'>Ouidarn</span> <span class='ocrx_word' id='word_1_288' title='bbox 495 3515 600 3576; x_wconf 87' lang='lat' dir='ltr'>dicunt</span> <span class='ocrx_word' id='word_1_289' title='bbox 615 3518 741 3598; x_wconf 84' lang='lat' dir='ltr'>pistores</span> <span class='ocrx_word' id='word_1_290' title='bbox 760 3537 822 3580; x_wconf 92' lang='lat' dir='ltr'>non</span> <span class='ocrx_word' id='word_1_291' title='bbox 844 3539 932 3601; x_wconf 86' lang='lat' dir='ltr'>posse</span> <span class='ocrx_word' id='word_1_292' title='bbox 954 3520 1063 3584; x_wconf 85' lang='lat' dir='ltr'>diebus</span> <span class='ocrx_word' id='word_1_293' title='bbox 1084 3521 1161 3582; x_wconf 79' lang='lat' dir='ltr'>lestis</span> 
     </span>
    </p>

    <p class='ocr_par' dir='ltr' id='par_1_14' title="bbox 200 3602 1203 3725">
     <span class='ocr_line' id='line_1_40' title="bbox 200 3602 1203 3725; baseline 0.004 -63"><span class='ocrx_word' id='word_1_294' title='bbox 200 3619 308 3678; x_wconf 81' lang='lat' dir='ltr'>panein</span> <span class='ocrx_word' id='word_1_295' title='bbox 323 3603 482 3678; x_wconf 81' lang='lat' dir='ltr'>conficere,</span> <span class='ocrx_word' id='word_1_296' title='bbox 491 3602 516 3664; x_wconf 91' lang='lat' dir='ltr'>si</span> <span class='ocrx_word' id='word_1_297' title='bbox 529 3603 577 3662; x_wconf 91' lang='lat' dir='ltr'>die</span> <span class='ocrx_word' id='word_1_298' title='bbox 591 3607 787 3668; x_wconf 84' lang='lat' dir='ltr'>antecedente</span> <span class='ocrx_word' id='word_1_299' title='bbox 799 3623 968 3690; x_wconf 70' lang='lat' dir='ltr'>praeparare</span> <span class='ocrx_word' id='word_1_300' title='bbox 981 3611 1158 3674; x_wconf 84' lang='lat' dir='ltr'>valuissent.</span> <span class='ocrx_word' id='word_1_301' title='bbox 1202 3647 1203 3725; x_wconf 33' lang='grc'>1</span> 
     </span>
    </p>
   </div>
   <div class='ocr_carea' id='block_1_4' title="bbox 0 0 1249 3968">
    <p class='ocr_par' dir='ltr' id='par_1_15' title="bbox 0 0 1249 3968">
     <span class='ocr_line' id='line_1_41' title="bbox 0 0 1249 3968; baseline 0 0"><span class='ocrx_word' id='word_1_302' title='bbox 0 0 1249 3968; x_wconf 95' lang='lat' dir='ltr'> </span> 
     </span>
    </p>
   </div>
   <div class='ocr_carea' id='block_1_5' title="bbox 1083 3851 1202 3916">
    <p class='ocr_par' dir='ltr' id='par_1_16' title="bbox 1083 3851 1202 3916">
     <span class='ocr_line' id='line_1_42' title="bbox 1083 3851 1202 3916; baseline 0.008 -1"><span class='ocrx_word' id='word_1_303' title='bbox 1083 3875 1090 3915; x_wconf 66' lang='lat'>⁴.</span> <span class='ocrx_word' id='word_1_304' title='bbox 1201 3851 1202 3916; x_wconf 87' lang='lat' dir='ltr'>l</span> 
     </span>
    </p>
   </div>
  </div>
 </body>
</html>
