<?xml version="1.0" encoding="UTF-8"?>
<!DOCTYPE html PUBLIC "-//W3C//DTD XHTML 1.0 Transitional//EN"
    "http://www.w3.org/TR/xhtml1/DTD/xhtml1-transitional.dtd">
<html xmlns="http://www.w3.org/1999/xhtml" xml:lang="en" lang="en">
 <head>
  <title>
</title>
<meta http-equiv="Content-Type" content="text/html;charset=utf-8" />
  <meta name='ocr-system' content='tesseract 3.04.00' />
  <meta name='ocr-capabilities' content='ocr_page ocr_carea ocr_par ocr_line ocrx_word'/>
</head>
<body>
  <div class='ocr_page' id='page_1' title='image "./manualetotiusju00craigoog_0078.png"; bbox 0 0 2452 3946; ppageno 0'>
   <div class='ocr_carea' id='block_1_1' title="bbox 330 232 996 297">
    <p class='ocr_par' dir='ltr' id='par_1_1' title="bbox 330 232 996 297">
     <span class='ocr_line' id='line_1_1' title="bbox 330 232 996 297; baseline -0.006 0"><span class='ocrx_word' id='word_1_1' title='bbox 330 278 333 297; x_wconf 88' lang='grc'><strong>.</strong></span> <span class='ocrx_word' id='word_1_2' title='bbox 382 243 466 292; x_wconf 77' lang='lat' dir='ltr'>nuso</span> <span class='ocrx_word' id='word_1_3' title='bbox 485 241 642 291; x_wconf 69' lang='lat' dir='ltr'>moruus.</span> <span class='ocrx_word' id='word_1_4' title='bbox 960 232 996 294; x_wconf 83' lang='grc'>11</span> 
     </span>
    </p>
   </div>
   <div class='ocr_carea' id='block_1_2' title="bbox 10 337 1006 2560">
    <p class='ocr_par' dir='ltr' id='par_1_2' title="bbox 10 337 1004 1306">
     <span class='ocr_line' id='line_1_2' title="bbox 14 337 1000 425; baseline 0.006 -23"><span class='ocrx_word' id='word_1_5' title='bbox 14 344 225 406; x_wconf 75' lang='lat' dir='ltr'>abiissemm</span> <span class='ocrx_word' id='word_1_6' title='bbox 249 337 396 402; x_wconf 81' lang='lat' dir='ltr'>solemnia</span> <span class='ocrx_word' id='word_1_7' title='bbox 416 358 478 402; x_wconf 89' lang='lat' dir='ltr'>non</span> <span class='ocrx_word' id='word_1_8' title='bbox 499 341 629 421; x_wconf 89' lang='lat' dir='ltr'>ubique,</span> <span class='ocrx_word' id='word_1_9' title='bbox 645 339 744 402; x_wconf 85' lang='lat' dir='ltr'>sedin</span> <span class='ocrx_word' id='word_1_10' title='bbox 764 341 839 406; x_wconf 85' lang='lat' dir='ltr'>tocie</span> <span class='ocrx_word' id='word_1_11' title='bbox 858 346 896 405; x_wconf 87' lang='lat' dir='ltr'>eb</span> <span class='ocrx_word' id='word_1_12' title='bbox 912 346 1000 425; x_wconf 82' lang='lat' dir='ltr'>Epis-</span> 
     </span>
     <span class='ocr_line' id='line_1_3' title="bbox 10 428 1000 512; baseline 0.007 -23"><span class='ocrx_word' id='word_1_13' title='bbox 10 452 22 489; x_wconf 80' lang='grc' dir='ltr'>ι</span> <span class='ocrx_word' id='word_1_14' title='bbox 41 450 129 512; x_wconf 86' lang='lat' dir='ltr'>copo</span> <span class='ocrx_word' id='word_1_15' title='bbox 146 429 363 502; x_wconf 83' lang='lat' dir='ltr'>consecratis,</span> <span class='ocrx_word' id='word_1_16' title='bbox 379 429 423 491; x_wconf 86' lang='lat' dir='ltr'>oet</span> <span class='ocrx_word' id='word_1_17' title='bbox 436 428 487 489; x_wconf 82' lang='lat' dir='ltr'>ubi</span> <span class='ocrx_word' id='word_1_18' title='bbox 501 429 562 509; x_wconf 81' lang='lat' dir='ltr'>ipse</span> <span class='ocrx_word' id='word_1_19' title='bbox 571 429 750 509; x_wconf 76' lang='lat' dir='ltr'><em>permiserit.</em></span> <span class='ocrx_word' id='word_1_20' title='bbox 767 428 1000 496; x_wconf 73' lang='lat' dir='ltr'>colementano</span> 
     </span>
     <span class='ocr_line' id='line_1_4' title="bbox 10 515 1001 601; baseline 0.008 -25"><span class='ocrx_word' id='word_1_21' title='bbox 10 539 22 576; x_wconf 81' lang='lat' dir='ltr'>e</span> <span class='ocrx_word' id='word_1_22' title='bbox 41 537 220 580; x_wconf 72' lang='lat' dir='ltr'><strong><em>censemus.</em></strong></span> <span class='ocrx_word' id='word_1_23' title='bbox 237 515 451 598; x_wconf 77' lang='lat' dir='ltr'>»Videpariter</span> <span class='ocrx_word' id='word_1_24' title='bbox 463 535 530 598; x_wconf 88' lang='lat' dir='ltr'>cap.</span> <span class='ocrx_word' id='word_1_25' title='bbox 546 516 607 578; x_wconf 86' lang='lat' dir='ltr'>Hie</span> <span class='ocrx_word' id='word_1_26' title='bbox 617 536 697 598; x_wconf 71' lang='lat' dir='ltr'>erqo,</span> <span class='ocrx_word' id='word_1_27' title='bbox 712 523 741 578; x_wconf 89' lang='lat' dir='ltr'>et</span> <span class='ocrx_word' id='word_1_28' title='bbox 755 536 822 601; x_wconf 89' lang='lat' dir='ltr'>cap.</span> <span class='ocrx_word' id='word_1_29' title='bbox 838 520 938 590; x_wconf 83' lang='lat' dir='ltr'>lutis,</span> <span class='ocrx_word' id='word_1_30' title='bbox 959 521 1001 584; x_wconf 86' lang='lat' dir='ltr'>De</span> 
     </span>
     <span class='ocr_line' id='line_1_5' title="bbox 14 603 999 689; baseline 0.001 -20"><span class='ocrx_word' id='word_1_31' title='bbox 14 607 214 687; x_wconf 72' lang='lat' dir='ltr'>Priuilepr&#39;is.</span> <span class='ocrx_word' id='word_1_32' title='bbox 237 604 299 666; x_wconf 90' lang='lat' dir='ltr'>Sed</span> <span class='ocrx_word' id='word_1_33' title='bbox 322 604 385 667; x_wconf 74' lang='lat' dir='ltr'>baec</span> <span class='ocrx_word' id='word_1_34' title='bbox 406 605 529 668; x_wconf 75' lang='lat' dir='ltr'><strong>facultas</strong></span> <span class='ocrx_word' id='word_1_35' title='bbox 548 603 602 667; x_wconf 84' lang='lat' dir='ltr'>tuit</span> <span class='ocrx_word' id='word_1_36' title='bbox 617 604 690 686; x_wconf 87' lang='lat' dir='ltr'>ipsis</span> <span class='ocrx_word' id='word_1_37' title='bbox 703 605 841 689; x_wconf 81' lang='lat' dir='ltr'>adempta</span> <span class='ocrx_word' id='word_1_38' title='bbox 855 611 874 672; x_wconf 81' lang='lat' dir='ltr'>tr</span> <span class='ocrx_word' id='word_1_39' title='bbox 886 609 999 672; x_wconf 87' lang='lat' dir='ltr'>Concil.</span> 
     </span>
     <span class='ocr_line' id='line_1_6' title="bbox 12 693 1001 772; baseline 0.002 -16"><span class='ocrx_word' id='word_1_40' title='bbox 12 696 149 757; x_wconf 75' lang='lat' dir='ltr'>trident.</span> <span class='ocrx_word' id='word_1_41' title='bbox 169 696 264 768; x_wconf 86' lang='lat' dir='ltr'>(sess.</span> <span class='ocrx_word' id='word_1_42' title='bbox 281 697 336 766; x_wconf 74' lang='lat'>22,</span> <span class='ocrx_word' id='word_1_43' title='bbox 350 693 456 756; x_wconf 76' lang='lat' dir='ltr'>decret.</span> <span class='ocrx_word' id='word_1_44' title='bbox 481 693 517 755; x_wconf 85' lang='lat' dir='ltr'>de</span> <span class='ocrx_word' id='word_1_45' title='bbox 535 693 676 772; x_wconf 83' lang='lat' dir='ltr'>otseru);</span> <span class='ocrx_word' id='word_1_46' title='bbox 691 693 773 756; x_wconf 91' lang='lat' dir='ltr'>unde</span> <span class='ocrx_word' id='word_1_47' title='bbox 791 693 879 760; x_wconf 89' lang='lat' dir='ltr'>bodie</span> <span class='ocrx_word' id='word_1_48' title='bbox 900 715 1001 760; x_wconf 82' lang='lat' dir='ltr'>reem·</span> 
     </span>
     <span class='ocr_line' id='line_1_7' title="bbox 13 781 1004 864; baseline 0.001 -19"><span class='ocrx_word' id='word_1_49' title='bbox 13 785 143 845; x_wconf 78' lang='lat' dir='ltr'>modum</span> <span class='ocrx_word' id='word_1_50' title='bbox 160 787 213 844; x_wconf 83' lang='lat' dir='ltr'>est</span> <span class='ocrx_word' id='word_1_51' title='bbox 231 781 271 844; x_wconf 89' lang='lat' dir='ltr'>ad</span> <span class='ocrx_word' id='word_1_52' title='bbox 286 781 394 844; x_wconf 85' lang='lat' dir='ltr'>Sedem</span> <span class='ocrx_word' id='word_1_53' title='bbox 418 781 620 862; x_wconf 73' lang='lat' dir='ltr'>apostolicum</span> <span class='ocrx_word' id='word_1_54' title='bbox 641 799 696 862; x_wconf 93' lang='lat' dir='ltr'>pro</span> <span class='ocrx_word' id='word_1_55' title='bbox 716 781 880 846; x_wconf 74' lang='lat' dir='ltr'>obtinendo</span> <span class='ocrx_word' id='word_1_56' title='bbox 902 784 1004 864; x_wconf 82' lang='lat' dir='ltr'>hujus-</span> 
     </span>
     <span class='ocr_line' id='line_1_8' title="bbox 14 868 1001 954; baseline 0.003 -23"><span class='ocrx_word' id='word_1_57' title='bbox 14 873 91 934; x_wconf 82' lang='lat' dir='ltr'>modi</span> <span class='ocrx_word' id='word_1_58' title='bbox 102 869 241 932; x_wconf 84' lang='lat' dir='ltr'>orutorii</span> <span class='ocrx_word' id='word_1_59' title='bbox 252 868 401 932; x_wconf 77' lang='lat' dir='ltr'><strong>facultate.</strong></span> <span class='ocrx_word' id='word_1_60' title='bbox 412 870 488 932; x_wconf 86' lang='lat' dir='ltr'>Vide</span> <span class='ocrx_word' id='word_1_61' title='bbox 503 869 616 932; x_wconf 85' lang='lat' dir='ltr'>Bened.</span> <span class='ocrx_word' id='word_1_62' title='bbox 632 872 716 950; x_wconf 80' lang='lat' dir='ltr'><strong>xlv,</strong></span> <span class='ocrx_word' id='word_1_63' title='bbox 731 871 856 953; x_wconf 79' lang='lat' dir='ltr'>Encycl.</span> <span class='ocrx_word' id='word_1_64' title='bbox 877 871 1001 954; x_wconf 72' lang='lat' dir='ltr'>Mopso,</span> 
     </span>
     <span class='ocr_line' id='line_1_9' title="bbox 14 959 1001 1044; baseline 0.002 -22"><span class='ocrx_word' id='word_1_65' title='bbox 14 963 109 1040; x_wconf 75' lang='lat' dir='ltr'>tjun.</span> <span class='ocrx_word' id='word_1_66' title='bbox 129 962 301 1040; x_wconf 74' lang='grc' dir='ltr'>1751,1ρ.</span> <span class='ocrx_word' id='word_1_67' title='bbox 319 959 355 1018; x_wconf 86' lang='grc'>1).</span> <span class='ocrx_word' id='word_1_68' title='bbox 374 959 480 1033; x_wconf 82' lang='lat' dir='ltr'>Bouix,</span> <span class='ocrx_word' id='word_1_69' title='bbox 496 959 540 1021; x_wconf 85' lang='lat' dir='ltr'>De</span> <span class='ocrx_word' id='word_1_70' title='bbox 556 959 712 1040; x_wconf 79' lang='lat' dir='ltr'><strong><em>Episcopo,</em></strong></span> <span class='ocrx_word' id='word_1_71' title='bbox 727 964 802 1021; x_wconf 92' lang='lat' dir='ltr'>tom.</span> <span class='ocrx_word' id='word_1_72' title='bbox 818 965 849 1037; x_wconf 77' lang='lat'>2,</span> <span class='ocrx_word' id='word_1_73' title='bbox 866 981 896 1044; x_wconf 87' lang='lat' dir='ltr'>p.</span> <span class='ocrx_word' id='word_1_74' title='bbox 914 965 970 1024; x_wconf 78' lang='lat' dir='ltr'>tao</span> <span class='ocrx_word' id='word_1_75' title='bbox 980 963 1001 1024; x_wconf 85' lang='lat'>¹.</span> 
     </span>
     <span class='ocr_line' id='line_1_10' title="bbox 16 1043 1000 1131; baseline -0.001 -20"><span class='ocrx_word' id='word_1_76' title='bbox 16 1051 156 1112; x_wconf 78' lang='lat' dir='ltr'>—Circo</span> <span class='ocrx_word' id='word_1_77' title='bbox 171 1043 430 1109; x_wconf 78' lang='lat' dir='ltr'>consuetudinem</span> <span class='ocrx_word' id='word_1_78' title='bbox 452 1047 634 1110; x_wconf 88' lang='lat' dir='ltr'>contrariam</span> <span class='ocrx_word' id='word_1_79' title='bbox 649 1046 730 1128; x_wconf 89' lang='lat' dir='ltr'>apud</span> <span class='ocrx_word' id='word_1_80' title='bbox 755 1065 811 1110; x_wconf 88' lang='lat' dir='ltr'>nos</span> <span class='ocrx_word' id='word_1_81' title='bbox 829 1049 1000 1131; x_wconf 83' lang='lat' dir='ltr'>vigentem,</span> 
     </span>
     <span class='ocr_line' id='line_1_11' title="bbox 16 1133 1004 1218; baseline 0.009 -25"><span class='ocrx_word' id='word_1_82' title='bbox 16 1135 75 1198; x_wconf 76' lang='lat' dir='ltr'>ride</span> <span class='ocrx_word' id='word_1_83' title='bbox 91 1155 146 1218; x_wconf 87' lang='lat' dir='ltr'>ap.</span> <span class='ocrx_word' id='word_1_84' title='bbox 164 1133 316 1198; x_wconf 81' lang='lat' dir='ltr'>eumdem</span> <span class='ocrx_word' id='word_1_85' title='bbox 330 1133 439 1214; x_wconf 64' lang='lat' dir='ltr'>(ibid),</span> <span class='ocrx_word' id='word_1_86' title='bbox 454 1141 485 1198; x_wconf 87' lang='lat' dir='ltr'>et</span> <span class='ocrx_word' id='word_1_87' title='bbox 497 1153 589 1218; x_wconf 85' lang='lat' dir='ltr'>supro</span> <span class='ocrx_word' id='word_1_88' title='bbox 602 1134 637 1198; x_wconf 84' lang='lat' dir='ltr'>de</span> <span class='ocrx_word' id='word_1_89' title='bbox 651 1135 875 1216; x_wconf 80' lang='lat' dir='ltr'>Cmsaetudine,</span> <span class='ocrx_word' id='word_1_90' title='bbox 890 1138 922 1200; x_wconf 92' lang='lat' dir='ltr'>in</span> <span class='ocrx_word' id='word_1_91' title='bbox 933 1141 1004 1202; x_wconf 76' lang='lat' dir='ltr'>Pro</span> 
     </span>
     <span class='ocr_line' id='line_1_12' title="bbox 18 1223 192 1306; baseline 0.017 -24"><span class='ocrx_word' id='word_1_92' title='bbox 18 1223 192 1306; x_wconf 75' lang='lat' dir='ltr'>ieyomeuis.</span> 
     </span>
    </p>

    <p class='ocr_par' dir='ltr' id='par_1_3' title="bbox 21 1322 1006 2560">
     <span class='ocr_line' id='line_1_13' title="bbox 52 1322 1002 1406; baseline 0.004 -20"><span class='ocrx_word' id='word_1_93' title='bbox 52 1327 151 1386; x_wconf 75' lang='lat'>3570.</span> <span class='ocrx_word' id='word_1_94' title='bbox 168 1322 325 1384; x_wconf 75' lang='lat' dir='ltr'>Caeterum</span> <span class='ocrx_word' id='word_1_95' title='bbox 337 1322 479 1406; x_wconf 82' lang='lat' dir='ltr'>Episcopi</span> <span class='ocrx_word' id='word_1_96' title='bbox 494 1322 788 1406; x_wconf 84' lang='lat' dir='ltr'>possuntceiebrure‚</span> <span class='ocrx_word' id='word_1_97' title='bbox 798 1324 1002 1390; x_wconf 80' lang='lat' dir='ltr'>veicelebrars</span> 
     </span>
     <span class='ocr_line' id='line_1_14' title="bbox 21 1409 1004 1498; baseline 0.007 -28"><span class='ocrx_word' id='word_1_98' title='bbox 21 1409 114 1474; x_wconf 82' lang='lat' dir='ltr'>iacere</span> <span class='ocrx_word' id='word_1_99' title='bbox 132 1412 166 1472; x_wconf 90' lang='lat' dir='ltr'>in</span> <span class='ocrx_word' id='word_1_100' title='bbox 189 1409 334 1473; x_wconf 86' lang='lat' dir='ltr'>domibus</span> <span class='ocrx_word' id='word_1_101' title='bbox 354 1411 406 1474; x_wconf 94' lang='lat' dir='ltr'>ubi</span> <span class='ocrx_word' id='word_1_102' title='bbox 425 1414 616 1498; x_wconf 88' lang='lat' dir='ltr'>reperiuntur</span> <span class='ocrx_word' id='word_1_103' title='bbox 634 1414 724 1476; x_wconf 88' lang='lat' dir='ltr'>etiam</span> <span class='ocrx_word' id='word_1_104' title='bbox 744 1431 804 1475; x_wconf 89' lang='lat' dir='ltr'>uon</span> <span class='ocrx_word' id='word_1_105' title='bbox 823 1414 901 1493; x_wconf 89' lang='lat' dir='ltr'>suis,</span> <span class='ocrx_word' id='word_1_106' title='bbox 916 1416 1004 1495; x_wconf 74' lang='lat' dir='ltr'>Juxta</span> 
     </span>
     <span class='ocr_line' id='line_1_15' title="bbox 23 1498 1001 1580; baseline 0.005 -20"><span class='ocrx_word' id='word_1_107' title='bbox 23 1519 82 1580; x_wconf 84' lang='lat' dir='ltr'>sap.</span> <span class='ocrx_word' id='word_1_108' title='bbox 99 1499 177 1574; x_wconf 79' lang='lat' dir='ltr'>ult,</span> <span class='ocrx_word' id='word_1_109' title='bbox 193 1498 241 1562; x_wconf 79' lang='lat' dir='ltr'>De</span> <span class='ocrx_word' id='word_1_110' title='bbox 255 1498 448 1580; x_wconf 65' lang='lat' dir='ltr'>Frisiisque,</span> <span class='ocrx_word' id='word_1_111' title='bbox 463 1501 495 1562; x_wconf 90' lang='lat' dir='ltr'>in</span> <span class='ocrx_word' id='word_1_112' title='bbox 509 1505 553 1578; x_wconf 74' lang='lat'>6⁰,</span> <span class='ocrx_word' id='word_1_113' title='bbox 564 1501 616 1564; x_wconf 90' lang='lat' dir='ltr'>ubi</span> <span class='ocrx_word' id='word_1_114' title='bbox 627 1502 670 1564; x_wconf 88' lang='lat' dir='ltr'>sic</span> <span class='ocrx_word' id='word_1_115' title='bbox 683 1501 724 1562; x_wconf 84' lang='lat' dir='ltr'>uit</span> <span class='ocrx_word' id='word_1_116' title='bbox 737 1501 1001 1565; x_wconf 81' lang='lat' dir='ltr'>BoniiaciusVltl:</span> 
     </span>
     <span class='ocr_line' id='line_1_16' title="bbox 26 1587 1004 1671; baseline 0.008 -27"><span class='ocrx_word' id='word_1_117' title='bbox 26 1611 37 1644; x_wconf 83' lang='grc' dir='ltr'>ι</span> <span class='ocrx_word' id='word_1_118' title='bbox 55 1590 218 1660; x_wconf 79' lang='lat' dir='ltr'>Quoniam</span> <span class='ocrx_word' id='word_1_119' title='bbox 231 1587 373 1670; x_wconf 83' lang='lat' dir='ltr'>Episcopi</span> <span class='ocrx_word' id='word_1_120' title='bbox 382 1607 548 1670; x_wconf 86' lang='lat' dir='ltr'>eorumque</span> <span class='ocrx_word' id='word_1_121' title='bbox 558 1590 734 1671; x_wconf 79' lang='lat' dir='ltr'>Superiores</span> <span class='ocrx_word' id='word_1_122' title='bbox 743 1608 775 1652; x_wconf 89' lang='lat' dir='ltr'>se</span> <span class='ocrx_word' id='word_1_123' title='bbox 784 1590 897 1652; x_wconf 88' lang='lat' dir='ltr'>babent</span> <span class='ocrx_word' id='word_1_124' title='bbox 909 1589 1004 1654; x_wconf 78' lang='lat' dir='ltr'>diver</span> 
     </span>
     <span class='ocr_line' id='line_1_17' title="bbox 26 1675 1005 1752; baseline 0.002 -14"><span class='ocrx_word' id='word_1_125' title='bbox 26 1699 37 1730; x_wconf 73' lang='lat' dir='ltr'>s</span> <span class='ocrx_word' id='word_1_126' title='bbox 57 1677 155 1738; x_wconf 80' lang='lat' dir='ltr'>siser</span> <span class='ocrx_word' id='word_1_127' title='bbox 170 1675 305 1752; x_wconf 83' lang='lat' dir='ltr'>casibus,</span> <span class='ocrx_word' id='word_1_128' title='bbox 324 1675 342 1737; x_wconf 80' lang='grc'>1</span> <span class='ocrx_word' id='word_1_129' title='bbox 364 1677 427 1739; x_wconf 89' lang='lat' dir='ltr'>suis</span> <span class='ocrx_word' id='word_1_130' title='bbox 449 1679 583 1741; x_wconf 83' lang='lat' dir='ltr'>ecclesiis</span> <span class='ocrx_word' id='word_1_131' title='bbox 601 1684 632 1740; x_wconf 87' lang='lat' dir='ltr'>et</span> <span class='ocrx_word' id='word_1_132' title='bbox 653 1677 834 1741; x_wconf 76' lang='lat' dir='ltr'>dioecesibus</span> <span class='ocrx_word' id='word_1_133' title='bbox 847 1679 1005 1741; x_wconf 78' lang='lat' dir='ltr'>absentare</span> 
     </span>
     <span class='ocr_line' id='line_1_18' title="bbox 25 1765 1006 1847; baseline 0.008 -27"><span class='ocrx_word' id='word_1_134' title='bbox 25 1789 37 1820; x_wconf 70' lang='lat' dir='ltr'>s</span> <span class='ocrx_word' id='word_1_135' title='bbox 59 1765 262 1846; x_wconf 77' lang='lat' dir='ltr'>frequenter,</span> <span class='ocrx_word' id='word_1_136' title='bbox 278 1781 335 1826; x_wconf 87' lang='lat' dir='ltr'>uec</span> <span class='ocrx_word' id='word_1_137' title='bbox 349 1781 468 1846; x_wconf 82' lang='lat' dir='ltr'>semper</span> <span class='ocrx_word' id='word_1_138' title='bbox 486 1773 613 1847; x_wconf 77' lang='lat' dir='ltr'>possunt</span> <span class='ocrx_word' id='word_1_139' title='bbox 630 1765 792 1827; x_wconf 80' lang='lat' dir='ltr'>commode</span> <span class='ocrx_word' id='word_1_140' title='bbox 806 1765 844 1828; x_wconf 91' lang='lat' dir='ltr'>ad</span> <span class='ocrx_word' id='word_1_141' title='bbox 863 1766 1006 1828; x_wconf 83' lang='lat' dir='ltr'>ecclesius</span> 
     </span>
     <span class='ocr_line' id='line_1_19' title="bbox 25 1851 1006 1934; baseline 0.006 -26"><span class='ocrx_word' id='word_1_142' title='bbox 25 1875 38 1908; x_wconf 81' lang='lat' dir='ltr'>o</span> <span class='ocrx_word' id='word_1_143' title='bbox 61 1851 212 1915; x_wconf 84' lang='lat' dir='ltr'>accedere</span> <span class='ocrx_word' id='word_1_144' title='bbox 226 1870 282 1934; x_wconf 90' lang='lat' dir='ltr'>pro</span> <span class='ocrx_word' id='word_1_145' title='bbox 296 1853 387 1914; x_wconf 75' lang='lat' dir='ltr'>missu</span> <span class='ocrx_word' id='word_1_146' title='bbox 396 1853 628 1916; x_wconf 76' lang='lat' dir='ltr'>ceiebrendbvel</span> <span class='ocrx_word' id='word_1_147' title='bbox 639 1853 789 1915; x_wconf 81' lang='lat' dir='ltr'>audieudt</span> <span class='ocrx_word' id='word_1_148' title='bbox 799 1854 830 1913; x_wconf 91' lang='lat' dir='ltr'>iu</span> <span class='ocrx_word' id='word_1_149' title='bbox 845 1854 929 1934; x_wconf 87' lang='lat' dir='ltr'>ipsis,</span> <span class='ocrx_word' id='word_1_150' title='bbox 941 1852 1006 1914; x_wconf 84' lang='lat' dir='ltr'>sine</span> 
     </span>
     <span class='ocr_line' id='line_1_20' title="bbox 27 1940 1005 2024; baseline -0.002 -20"><span class='ocrx_word' id='word_1_151' title='bbox 27 1965 41 1996; x_wconf 76' lang='lat' dir='ltr'>a</span> <span class='ocrx_word' id='word_1_152' title='bbox 65 1945 125 2020; x_wconf 72' lang='lat' dir='ltr'>qut</span> <span class='ocrx_word' id='word_1_153' title='bbox 136 1941 327 2004; x_wconf 80' lang='lat' dir='ltr'>ausisausire</span> <span class='ocrx_word' id='word_1_154' title='bbox 336 1959 397 2004; x_wconf 91' lang='lat' dir='ltr'>non</span> <span class='ocrx_word' id='word_1_155' title='bbox 407 1940 618 2024; x_wconf 83' lang='lat' dir='ltr'>decetabsque</span> <span class='ocrx_word' id='word_1_156' title='bbox 631 1945 722 2003; x_wconf 80' lang='lat' dir='ltr'>coust</span> <span class='ocrx_word' id='word_1_157' title='bbox 732 1941 901 2002; x_wconf 77' lang='lat' dir='ltr'>rationabili</span> <span class='ocrx_word' id='word_1_158' title='bbox 914 1940 1005 2002; x_wconf 86' lang='lat' dir='ltr'>uilem</span> 
     </span>
     <span class='ocr_line' id='line_1_21' title="bbox 27 2029 1006 2112; baseline 0.005 -24"><span class='ocrx_word' id='word_1_159' title='bbox 27 2053 40 2087; x_wconf 76' lang='lat' dir='ltr'>n</span> <span class='ocrx_word' id='word_1_160' title='bbox 65 2029 166 2108; x_wconf 84' lang='lat' dir='ltr'>diem,</span> <span class='ocrx_word' id='word_1_161' title='bbox 201 2030 342 2112; x_wconf 83' lang='lat' dir='ltr'>praesenti</span> <span class='ocrx_word' id='word_1_162' title='bbox 370 2031 581 2093; x_wconf 88' lang='lat' dir='ltr'>constitutione</span> <span class='ocrx_word' id='word_1_163' title='bbox 611 2029 805 2110; x_wconf 80' lang='lat' dir='ltr'>indulgemus</span> <span class='ocrx_word' id='word_1_164' title='bbox 831 2029 945 2092; x_wconf 90' lang='lat' dir='ltr'>eisdem</span> <span class='ocrx_word' id='word_1_165' title='bbox 973 2036 1006 2093; x_wconf 88' lang='lat' dir='ltr'>ut</span> 
     </span>
     <span class='ocr_line' id='line_1_22' title="bbox 30 2116 1004 2200; baseline 0.005 -22"><span class='ocrx_word' id='word_1_166' title='bbox 30 2141 43 2178; x_wconf 80' lang='lat' dir='ltr'>r</span> <span class='ocrx_word' id='word_1_167' title='bbox 67 2119 159 2182; x_wconf 77' lang='lat' dir='ltr'>attare</span> <span class='ocrx_word' id='word_1_168' title='bbox 182 2119 302 2200; x_wconf 78' lang='lat' dir='ltr'>possint</span> <span class='ocrx_word' id='word_1_169' title='bbox 323 2116 434 2181; x_wconf 87' lang='lat' dir='ltr'>bebere</span> <span class='ocrx_word' id='word_1_170' title='bbox 457 2119 615 2190; x_wconf 82' lang='lat' dir='ltr'>viaticum,</span> <span class='ocrx_word' id='word_1_171' title='bbox 636 2126 667 2180; x_wconf 90' lang='lat' dir='ltr'>et</span> <span class='ocrx_word' id='word_1_172' title='bbox 689 2119 720 2180; x_wconf 92' lang='lat' dir='ltr'>in</span> <span class='ocrx_word' id='word_1_173' title='bbox 743 2137 779 2182; x_wconf 87' lang='lat' dir='ltr'>eo</span> <span class='ocrx_word' id='word_1_174' title='bbox 797 2117 950 2181; x_wconf 87' lang='lat' dir='ltr'>celebrere</span> <span class='ocrx_word' id='word_1_175' title='bbox 970 2139 1004 2183; x_wconf 87' lang='lat' dir='ltr'>ac</span> 
     </span>
     <span class='ocr_line' id='line_1_23' title="bbox 33 2205 1004 2289; baseline 0.006 -25"><span class='ocrx_word' id='word_1_176' title='bbox 33 2229 47 2264; x_wconf 77' lang='lat' dir='ltr'>s</span> <span class='ocrx_word' id='word_1_177' title='bbox 69 2207 166 2270; x_wconf 78' lang='lat' dir='ltr'>tecue</span> <span class='ocrx_word' id='word_1_178' title='bbox 181 2205 540 2288; x_wconf 69' lang='lat' dir='ltr'>oetebrareubicumqua</span> <span class='ocrx_word' id='word_1_179' title='bbox 556 2206 824 2289; x_wconf 85' lang='lat' dir='ltr'>ubsqueiutsrdicti</span> <span class='ocrx_word' id='word_1_180' title='bbox 838 2215 1004 2289; x_wconf 78' lang='lat' dir='ltr'>transgres-</span> 
     </span>
     <span class='ocr_line' id='line_1_24' title="bbox 33 2294 1004 2373; baseline 0.009 -22"><span class='ocrx_word' id='word_1_181' title='bbox 33 2317 46 2351; x_wconf 63' lang='grc'>»</span> <span class='ocrx_word' id='word_1_182' title='bbox 67 2299 162 2358; x_wconf 87' lang='lat' dir='ltr'>sione.</span> <span class='ocrx_word' id='word_1_183' title='bbox 179 2317 196 2353; x_wconf 78' lang='lat' dir='ltr'>r</span> <span class='ocrx_word' id='word_1_184' title='bbox 222 2296 261 2356; x_wconf 81' lang='lat' dir='ltr'>Et</span> <span class='ocrx_word' id='word_1_185' title='bbox 282 2294 340 2357; x_wconf 90' lang='lat' dir='ltr'>boc</span> <span class='ocrx_word' id='word_1_186' title='bbox 358 2297 420 2358; x_wconf 79' lang='lat' dir='ltr'>sive</span> <span class='ocrx_word' id='word_1_187' title='bbox 437 2295 516 2358; x_wconf 90' lang='lat' dir='ltr'>iutra</span> <span class='ocrx_word' id='word_1_188' title='bbox 533 2294 594 2357; x_wconf 86' lang='lat' dir='ltr'>sive</span> <span class='ocrx_word' id='word_1_189' title='bbox 616 2302 699 2358; x_wconf 88' lang='lat' dir='ltr'>extre</span> <span class='ocrx_word' id='word_1_190' title='bbox 720 2295 894 2373; x_wconf 75' lang='lat' dir='ltr'>diocesim,</span> <span class='ocrx_word' id='word_1_191' title='bbox 914 2298 1004 2360; x_wconf 81' lang='lat' dir='ltr'>modo</span> 
     </span>
     <span class='ocr_line' id='line_1_25' title="bbox 33 2382 1004 2468; baseline 0.004 -24"><span class='ocrx_word' id='word_1_192' title='bbox 33 2383 138 2446; x_wconf 81' lang='lat' dir='ltr'>domm</span> <span class='ocrx_word' id='word_1_193' title='bbox 151 2385 186 2445; x_wconf 93' lang='lat' dir='ltr'>in</span> <span class='ocrx_word' id='word_1_194' title='bbox 200 2385 262 2464; x_wconf 80' lang='lat' dir='ltr'>qut</span> <span class='ocrx_word' id='word_1_195' title='bbox 275 2383 439 2463; x_wconf 88' lang='lat' dir='ltr'>celebrant,</span> <span class='ocrx_word' id='word_1_196' title='bbox 454 2384 492 2447; x_wconf 89' lang='lat' dir='ltr'>sit</span> <span class='ocrx_word' id='word_1_197' title='bbox 505 2382 631 2465; x_wconf 85' lang='lat' dir='ltr'>ipsemet</span> <span class='ocrx_word' id='word_1_198' title='bbox 644 2383 753 2448; x_wconf 91' lang='lat' dir='ltr'>domus</span> <span class='ocrx_word' id='word_1_199' title='bbox 766 2403 860 2468; x_wconf 86' lang='lat' dir='ltr'>quem</span> <span class='ocrx_word' id='word_1_200' title='bbox 873 2391 942 2448; x_wconf 90' lang='lat' dir='ltr'>actu</span> <span class='ocrx_word' id='word_1_201' title='bbox 955 2385 1004 2449; x_wconf 88' lang='lat' dir='ltr'>ha·</span> 
     </span>
     <span class='ocr_line' id='line_1_26' title="bbox 33 2471 378 2560; baseline 0.009 -28"><span class='ocrx_word' id='word_1_202' title='bbox 33 2471 139 2545; x_wconf 70' lang='lat' dir='ltr'>bittunt,</span> <span class='ocrx_word' id='word_1_203' title='bbox 156 2471 215 2560; x_wconf 79' lang='lat' dir='ltr'>iter</span> <span class='ocrx_word' id='word_1_204' title='bbox 229 2471 378 2535; x_wconf 83' lang='lat' dir='ltr'>iaciendo.</span> 
     </span>
    </p>
   </div>
   <div class='ocr_carea' id='block_1_3' title="bbox 33 2569 1006 3186">
    <p class='ocr_par' dir='ltr' id='par_1_4' title="bbox 33 2569 1006 3186">
     <span class='ocr_line' id='line_1_27' title="bbox 68 2569 1005 2656; baseline 0.01 -27"><span class='ocrx_word' id='word_1_205' title='bbox 68 2569 202 2632; x_wconf 76' lang='lat' dir='ltr'>Nimium</span> <span class='ocrx_word' id='word_1_206' title='bbox 226 2571 434 2634; x_wconf 84' lang='lat' dir='ltr'>extensionem</span> <span class='ocrx_word' id='word_1_207' title='bbox 459 2569 530 2636; x_wconf 90' lang='lat' dir='ltr'>huic</span> <span class='ocrx_word' id='word_1_208' title='bbox 547 2572 704 2656; x_wconf 79' lang='lat' dir='ltr'>privilegio</span> <span class='ocrx_word' id='word_1_209' title='bbox 725 2573 826 2636; x_wconf 87' lang='lat' dir='ltr'>datam</span> <span class='ocrx_word' id='word_1_210' title='bbox 853 2575 1005 2656; x_wconf 88' lang='lat' dir='ltr'>prohibuit</span> 
     </span>
     <span class='ocr_line' id='line_1_28' title="bbox 33 2659 1005 2736; baseline 0.009 -17"><span class='ocrx_word' id='word_1_211' title='bbox 33 2659 171 2721; x_wconf 83' lang='lat' dir='ltr'>dtenrens</span> <span class='ocrx_word' id='word_1_212' title='bbox 185 2659 243 2734; x_wconf 86' lang='lat' dir='ltr'>XI,</span> <span class='ocrx_word' id='word_1_213' title='bbox 263 2677 319 2722; x_wconf 90' lang='lat' dir='ltr'>suo</span> <span class='ocrx_word' id='word_1_214' title='bbox 339 2663 465 2723; x_wconf 80' lang='lat' dir='ltr'>Decreto</span> <span class='ocrx_word' id='word_1_215' title='bbox 487 2661 526 2723; x_wconf 79' lang='grc'>15</span> <span class='ocrx_word' id='word_1_216' title='bbox 543 2661 696 2725; x_wconf 88' lang='lat' dir='ltr'>decembr.</span> <span class='ocrx_word' id='word_1_217' title='bbox 718 2667 810 2736; x_wconf 65' lang='lat' dir='ltr'>taum</span> <span class='ocrx_word' id='word_1_218' title='bbox 833 2662 930 2723; x_wconf 89' lang='lat' dir='ltr'>sedin</span> <span class='ocrx_word' id='word_1_219' title='bbox 949 2683 1005 2727; x_wconf 89' lang='lat' dir='ltr'>suo</span> 
     </span>
     <span class='ocr_line' id='line_1_29' title="bbox 34 2747 1006 2826; baseline 0.005 -20"><span class='ocrx_word' id='word_1_220' title='bbox 34 2764 100 2810; x_wconf 74' lang='lat' dir='ltr'>sero</span> <span class='ocrx_word' id='word_1_221' title='bbox 114 2765 208 2810; x_wconf 87' lang='lat' dir='ltr'>sensu</span> <span class='ocrx_word' id='word_1_222' title='bbox 223 2747 296 2810; x_wconf 87' lang='lat' dir='ltr'>illud</span> <span class='ocrx_word' id='word_1_223' title='bbox 309 2749 439 2811; x_wconf 87' lang='lat' dir='ltr'>restituit</span> <span class='ocrx_word' id='word_1_224' title='bbox 451 2751 605 2812; x_wconf 88' lang='lat' dir='ltr'>Innoceut.</span> <span class='ocrx_word' id='word_1_225' title='bbox 621 2752 736 2826; x_wconf 86' lang='lat' dir='ltr'><strong>xl11,3</strong></span> <span class='ocrx_word' id='word_1_226' title='bbox 752 2749 822 2810; x_wconf 89' lang='lat' dir='ltr'>maii</span> <span class='ocrx_word' id='word_1_227' title='bbox 834 2751 909 2809; x_wconf 76' lang='grc'>1113</span> <span class='ocrx_word' id='word_1_228' title='bbox 920 2751 1006 2826; x_wconf 85' lang='lat' dir='ltr'>(Vide</span> 
     </span>
     <span class='ocr_line' id='line_1_30' title="bbox 36 2835 1005 2919; baseline 0.003 -25"><span class='ocrx_word' id='word_1_229' title='bbox 36 2836 154 2916; x_wconf 78' lang='lat' dir='ltr'>Eocyel.</span> <span class='ocrx_word' id='word_1_230' title='bbox 171 2835 286 2899; x_wconf 87' lang='lat' dir='ltr'>Bened.</span> <span class='ocrx_word' id='word_1_231' title='bbox 306 2839 372 2900; x_wconf 85' lang='lat' dir='ltr'>XIV</span> <span class='ocrx_word' id='word_1_232' title='bbox 386 2835 511 2919; x_wconf 75' lang='lat' dir='ltr'>Mopso,</span> <span class='ocrx_word' id='word_1_233' title='bbox 526 2839 576 2919; x_wconf 76' lang='lat' dir='ltr'>§b</span> <span class='ocrx_word' id='word_1_234' title='bbox 592 2843 623 2900; x_wconf 89' lang='lat' dir='ltr'>et</span> <span class='ocrx_word' id='word_1_235' title='bbox 634 2839 678 2917; x_wconf 78' lang='grc'>1).</span> <span class='ocrx_word' id='word_1_236' title='bbox 694 2836 879 2898; x_wconf 89' lang='lat' dir='ltr'>—Observa</span> <span class='ocrx_word' id='word_1_237' title='bbox 904 2841 1005 2899; x_wconf 79' lang='lat' dir='ltr'>tamen</span> 
     </span>
     <span class='ocr_line' id='line_1_31' title="bbox 34 2923 1005 3010; baseline 0.001 -24"><span class='ocrx_word' id='word_1_238' title='bbox 34 2925 129 3004; x_wconf 85' lang='lat' dir='ltr'>quod,</span> <span class='ocrx_word' id='word_1_239' title='bbox 145 2926 218 2987; x_wconf 78' lang='lat' dir='ltr'>ciam</span> <span class='ocrx_word' id='word_1_240' title='bbox 233 2923 292 2987; x_wconf 88' lang='lat' dir='ltr'>hoc</span> <span class='ocrx_word' id='word_1_241' title='bbox 305 2925 494 3008; x_wconf 81' lang='lat' dir='ltr'>privilegium</span> <span class='ocrx_word' id='word_1_242' title='bbox 512 2925 549 2988; x_wconf 90' lang='lat' dir='ltr'>sit</span> <span class='ocrx_word' id='word_1_243' title='bbox 568 2925 718 3010; x_wconf 83' lang='lat' dir='ltr'>Episcopo</span> <span class='ocrx_word' id='word_1_244' title='bbox 744 2923 918 3008; x_wconf 87' lang='lat' dir='ltr'>personale,</span> <span class='ocrx_word' id='word_1_245' title='bbox 944 2943 1005 2988; x_wconf 90' lang='lat' dir='ltr'>uon</span> 
     </span>
     <span class='ocr_line' id='line_1_32' title="bbox 38 3013 1006 3097; baseline 0.005 -23"><span class='ocrx_word' id='word_1_246' title='bbox 38 3015 148 3092; x_wconf 86' lang='lat' dir='ltr'>possint</span> <span class='ocrx_word' id='word_1_247' title='bbox 161 3013 211 3076; x_wconf 87' lang='lat' dir='ltr'>alii</span> <span class='ocrx_word' id='word_1_248' title='bbox 226 3013 396 3077; x_wconf 81' lang='lat' dir='ltr'>sacerdotes</span> <span class='ocrx_word' id='word_1_249' title='bbox 409 3014 560 3078; x_wconf 85' lang='lat' dir='ltr'>celebrare</span> <span class='ocrx_word' id='word_1_250' title='bbox 574 3015 606 3076; x_wconf 89' lang='lat' dir='ltr'>io</span> <span class='ocrx_word' id='word_1_251' title='bbox 627 3013 737 3078; x_wconf 86' lang='lat' dir='ltr'>tatibus</span> <span class='ocrx_word' id='word_1_252' title='bbox 758 3013 900 3078; x_wconf 89' lang='lat' dir='ltr'>domibus</span> <span class='ocrx_word' id='word_1_253' title='bbox 912 3014 1006 3097; x_wconf 73' lang='lat' dir='ltr'>priva</span> 
     </span>
     <span class='ocr_line' id='line_1_33' title="bbox 36 3100 420 3186; baseline 0.016 -25"><span class='ocrx_word' id='word_1_254' title='bbox 36 3100 95 3178; x_wconf 86' lang='lat' dir='ltr'>tis,</span> <span class='ocrx_word' id='word_1_255' title='bbox 119 3103 272 3186; x_wconf 85' lang='lat' dir='ltr'>Episcopo</span> <span class='ocrx_word' id='word_1_256' title='bbox 284 3103 420 3167; x_wconf 85' lang='lat' dir='ltr'>absente.</span> 
     </span>
    </p>
   </div>
   <div class='ocr_carea' id='block_1_4' title="bbox 73 3200 1004 3286">
    <p class='ocr_par' dir='ltr' id='par_1_5' title="bbox 73 3200 1004 3286">
     <span class='ocr_line' id='line_1_34' title="bbox 73 3200 1004 3286; baseline 0.008 -24"><span class='ocrx_word' id='word_1_257' title='bbox 73 3204 162 3263; x_wconf 80' lang='grc'>3511.</span> <span class='ocrx_word' id='word_1_258' title='bbox 185 3200 291 3275; x_wconf 83' lang='lat' dir='ltr'>Quoad</span> <span class='ocrx_word' id='word_1_259' title='bbox 304 3201 423 3265; x_wconf 82' lang='lat' dir='ltr'>indulte</span> <span class='ocrx_word' id='word_1_260' title='bbox 437 3222 492 3286; x_wconf 93' lang='lat' dir='ltr'>pro</span> <span class='ocrx_word' id='word_1_261' title='bbox 505 3201 643 3266; x_wconf 90' lang='lat' dir='ltr'>oratoriis</span> <span class='ocrx_word' id='word_1_262' title='bbox 655 3201 776 3286; x_wconf 77' lang='lat' dir='ltr'>privetis</span> <span class='ocrx_word' id='word_1_263' title='bbox 789 3204 807 3266; x_wconf 77' lang='grc'>1</span> <span class='ocrx_word' id='word_1_264' title='bbox 821 3202 898 3268; x_wconf 89' lang='lat' dir='ltr'>Sede</span> <span class='ocrx_word' id='word_1_265' title='bbox 908 3205 1004 3286; x_wconf 79' lang='lat' dir='ltr'>Apos-</span> 
     </span>
    </p>
   </div>
   <div class='ocr_carea' id='block_1_5' title="bbox 41 3289 1004 3466">
    <p class='ocr_par' dir='ltr' id='par_1_6' title="bbox 41 3289 1004 3466">
     <span class='ocr_line' id='line_1_35' title="bbox 41 3289 1004 3376; baseline 0.008 -26"><span class='ocrx_word' id='word_1_266' title='bbox 41 3289 122 3351; x_wconf 78' lang='lat' dir='ltr'>tolicb</span> <span class='ocrx_word' id='word_1_267' title='bbox 135 3307 301 3370; x_wconf 84' lang='lat' dir='ltr'>concessu,</span> <span class='ocrx_word' id='word_1_268' title='bbox 315 3297 386 3354; x_wconf 86' lang='lat' dir='ltr'>uota</span> <span class='ocrx_word' id='word_1_269' title='bbox 397 3297 427 3354; x_wconf 67' lang='grc' dir='ltr'>1θ</span> <span class='ocrx_word' id='word_1_270' title='bbox 441 3311 476 3356; x_wconf 91' lang='lat' dir='ltr'>ea</span> <span class='ocrx_word' id='word_1_271' title='bbox 490 3291 599 3354; x_wconf 86' lang='lat' dir='ltr'>durare</span> <span class='ocrx_word' id='word_1_272' title='bbox 610 3310 707 3373; x_wconf 89' lang='lat' dir='ltr'>usque</span> <span class='ocrx_word' id='word_1_273' title='bbox 720 3291 758 3354; x_wconf 90' lang='lat' dir='ltr'>ed</span> <span class='ocrx_word' id='word_1_274' title='bbox 772 3299 900 3355; x_wconf 89' lang='lat' dir='ltr'>mortem</span> <span class='ocrx_word' id='word_1_275' title='bbox 914 3297 1004 3376; x_wconf 77' lang='lat' dir='ltr'>privi-</span> 
     </span>
     <span class='ocr_line' id='line_1_36' title="bbox 43 3374 1004 3466; baseline 0.006 -24"><span class='ocrx_word' id='word_1_276' title='bbox 43 3374 132 3458; x_wconf 67' lang='lat' dir='ltr'>bffieti</span> <span class='ocrx_word' id='word_1_277' title='bbox 145 3382 281 3458; x_wconf 82' lang='lat' dir='ltr'>uotum,</span> <span class='ocrx_word' id='word_1_278' title='bbox 297 3381 466 3466; x_wconf 80' lang='lat' dir='ltr'>deoperire</span> <span class='ocrx_word' id='word_1_279' title='bbox 482 3399 537 3464; x_wconf 88' lang='lat' dir='ltr'>per</span> <span class='ocrx_word' id='word_1_280' title='bbox 551 3389 679 3444; x_wconf 86' lang='lat' dir='ltr'>mortem</span> <span class='ocrx_word' id='word_1_281' title='bbox 693 3381 726 3444; x_wconf 85' lang='lat' dir='ltr'>S.</span> <span class='ocrx_word' id='word_1_282' title='bbox 737 3381 890 3446; x_wconf 87' lang='lat' dir='ltr'>Pontificis</span> <span class='ocrx_word' id='word_1_283' title='bbox 899 3401 1004 3450; x_wconf 75' lang='lat' dir='ltr'>conce</span> 
     </span>
    </p>
   </div>
   <div class='ocr_carea' id='block_1_6' title="bbox 44 3567 1003 3711">
    <p class='ocr_par' dir='ltr' id='par_1_7' title="bbox 44 3567 1003 3711">
     <span class='ocr_line' id='line_1_37' title="bbox 72 3567 1003 3640; baseline 0.001 -13"><span class='ocrx_word' id='word_1_284' title='bbox 72 3573 79 3606; x_wconf 95' lang='lat'><strong>¹</strong></span> <span class='ocrx_word' id='word_1_285' title='bbox 92 3574 156 3627; x_wconf 77' lang='lat' dir='ltr'>deuo</span> <span class='ocrx_word' id='word_1_286' title='bbox 171 3567 328 3640; x_wconf 68' lang='lat' dir='ltr'>encyclios·</span> <span class='ocrx_word' id='word_1_287' title='bbox 339 3573 365 3622; x_wconf 91' lang='lat' dir='ltr'>iu</span> <span class='ocrx_word' id='word_1_288' title='bbox 381 3569 478 3638; x_wconf 73' lang='lat' dir='ltr'>integro</span> <span class='ocrx_word' id='word_1_289' title='bbox 495 3572 595 3624; x_wconf 81' lang='lat' dir='ltr'>rutatum</span> <span class='ocrx_word' id='word_1_290' title='bbox 605 3611 612 3636; x_wconf 92' lang='lat'>,</span> <span class='ocrx_word' id='word_1_291' title='bbox 624 3571 679 3624; x_wconf 82' lang='lat' dir='ltr'>ride</span> <span class='ocrx_word' id='word_1_292' title='bbox 693 3573 758 3639; x_wconf 86' lang='lat' dir='ltr'>apud</span> <span class='ocrx_word' id='word_1_293' title='bbox 773 3573 889 3638; x_wconf 74' lang='lat' dir='ltr'>iurarts,</span> <span class='ocrx_word' id='word_1_294' title='bbox 900 3587 922 3625; x_wconf 81' lang='lat' dir='ltr'>u</span> <span class='ocrx_word' id='word_1_295' title='bbox 940 3575 1003 3632; x_wconf 78' lang='lat' dir='ltr'>Ore·</span> 
     </span>
     <span class='ocr_line' id='line_1_38' title="bbox 44 3640 758 3711; baseline 0.001 -17"><span class='ocrx_word' id='word_1_296' title='bbox 44 3647 138 3706; x_wconf 78' lang='lat' dir='ltr'>tarium:</span> <span class='ocrx_word' id='word_1_297' title='bbox 151 3645 265 3698; x_wconf 81' lang='lat' dir='ltr'>ettustit.</span> <span class='ocrx_word' id='word_1_298' title='bbox 279 3641 309 3694; x_wconf 78' lang='lat' dir='ltr'>R.</span> <span class='ocrx_word' id='word_1_299' title='bbox 323 3640 354 3693; x_wconf 78' lang='lat' dir='ltr'>dc</span> <span class='ocrx_word' id='word_1_300' title='bbox 365 3641 399 3695; x_wconf 73' lang='grc' dir='ltr'>Ι.</span> <span class='ocrx_word' id='word_1_301' title='bbox 410 3658 467 3708; x_wconf 83' lang='lat' dir='ltr'>pers</span> <span class='ocrx_word' id='word_1_302' title='bbox 476 3643 502 3706; x_wconf 74' lang='lat'>2,</span> <span class='ocrx_word' id='word_1_303' title='bbox 515 3643 557 3696; x_wconf 85' lang='lat' dir='ltr'>lib.</span> <span class='ocrx_word' id='word_1_304' title='bbox 570 3644 594 3708; x_wconf 83' lang='lat' dir='ltr'>t,</span> <span class='ocrx_word' id='word_1_305' title='bbox 605 3659 659 3710; x_wconf 77' lang='lat' dir='ltr'>sep.</span> <span class='ocrx_word' id='word_1_306' title='bbox 673 3644 696 3706; x_wconf 77' lang='lat'>2,</span> <span class='ocrx_word' id='word_1_307' title='bbox 711 3643 758 3711; x_wconf 64' lang='lat' dir='ltr'>db.</span> 
     </span>
    </p>
   </div>
   <div class='ocr_carea' id='block_1_7' title="bbox 0 0 1241 3946">
    <p class='ocr_par' dir='ltr' id='par_1_8' title="bbox 0 0 1241 3946">
     <span class='ocr_line' id='line_1_39' title="bbox 0 0 1241 3946; baseline 0 0"><span class='ocrx_word' id='word_1_308' title='bbox 0 0 1241 3946; x_wconf 95' lang='lat' dir='ltr'> </span> 
     </span>
    </p>
   </div>
  </div>
 </body>
</html>
