2420 3968
405 243 491 290 ursan
512 242 673 292 secuunus.
968 233 1027 295 595

52 359 66 398 a
91 335 180 418 herl,
194 338 296 418 serta,
316 343 418 419 nona,
433 343 559 423 vespert
574 347 604 406 et
627 343 658 404 in
678 341 868 425 gallicantu.
889 365 905 404 a
926 346 1027 410 Prima

52 432 150 489 autem
160 446 224 492 non
232 427 641 514 videturantiquiorcaasiani
650 433 848 516 temporibus,
856 450 910 498 seu
920 436 1027 518 quinto

52 516 178 596 saeculo;
205 518 441 600 completorium
466 520 629 584 instituisse
651 521 762 586 dicitur
783 524 814 587 S.
845 523 1026 588 Benedictus

52 612 134 669 sexto
147 607 258 672 saeeulo
270 609 319 688 (V.
330 609 492 691 muana,
507 617 540 670 n⁰
554 613 661 690 1033lt
677 611 721 674 sic
733 619 835 676 autem
845 611 938 676 habet
954 632 1023 678 can.

53 695 230 778 Presbyter,
246 696 316 762 dist.
337 700 374 761 et
392 716 401 761 s
424 698 612 782 «Presbyter
623 718 729 780 mane,
745 702 912 765 matutinali
927 702 1026 766 efficio

52 807 67 844 a
91 785 219 868 expleto,
234 805 364 870 pensum
377 787 525 852 servitutis
539 806 618 869 suae,
633 789 772 854 canendo
785 791 937 872 Primam,
950 795 1018 856 'ler-

52 897 67 935 a
91 873 174 954 tiam,
191 877 324 956 Sextam,
333 879 512 959 Nonamque
524 879 871 963 persolvat..,Prophata
882 880 1023 946 dicente:

51 987 66 1026 a
91 963 205 1049 Septies
218 967 250 1028 ia
262 965 311 1030 die
331 967 430 1030 leuba
443 965 512 1030 diei
526 968 583 1031 tibi
596 987 604 1030 ε
620 969 673 1052 qui
688 969 874 1051 septenarius
887 979 1021 1036 sacratus

50 1077 66 1114 a
92 1071 237 1119 numerus
257 1055 377 1120 duobis
390 1057 435 1120 sic
448 1057 640 1140 implebitur,
657 1060 683 1122 si
703 1059 880 1133 Matutine,
897 1059 1023 1141 Primae,

50 1167 66 1204 a
91 1144 214 1225 'lertiae,
236 1146 352 1226 Sexta,
372 1147 485 1225 Nonae,
505 1150 659 1231 vesperas,
674 1149 929 1232 completoriique
946 1154 1023 1212 tam·

50 1257 66 1294 a
92 1253 164 1317 pore
176 1241 286 1299 nostrae
300 1237 448 1300 servitutis
459 1235 556 1300 officia
567 1239 784 1321 persolvamus.
799 1261 816 1300 a

91 1350 175 1412 Circa
197 1348 404 1413 recitationem
426 1349 570 1414 horarum
591 1350 808 1416 canonicarum
821 1350 878 1414 tria
891 1355 963 1415 sunt
975 1371 1025 1416 er·

49 1438 234 1522 pendenda:
256 1443 287 1502 1⁰
305 1440 431 1522 quinam
451 1446 612 1504 teneantur
631 1441 670 1504 ad
687 1440 860 1522 hujusmodi
879 1441 1025 1506 recitatio-

49 1548 120 1592 nem
130 1549 139 1605 ;
151 1533 184 1590 2⁶
201 1529 289 1608 cujus
303 1535 417 1593 naturae
431 1530 468 1593 sit
482 1530 624 1612 obligatio
642 1530 733 1594 horas
743 1530 905 1609 recitandi;
921 1533 952 1594 3⁰
966 1531 1023 1594 sub

47 1619 736 1702 quibusnampoenispraecipiatur3l⁰quaenam
747 1623 1024 1684 causaeexcusentt

46 1709 224 1771 recitatione
236 1707 389 1786 breviarii;
408 1713 441 1772 δ’
455 1709 582 1790 qualiter
594 1707 727 1771 officium
738 1707 874 1770 divinum
891 1709 930 1770 sit
948 1709 1023 1771 rcci-

44 1797 194 1874 tandum;
207 1799 239 1860 6⁰
250 1797 323 1880 quid
334 1797 498 1862 dicendum
512 1799 549 1860 sit
560 1797 598 1859 de
612 1803 704 1858 cantu
718 1803 749 1858 et
760 1797 881 1878 publica
895 1797 1025 1860 celebra-

45 1887 132 1950 tione
146 1886 238 1950 divini
254 1886 357 1951 officii.

495 2033 572 2117 an.

197 2169 323 2248 Quinum
346 2175 500 2232 teneantur
520 2167 560 2230 ed
577 2165 711 2251 efficium
731 2166 875 2233 diuinum.

84 2321 179 2382 5082.
203 2317 343 2380 Officium
364 2317 500 2380 divinum
513 2317 639 2380 recitare
652 2315 763 2379 debent
779 2337 787 2379 ι
801 2320 832 2378 l⁰
844 2334 951 2381 omnes
962 2318 1023 2382 cle·

40 2409 99 2470 rici
114 2408 207 2470 sacris
220 2407 376 2470 ordinibus
391 2406 513 2482 initiati,
529 2406 668 2469 videlicet
681 2406 858 2468 subdiaconi
873 2413 902 2468 et
920 2407 969 2469 alii
983 2408 1021 2470 ad

38 2499 177 2576 maiores
196 2495 317 2560 ordines
332 2497 474 2579 promoti,
490 2495 581 2558 etiam
596 2494 753 2576 suspensi,
767 2497 1020 2558 excommunicati

38 2595 71 2650 et
82 2586 258 2669 degradati,
274 2585 336 2648 imd
346 2585 460 2648 etiamsi
476 2603 548 2648 cum
559 2581 781 2665 dispensatione
796 2583 884 2664 Papae
896 2602 1022 2647 uxorem

38 2675 222 2754 (luxissent,
237 2673 295 2738 nisi
311 2675 400 2738 etiam
415 2675 446 2736 in
459 2673 517 2736 hoc
532 2672 660 2736 luissent
672 2669 850 2752 dispensati3
867 2689 939 2733 nam
958 2674 1022 2736 dis-

39 2766 183 2847 pensatio
214 2771 318 2848 utpote
347 2765 451 2828 odiosa
477 2763 577 2825 stricte
602 2767 648 2824 est
675 2759 898 2842 interpretanda
923 2779 932 2822 t
958 2761 1023 2828 haec

38 2853 190 2936 obligatio
201 2854 305 2916 nititur
317 2853 482 2938 praesertim
496 2850 629 2936 generali
642 2848 861 2912 consuetudine
873 2849 910 2911 ab
925 2852 1025 2916 Eccle-

38 2943 88 3006 sid
123 2943 321 3026 approbata:
352 2942 430 3006 hanc
457 2941 602 3024 supponit
633 2939 802 3003 Concilium
833 2939 1021 3023 Basileense,

37 3031 176 3094 dicendo
194 3032 226 3095 in
247 3050 321 3094 sess.
347 3036 410 3094 21:
436 3033 716 3112 «Quoscumque...
742 3027 951 3111 beneficiatos,
973 3051 1023 3096 seu

37 3143 56 3179 n
83 3121 226 3184 insereris
246 3121 417 3183 constitutos
437 3123 503 3183 eben
524 3119 564 3181 ed
579 3119 666 3182 burm
685 3118 837 3181 canonieus
851 3126 1020 3200 terreantur,

36 3231 55 3268 a
83 3210 230 3274 admomt
245 3209 525 3293 sanctasynodus,
543 3215 601 3272 etc.
616 3231 632 3268 a

83 3303 179 3364 5083.
202 3299 412 3364 Subdiaconus
425 3300 473 3362 dia
488 3317 550 3383 quo
559 3297 717 3376 ordinatur
730 3298 837 3383 incipit
849 3300 975 3384 obligari
985 3301 1023 3365 ad

37 3389 155 3453 horam
169 3408 238 3473 quae
249 3395 323 3452 tune
333 3389 462 3451 dicenda
475 3389 595 3452 essctin
605 3388 699 3451 choro
713 3406 721 3448 ε
737 3389 819 3474 unde
829 3390 853 3451 si
868 3391 1023 3454 ordinatur

38 3477 118 3543 bord
134 3479 313 3556 undecima,
325 3478 500 3562 regulariter
508 3483 627 3540 tendas
637 3475 675 3538 ad
689 3477 894 3542 recitationem
907 3481 1020 3542 sextae:

37 3569 82 3632 ita
105 3571 140 3632 S.
161 3569 285 3652 liquor.
306 3569 369 3648 (lib.
385 3573 421 3646 l,
440 3579 475 3630 n⁰
490 3570 558 3647 llo)
573 3565 625 3648 qui
640 3565 697 3628 hoc
716 3573 797 3648 putat
811 3567 907 3628 uerius
919 3574 1023 3630 contra

37 3655 198 3738 quosdam
217 3656 352 3722 solentes
366 3657 453 3720 illum
466 3653 562 3718 teneri
576 3653 693 3716 tantiam
710 3653 749 3716 ad
771 3651 937 3716 recitandas
958 3669 1022 3717 ses·
