2416 3954
384 279 470 327 arnan
491 276 648 324 SECUNDUS·
950 262 1007 325 227

50 381 185 464 pensandi
224 399 287 444 non
322 378 486 443 includitur
513 380 544 441 in
572 377 711 442 facultate
736 377 955 444 commutandi.
972 413 1011 429 ·-

50 473 77 534 S.
92 472 209 552 liguor.
229 469 294 550 (id,
305 469 366 549 lli).

83 565 168 626 taso.
195 565 241 623 An
258 567 359 624 autem
378 558 430 641 qni
453 557 609 622 confessus
632 557 721 620 fuerit
738 565 874 642 tempore
892 560 1011 624 Jubilaei

51 653 133 732 possit
146 649 289 732 deinceps
303 652 320 712 a
334 665 527 732 quocumque
541 646 724 710 confessario
733 647 867 711 obtinere
878 669 1012 714 cominu·

12 811 14 814 ¹
50 741 184 803 tationem
199 745 352 812 votorum,
369 738 423 800 etsi
437 743 573 818 tempore
586 735 704 799 lubilaei
720 753 787 797 eam
802 755 862 798 non
878 740 1007 820 postula·

50 832 130 908 ararit,
153 834 266 911 negant
280 830 433 909 Layman,
459 827 588 902 suarez,
610 833 681 903 etc,
704 825 774 907 quia
788 825 935 890 absolutio
951 849 1012 892 non
1063 869 1066 878 κ

50 920 134 998 potuit
142 919 288 1000 attingere
298 925 364 980 rota
374 933 505 998 quorum
518 915 715 977 commutatio
726 933 787 976 non
802 914 897 978 fuerat
905 919 1010 998 petita:

50 1003 95 1064 sed
108 1004 301 1066 communitis
315 1001 464 1064 affirment
478 1005 614 1084 Lessius,
631 1004 718 1080 Viva,
734 1011 806 1078 etc..
825 1004 895 1085 quia
911 1007 1013 1067 Poeni-

48 1097 118 1170 tens,
133 1093 159 1154 vi
173 1093 293 1156 luliilaei
304 1091 461 1162 lucrifacti,
470 1094 519 1172 Jus
532 1093 657 1174 adeptus
667 1100 710 1155 est
724 1093 762 1156 ad
776 1093 865 1155 talem
875 1112 1013 1156 commu·

49 1181 195 1244 tatiomm.
211 1184 345 1262 Utraque
359 1183 507 1244 sententia
529 1189 573 1244 est
587 1182 766 1263 probabilis,
793 1181 889 1263 inquit
899 1185 930 1244 S.
947 1183 1012 1266 Lig.

49 1269 150 1350 (idm.
161 1271 269 1352 t),qui
280 1269 377 1334 addit:
393 1271 667 1333 allecteadrertunt
677 1273 797 1348 Suarez,
808 1271 1013 1350 Holznrann..‚

49 1379 61 1416 r
82 1377 151 1423 cum
160 1359 327 1429 communi,
341 1361 421 1441 quod
434 1378 490 1441 pro
499 1360 737 1423 commutatione
747 1361 867 1442 praelati
877 1369 1015 1426 votorum

48 1469 141 1514 anon
165 1449 328 1531 requiritur
356 1447 622 1530 spectatiorem,
647 1449 700 1512 sed
727 1449 836 1512 suflicit
855 1467 946 1514 causa
966 1452 1016 1516 illa

47 1560 60 1596 i
81 1539 268 1616 eommunis,
285 1537 325 1600 ob
334 1557 426 1619 quam
436 1537 573 1600 Pontifex
583 1545 684 1602 motus
695 1546 739 1602 est
749 1538 786 1601 ad
801 1538 962 1603 Jubilaeum
973 1542 1016 1604 in-

47 1628 284 1690 adicendum.»

81 1721 168 1781 4637.
193 1719 227 1780 ln
241 1718 438 1780 concessione
451 1715 598 1780 facultatis
611 1717 785 1798 cotajuroto
796 1721 1013 1790 commutandi,

47 1805 152 1870 includi
167 1813 275 1888 putant
296 1809 359 1870 llll.
385 1807 474 1868 etiam
499 1807 669 1869 facultatem
688 1809 861 1886 juramenta
878 1825 1016 1872 commu·

47 1897 132 1959 tandi.
149 1896 237 1974 (Vide
250 1895 445 1978 'theologiam
459 1895 663 1974 Tolosanum.)

81 1990 170 2049 reis.
187 1986 420 2068 Circaqaortum
429 1984 633 2067 pricilepium,
644 1985 811 2048 notandum
826 1985 907 2068 quod
922 1988 1015 2068 solus,

46 2082 110 2136 ante
123 2093 241 2137 annum
253 2079 341 2152 1750,
354 2073 499 2136 Alexand.
511 2075 561 2147 Vl,
577 2091 658 2136 anno
671 2074 789 2137 lubilaei
802 2079 930 2154 aad)...
946 2097 1018 2140 con·

46 2162 169 2226 fessariis
184 2161 357 2226 facultatem
371 2163 439 2224 fecit
453 2162 657 2244 dispensandi,
672 2162 799 2226 durante
809 2164 1014 2248 hoolubilaeo‚

46 2251 580 2334 supernliquibusirregularitatilius.
592 2251 675 2314 Bulld
691 2259 793 2315 autern
812 2257 877 2328 sua,
896 2253 1015 2318 lllllka-

49 2338 144 2403 lendas
165 2342 231 2420 jnn.
255 2344 344 2416 list,
370 2339 483 2401 Benad.
506 2341 570 2400 XlV
590 2341 780 2404 confessariis
799 2343 837 2404 ab
859 2344 1017 2407 Ordinario

48 2430 215 2510 approbatis
229 2428 375 2492 concessit
389 2433 444 2490 «ut
457 2446 527 2490 cum
538 2429 755 2509 paenitentibus
774 2431 805 2492 in
827 2435 918 2494 sacris
935 2433 1015 2494 crdi-

47 2539 59 2572 r
82 2519 171 2581 nibus
198 2517 395 2592 constitutis,
424 2517 513 2580 etiam
541 2517 749 2598 regularibus,
781 2537 873 2600 super
901 2521 1017 2583 occulta

47 2629 59 2663 ll
83 2607 299 2690 irregularitate
316 2605 354 2669 ad
372 2607 548 2669 exercitium
571 2607 748 2669 eorumdem
768 2607 909 2670 ordinum
933 2611 1016 2670 etad

48 2718 60 2751 r
81 2698 271 2778 superiorum
299 2697 520 2758 assecutionem
547 2697 587 2758 ob
612 2713 811 2756 censurarum
826 2695 1017 2758 violationem

49 2805 61 2840 r
83 2785 226 2848 duntaxat
244 2787 413 2859 contracta,
433 2784 607 2866 dispensare
621 2787 738 2865 possint
750 2791 780 2844 et
793 2783 911 2845 valeant
924 2807 939 2842 i
954 2806 962 2860 ;
979 2821 1017 2832 -

50 2871 100 2935 lito
113 2873 253 2938 facultate
265 2875 309 2937 uti
323 2893 386 2937 non
403 2881 531 2956 possunt
543 2872 718 2936 confessarii
740 2872 795 2934 nisi
815 2873 908 2934 Bullis
930 2874 1018 2938 fuerit

51 2960 153 3025 inserta
164 2963 300 3026 clausule
313 2982 381 3026 eam
396 2964 585 3045 exprimens3
601 2960 726 3042 quidam
748 2967 849 3023 umen
865 2964 928 3026 llll.
945 2983 1017 3027 oen·

51 3059 110 3112 sent
121 3051 355 3134 irregularitates
367 3071 404 3115 ex
418 3051 527 3114 delicto
536 3050 752 3131 comprehendi
770 3053 894 3114 nomine
908 3073 1017 3119 censu·

51 3155 167 3221 rarum,
185 3142 238 3204 sod
252 3143 447 3205 communius
461 3141 559 3204 caeteri
571 3147 692 3222 negant.
705 3142 747 3218 (S.
764 3143 902 3225 Lignor.,
919 3144 970 3208 lib.
986 3151 1017 3227 6,

53 3245 81 3288 n·
96 3234 173 3305 aar,
188 3249 221 3313 q.
235 3235 266 3308 r,
281 3229 350 3292 coo.
366 3233 569 3308 serasar.)

88 3321 269 3382 eoae-lt.
282 3319 385 3392 Orroad
396 3327 496 3381 aulem
511 3337 603 3401 opera
616 3317 654 3382 ad
669 3319 848 3384 lucrandum
858 3323 1019 3388 lubilaeum

53 3409 229 3489 praescripta,
246 3410 310 3489 ipsa
320 3409 476 3489 adimpleri
486 3407 598 3470 debent
609 3408 725 3490 integre
739 3411 843 3472 saltem
854 3414 1018 3476 moraliter·

53 3495 221 3559 corireditur
234 3505 335 3559 tamen
351 3498 382 3559 in
398 3495 524 3560 lndultis
540 3497 703 3560 pontificiis
718 3505 750 3561 ut
773 3499 934 3580 aliquando
955 3519 1020 3578 pos·

53 3581 109 3644 sint
123 3603 175 3665 per
183 3586 382 3648 confessarios
397 3585 427 3648 in
438 3587 494 3648 alia
509 3606 602 3669 opem
615 3590 812 3663 commutari,
827 3605 899 3648 casu
911 3603 1021 3663 nempe

53 3689 112 3749 quo
124 3674 170 3736 rel
184 3675 315 3738 facultati
329 3682 360 3738 et
375 3675 489 3738 viribus
503 3676 676 3764 paenitentis
690 3694 753 3738 non
771 3683 842 3737 sunt
855 3671 1010 3752 proportio
