2474 3946
204 208 262 268 aot
421 221 558 267 aaronis
576 219 678 268 roaros
697 221 779 267 runis
799 220 948 270 canumet.

204 318 239 380 lis
260 315 384 399 aequalis
407 335 459 398 per
477 322 593 398 patrem
616 317 742 380 ioannis
760 323 790 378 et
811 316 960 396 Andreae,
979 323 1010 378 et
1033 317 1064 378 in
1089 317 1171 380 tertio

203 405 298 487 gradu
329 405 465 484 ejusdem
493 405 580 467 tinea
607 403 783 468 ooliateraiis
810 403 935 486 aequalis
967 422 1022 486 par
1050 412 1172 469 matrem

206 494 345 556 Berdmm
359 501 389 555 et
404 498 534 555 Annam.

243 585 332 643 tadu.
349 584 416 643 Non
430 590 532 644 tamen
546 580 614 644 ideo
627 579 778 644 habentur
786 581 1005 664 consanguinei
1019 581 1175 662 multiplici

206 669 1175 752 titutoiliiquitduobuspersonisconjugiojunctisdeseeudunt

208 757 293 822 Unde
307 759 380 820 nihii
394 757 482 820 refert
494 758 594 839 quoad
608 759 859 837 matrimonium,
874 757 957 840 qudd
970 759 1179 821 contrahentes

207 846 392 910 descendant
404 847 442 910 ab
456 847 562 909 iisdem
577 865 632 910 avo
646 853 677 908 et
689 849 755 910 avia
768 847 814 910 vet
825 847 982 910 abeodem
994 865 1050 910 avo
1064 849 1179 910 tantum

207 945 258 998 aut
272 938 336 998 avit
356 939 493 1012 tantum;
510 937 588 998 siout
605 955 667 998 non
689 935 846 998 interesset
866 953 915 1002 an.
927 941 1029 998 essent
1049 935 1141 998 irater
1155 943 1181 997 et

210 1043 294 1086 soror
307 1043 345 1087 ex
358 1033 442 1107 patre
456 1031 486 1086 et
500 1033 595 1086 matre
608 1071 616 1102 ,
631 1025 676 1087 vel
691 1039 726 1086 ea
746 1031 830 1106 patre
843 1026 962 1087 tantum
975 1024 1020 1086 vel
1034 1041 1072 1086 aa
1087 1031 1182 1086 matre

211 1115 338 1175 motuni.
353 1113 429 1176 Vide
446 1113 601 1192 Carriere,
617 1112 826 1195 compendium
838 1111 874 1175 de
887 1112 1038 1188 Motrtm„
1054 1116 1090 1174 ιιο
1105 1117 1181 1190 tuo,

213 1201 437 1264 Observandum.

250 1293 428 1354 tadu-11.
446 1290 590 1372 Copautio
602 1289 772 1371 spiritualis
785 1295 832 1354 est
843 1289 1052 1372 propinquitas
1064 1308 1138 1372 quae
1152 1307 1184 1351 er

213 1379 365 1460 Baptismo
379 1385 431 1441 eut
443 1378 678 1442 Confirmatioue
691 1379 787 1442 orium
803 1379 882 1440 inter
901 1395 1046 1462 personas
1065 1379 1098 1440 in
1118 1378 1186 1458 jura

212 1465 359 1529 canonico
372 1466 597 1529 determinatas.

255 1553 332 1614 Otirn
353 1551 391 1614 ad
406 1554 514 1614 multas
533 1569 676 1633 personas
689 1547 921 1624 extendebatur,
937 1549 990 1612 sed
1007 1567 1043 1612 ex
1057 1548 1177 1611 Concit.

215 1639 348 1701 Trident.
367 1639 451 1720 (sess.
471 1643 527 1713 24,
544 1657 612 1720 oap.
628 1639 659 1720 2)
674 1639 787 1702 dirimit
809 1635 1037 1699 matrimonium
1061 1638 1184 1698 tantiam

215 1727 292 1789 inter
305 1729 504 1808 baptizantem
515 1735 544 1790 et
558 1726 741 1808 Baptizatur}
756 1735 786 1788 et
809 1725 899 1803 hujus
914 1731 1030 1803 patrem
1052 1724 1101 1785 vet
1120 1741 1184 1785 ma·

213 1821 288 1876 trem
301 1836 307 1876 :
321 1817 391 1878 item
403 1817 481 1878 inter
489 1825 692 1895 susceptorem
701 1825 731 1876 et
741 1823 916 1894 susceptum
926 1813 1054 1888 ethujus
1063 1819 1186 1891 patrem

212 1911 241 1964 et
257 1912 393 1966 matrem.
411 1903 493 1966 idem
511 1912 556 1966 est
568 1903 731 1964 aimonem
751 1901 783 1963 in
800 1903 997 1963 Sacramenta
1010 1897 1185 1964 Confirma-

212 1991 302 2053 tionis
317 2013 324 2054 :
341 1991 422 2054 undo
441 2011 501 2055 non
518 1993 593 2052 bene
607 1991 740 2052 adhiberi
759 1990 941 2051 omittuntur
954 1987 1062 2069 patrini
1078 1987 1110 2050 in
1128 1989 1184 2051 hoe

215 2091 413 2144 sacramento.
431 2079 586 2161 Videquid
598 2079 762 2141 dixerimus
776 2096 866 2158 supra
877 2076 1050 2158 depatrinis
1068 2079 1183 2154 (3320,

211 2174 282 2242 ete,
298 2169 382 2249 995).

248 2255 438 2320 aare-111.
453 2255 703 2337 Cepnatioiepulis
710 2261 753 2318 est
763 2255 970 2336 propinquitas
977 2271 1182 2334 personarum

210 2348 388 2426 proveniens
400 2364 435 2406 ex
447 2345 607 2425 adoptione
621 2345 706 2420 iegati
724 2362 732 2404 ε
747 2343 876 2424 duplicis
890 2343 1009 2425 generis
1023 2351 1070 2405 est
1081 2345 1181 2428 adop-

212 2435 253 2494 tio
267 2453 304 2496 ex
316 2435 384 2515 iure
399 2451 524 2495 rontano
540 2449 548 2496 t
565 2431 788 2513 adspersam,
804 2433 896 2493 altera
909 2429 1092 2514 imperfecta.

250 2561 267 2598 ι
286 2539 414 2622 Adoptio
425 2535 577 2620 perfeeto,
592 2536 688 2619 inquit
707 2539 739 2601 S.
754 2537 876 2618 Lignea
893 2537 956 2616 (tib.
971 2541 1003 2614 6,
1019 2549 1054 2600 n·
1069 2544 1181 2620 1027),

209 2659 223 2690 ι
246 2636 292 2690 est
306 2628 354 2690 itta
367 2632 427 2708 qua
442 2625 587 2708 Principis
601 2627 766 2707 rescripto,
780 2644 908 2709 persona
925 2627 970 2689 sui
984 2627 1062 2706 juris
1075 2633 1184 2692 transit

210 2746 222 2776 2
248 2717 278 2778 iu
293 2724 468 2800 patestatem
484 2723 515 2776 et
531 2713 675 2776 familiam
688 2713 856 2797 adoptantis
874 2715 950 2777 sieut
963 2733 999 2777 aa
1021 2717 1114 2780 etiam
1130 2719 1183 2780 titii

210 2827 222 2863 ι
247 2801 1183 2884 eiusatdioebaturudmpotioetadoptatusflebathaeresneees-

209 2894 303 2955 sarius
317 2903 422 2954 tamea
433 2899 625 2968 testamento,
636 2893 728 2972 quam
743 2891 782 2953 ab
797 2891 959 2971 intestato).
977 2893 1184 2978 «Imperfectus

210 3004 224 3038 a
248 2989 294 3042 est
306 2980 428 3062 quando
438 2981 544 3043 titsine
559 2981 702 3061 rescripto
717 2979 863 3061 Principis
873 2980 1024 3061 supremi,
1041 2984 1096 3046 sed
1110 3004 1183 3048 aue·

210 3091 224 3126 a
248 3069 364 3131 inritata
378 3067 525 3130 inferioris
546 3069 756 3151 magistratus,
774 3086 830 3130 uec
848 3067 1006 3150 adoptatus
1027 3089 1100 3134 cum
1114 3073 1185 3134 titiis

211 3180 224 3213 a
249 3157 355 3220 transit
377 3157 409 3218 iu
423 3163 601 3238 potestatem
615 3156 811 3240 adoptantis»
833 3155 869 3236 (is
892 3175 954 3218 non
980 3157 1073 3222 tiebat
1086 3160 1186 3224 haeres

213 3247 395 3310 necessarius
409 3263 446 3308 ex
457 3253 634 3307 testamento
645 3246 697 3308 sed
709 3245 808 3308 seium
821 3245 860 3308 ab
870 3246 1030 3325 intestato).
1057 3269 1073 3308 r
1086 3251 1184 3312 Dubi-

211 3357 225 3392 υ
248 3341 328 3398 tatur
356 3353 394 3398 an
421 3335 561 3416 cognatio
584 3333 686 3414 legatis
707 3335 820 3397 oriatur
842 3334 933 3396 etiam
959 3352 998 3396 ex
1021 3336 1186 3419 adoptione

212 3448 226 3482 o
250 3425 442 3506 imperfecti:
458 3423 607 3484 adirmant
622 3423 746 3500 Patous,
761 3432 860 3500 ete...,
882 3421 963 3504 apud
984 3425 1183 3502 Salmantio.;

212 3535 227 3572 a
251 3509 1183 3595 seuprobabiliusdioumS.u‘uomas..,sanoh..,minando...

213 3625 227 3664 r
251 3603 322 3666 oriri
336 3603 453 3664 tantiam
467 3617 504 3660 ex
517 3597 677 3680 adoptione
689 3599 857 3680 perfecta...
