2452 3946
371 215 456 269 narn
476 217 632 270 strennuus.
947 199 985 268 93

47 320 114 400 qudd
132 321 161 383 in
183 321 256 394 illis.
273 321 405 384 nondum
423 323 622 398 consecratis,
638 319 771 383 oblatum
788 319 878 383 faerit
890 319 989 382 missae
1062 311 1065 318 ’

46 409 227 486 sacrificium,
242 409 387 492 quidquid
402 410 503 493 plures
516 409 634 482 dicant,
650 408 730 490 apud
747 409 776 470 S.
789 409 854 490 [ῖς.
872 407 934 482 llib.
949 412 987 481 li.

46 513 73 556 n·
89 500 150 576 att)
174 519 182 560 ε
208 500 280 580 quia
301 517 354 582 per
374 506 546 562 contactum
567 495 745 560 sacramenti
769 515 830 560 non
853 498 920 560 idco
942 516 990 560 res

46 594 252 664 crimenentur,
275 595 308 651 ut
327 594 407 670 petel
425 587 463 650 de
488 588 681 670 pavimento,
700 583 725 648 si
746 585 927 668 quandoque
951 587 990 650 ibi

47 671 143 738 decidat
154 674 248 738 hostia
265 681 453 754 consecrata,
467 676 514 738 vel
528 675 653 756 sanguis
666 673 832 758 pretiosus3
852 675 932 736 etde
946 693 992 737 ec·

47 759 125 824 desiis
137 763 185 826 ubi
198 766 216 826 d
231 766 320 846 longo
333 773 469 846 tempore
483 764 666 828 celebratum
680 769 741 828 est.
751 781 879 844 quaeque
892 771 993 825 tamen

47 857 130 928 postca
140 851 177 914 ab
189 852 344 936 Episcopis
356 861 583 916 consecrantur.
594 851 670 914 Vide
680 849 871 914 llicheudeau
881 850 992 933 (Nouo.

51 936 148 1014 Troili,
163 947 234 1018 etc,
250 941 296 1006 clu
316 944 449 1023 13‚1ll).

77 1029 153 1092 3639.
175 1029 314 1112 Episcopi
334 1032 403 1110 iuro
425 1029 547 1114 proprio
569 1029 679 1093 colicos
699 1036 730 1093 et
748 1035 873 1112 polenos
892 1047 995 1094 conse·

49 1123 129 1193 crant3
142 1118 192 1181 sed
213 1126 368 1200 nequeunt
388 1118 516 1201 simplici
535 1118 698 1195 sacerdoti,
712 1119 759 1184 vel
781 1120 872 1183 etiam
891 1119 994 1183 Abbati

50 1202 366 1270 hancconsecralionem
377 1209 576 1270 committere.
593 1207 723 1271 Abbates
735 1215 836 1272 tamen
853 1217 992 1292 possunt,

50 1295 227 1376 erl'ririlegio
237 1295 420 1378 Apostolico‚
436 1296 502 1358 illos
515 1297 768 1375 consecrare‚sed
780 1317 834 1380 pro
848 1298 994 1362 suisdun-

52 1387 111 1445 urat
127 1385 269 1448 ecclesiis.
285 1387 317 1448 S.
332 1387 369 1446 R.
384 1386 508 1466 congr..
524 1389 561 1447 tl
585 1392 661 1467 sept.
678 1389 755 1450 1659
769 1391 815 1465 ln·
830 1391 907 1451 {856
927 1393 993 1467 l9);

51 1478 71 1530 ct
80 1473 99 1533 si
112 1492 161 1554 pro
169 1474 233 1537 aliis
246 1479 441 1550 consecrent,
457 1482 584 1554 peccant
592 1473 732 1556 quidem,
747 1475 800 1539 sed
813 1495 882 1539 rasa
895 1476 996 1540 dennd

51 1577 96 1622 uon
107 1569 170 1624 sunt
182 1561 401 1626 consecranda.

78 1652 154 1712 3666.
174 1652 236 1714 Etsi
264 1670 303 1714 ex
325 1649 481 1734 privilegio
502 1653 679 1734 Superiores
704 1653 858 1734 regulares
882 1655 997 1719 soleant

50 1754 116 1799 sacre
131 1747 319 1820 paramenta,
339 1739 472 1822 pixides,
491 1746 522 1802 et
540 1742 705 1804 ostensorio
723 1741 920 1820 benedicere,
936 1763 998 1806 non

51 1833 129 1889 lamen
141 1835 282 1912 possunt,
298 1827 322 1891 si
344 1847 434 1892 usum
457 1829 677 1892 Pontilicolium
693 1848 753 1890 non
768 1829 914 1906 habeant,
929 1851 1000 1894 con·

53 1931 143 1979 errare
155 1918 265 1982 calices
278 1925 308 1980 ct
320 1918 379 1980 alia
392 1918 422 1980 in
438 1918 548 1998 quibus
557 1917 665 1981 Unotio
675 1919 766 1980 Sacra
779 1917 945 1982 edbibrlnr.
965 1923 997 1987 S.

52 2001 233 2148 ilpdongreg„
241 2012 280 2070 27
291 2026 361 2084 aug.
374 2009 449 2070 llll'l
462 2011 509 2081 ln·
519 2009 599 2070 3626
607 2006 733 2085 ll).Vide
744 2007 825 2090 apud
834 2009 875 2074 De
887 2009 997 2091 llcrdl,

52 2089 118 2168 fid,
131 2105 161 2156 n·
175 2101 225 2159 55.

81 2183 155 2246 aur.
170 2185 255 2246 Pirris
268 2181 391 2265 quidem
402 2183 570 2246 consecrari
584 2202 645 2246 non
655 2183 763 2265 debet,
778 2185 829 2250 sed
841 2187 924 2268 juxta
934 2208 999 2252 sen·

55 2271 151 2334 tentiam
164 2320 172 2350 ‚
187 2291 283 2355 quam
306 2276 338 2334 S.
361 2272 482 2353 Lignor.
499 2271 561 2354 (lib.
578 2277 617 2352 6,
632 2286 666 2336 n·
679 2277 749 2354 386)
764 2283 848 2357 putat
865 2279 1000 2360 probabi·

55 2353 154 2440 liorem,
174 2369 219 2424 est
238 2361 465 2433 benedicenda,
481 2369 570 2443 prout
587 2363 676 2424 eliam
701 2363 804 2428 lunula
822 2369 998 2447 ostensorii3

53 2449 130 2524 moad
141 2453 210 2513 rerd
225 2451 326 2531 ipsum
341 2449 540 2512 oslenson'nm
550 2450 636 2513 decet
647 2453 751 2515 sallem
762 2461 794 2517 ut
807 2453 1001 2522 benedicatur

51 2535 92 2608 lile
101 2539 196 2611 llerdt,
208 2538 298 2613 ibid„
312 2541 364 2618 Ill:
381 2537 446 2602 baec
459 2541 622 2602 aulcmlria
632 2541 767 2605 benedici
779 2553 903 2625 possunt
914 2546 952 2606 ab
966 2547 1002 2609 iis

51 2625 89 2702 qui
101 2626 205 2690 babent
218 2629 390 2690 facultatem
405 2637 670 2711 sacraperamenle
680 2630 876 2694 benedicendi
892 2632 1000 2715 (told).

80 2715 159 2778 toll.
175 2717 299 2790 Ouaerit.
316 2721 347 2779 l⁰
362 2715 559 2789 Ouandonam
570 2737 638 2780 vasa
651 2736 736 2780 sacra
748 2737 835 2780 suam
849 2737 1004 2782 consecra·

51 2799 145 2867 tionem
157 2813 209 2869 aut
223 2805 465 2868 benedictionem
479 2806 639 2868 amittant?

81 2895 161 2977 llesp.
175 2893 348 2958 Generatim
372 2893 402 2955 id
416 2895 592 2976 contingere
610 2894 740 2976 quoties,
760 2913 815 2979 per
827 2897 1004 2963 tractionem

52 2981 186 3064 totaliter,
202 2981 530 3066 liguramauliormam
543 2984 732 3048 essentialem
748 2985 805 3048 sub
823 2992 884 3070 qud
897 3005 1004 3051 conse-

52 3079 116 3133 crate
131 3081 182 3136 aut
202 3072 362 3135 benedicta
380 3071 463 3136 tuere
481 3073 644 3152 amittunt,
663 3075 708 3137 rel
732 3075 847 3139 inutilia
861 3083 892 3139 et
905 3077 1004 3160 inepta

53 3155 114 3306 llppnl
125 3161 161 3223 ad
174 3162 406 3225 convenientem
419 3179 509 3224 usum
522 3161 561 3223 ad
581 3180 673 3244 quem
687 3171 758 3228 sunt
774 3175 946 3229 consecrata
959 3167 1005 3231 rel

84 3248 211 3314 aedicto:

84 3337 162 3400 Unde
186 3343 216 3402 l·
233 3337 311 3402 calix
332 3338 440 3401 omittit
465 3357 551 3402 suam
575 3345 856 3422 consecrationem,
879 3352 910 3410 et
928 3347 1005 3430 pixis

55 3439 124 3488 surm
138 3427 396 3505 benedictionem,
407 3428 432 3491 si
448 3427 478 3490 in
493 3447 598 3492 corum
613 3431 706 3496 lando
716 3437 787 3512 (non
797 3436 868 3498 rerd
878 3435 908 3497 in
923 3445 1006 3519 parte

56 3517 197 3666 pippepiori)
204 3515 420 3690 ξὲαῶῐοπειηεη
434 3521 627 3600 quantumvis
640 3523 795 3606 exiguum.
811 3526 854 3604 (S.
868 3525 1005 3606 Liguon,

66 3619 71 3658 l
91 3647 98 3664 .
136 3614 193 3679 ,η’
