2462 3972
199 235 256 302 ill
423 255 560 307 uenuste
580 253 681 308 runos
701 255 783 308 sunu
804 255 953 308 cuneum.

200 353 327 432 uenales,
343 353 524 428 Genonioos,
540 353 697 434 parochos,
711 353 920 432 deservitores,
936 355 1017 435 qnod
1030 353 1075 416 iile
1087 353 1147 416 red·

201 447 307 522 perent
328 443 346 503 is
367 441 417 504 die
441 442 656 504 nominationis
677 460 739 505 suae
760 459 896 523 :nempe
921 442 1061 524 Episcopi
1078 445 1095 504 t
1113 443 1148 502 die

202 529 449 592 nominationist
467 529 637 608 (iubenum,
653 535 683 592 et
695 531 794 592 coeteri
810 530 890 592 ldie
909 528 1150 592 nominationisuh

201 619 365 698 Episcopo;
382 617 435 680 sed
452 615 663 698 dispositiones
680 618 853 697 hujusmodi
867 625 1012 682 revocotae
1024 616 1112 694 fuere,
1131 625 1151 678 et

201 707 352 769 sancitum
365 706 423 769 suit
442 705 525 788 quod
542 707 741 787 possessionis
761 707 926 787 assumptio
944 713 1023 770 esset
1042 705 1153 770 oonditio

202 797 371 857 necessarie
382 793 420 856 ed
434 794 617 876 stipendium
627 794 853 876 percipiendum
867 813 874 854 :
889 793 948 858 hoo
958 793 1103 858 sancitum
1112 793 1153 856 luit

203 883 304 964 quood
318 883 484 966 Episcopos
498 901 551 964 per
564 881 702 946 Edictum
715 887 735 944 l
749 890 825 963 sept.
842 887 931 960 4820,
950 889 982 945 et
998 883 1095 965 quood
1110 901 1154 945 ee·

203 978 284 1035 leros
307 991 361 1053 per
387 972 526 1034 Edictum
549 973 586 1034 {3
610 972 707 1034 martii
729 975 818 1047 1832,
833 969 916 1052 quod
935 972 980 1034 sio
1000 989 1034 1034 se
1055 971 1153 1034 hebet:

208 1083 225 1122 u
247 1065 310 1124 Art.
328 1065 357 1124 l.
373 1063 429 1123 Les
442 1059 573 1122 Viceires
585 1060 742 1122 Gene'rnux
752 1107 760 1136 ‚
772 1059 941 1122 Chenoines
955 1066 986 1120 el
997 1061 1090 1122 Curris
1100 1059 1156 1121 dont

206 1169 221 1208 n
246 1149 274 1212 le
289 1149 476 1212 nominatior
497 1149 574 1210 aete
588 1149 695 1228 egreee
709 1167 764 1230 pur
777 1151 880 1224 Nous,
898 1147 1038 1226 jouiront
1050 1147 1088 1210 du
1100 1147 1156 1208 mri-

206 1259 223 1298 u
246 1243 362 1300 ternent
373 1235 489 1300 ettoohe
505 1237 521 1296 d
536 1235 602 1298 leur
615 1237 683 1298 titre
698 1238 714 1298 ir
729 1235 813 1299 doter
826 1235 868 1298 du
879 1237 950 1314 jour
963 1236 1004 1298 de
1019 1236 1084 1300 leur
1097 1235 1157 1316 prise

207 1347 223 1386 o
247 1325 286 1389 de
300 1325 480 1408 possession.
491 1324 514 1386 Il
529 1341 595 1385 sero
610 1323 713 1387 dressd
730 1324 946 1407 proces-verbm
961 1324 1000 1386 de
1012 1332 1087 1387 nette
1098 1325 1159 1405 prise

207 1435 223 1472 n
247 1412 286 1476 de
298 1413 465 1496 possession
483 1432 490 1474 :
507 1431 584 1495 pour
598 1412 641 1474 les
654 1413 786 1478 Viceires
800 1413 958 1476 Generum
968 1421 999 1476 et
1013 1413 1160 1476 Cheroines

208 1525 224 1564 o
248 1521 302 1584 pnr
322 1502 350 1564 le
374 1501 528 1584 Chupitre,
544 1507 575 1564 et
594 1519 672 1583 pour
693 1502 736 1564 les
757 1503 845 1564 cures
865 1519 919 1583 par
940 1503 969 1564 le
990 1507 1102 1565 oureeu
1120 1501 1161 1562 des

209 1613 224 1650 o
250 1591 460 1672 marguilliers.

248 1701 265 1739 n
291 1683 354 1742 Art.
369 1685 399 1742 2.
415 1680 457 1742 Le
469 1679 641 1742 troilement
653 1679 707 1743 des
726 1678 915 1743 desservenls
933 1685 965 1741 et
983 1679 1106 1742 riunires
1122 1677 1162 1738 de-

210 1792 225 1830 r
249 1773 312 1831 tero
335 1769 504 1849 &galement
522 1767 561 1830 de
575 1768 640 1830 leur
658 1767 838 1832 installation
852 1767 1006 1832 oonslntde
1020 1785 1074 1850 per
1086 1765 1113 1830 le
1124 1765 1163 1827 bu

212 1880 227 1916 n
248 1876 321 1920 reuu
334 1857 388 1919 des
402 1855 611 1937 rnnrguilliers.

251 1967 267 2005 n
294 1949 354 2007 Art.
370 1947 400 2008 3.
417 1941 593 2026 Expedition
607 1945 646 2006 de
659 1944 775 2026 chaque
788 1943 1015 2025 proces-verunt
1031 1962 1096 2008 seru
1110 1961 1163 2006 aus-

212 2056 227 2094 ι
252 2034 321 2096 sitot
334 2033 502 2096 odresseen
523 2019 663 2114 l’llvdque
681 2033 833 2096 diocdsuin
851 2039 882 2095 et
894 2051 934 2096 nu
952 2033 1053 2096 Prdlet
1073 2033 1112 2096 du
1123 2032 1163 2092 di·

212 2129 436 2204 operientem,
466 2141 543 2205 pour
569 2123 661 2184 servir
687 2122 706 2184 d
732 2121 761 2184 la
783 2120 943 2184 formation
971 2121 1028 2184 des
1049 2124 1117 2183 etnts
1134 2117 1164 2178 de

212 2231 228 2269 n
253 2218 423 2291 payement.
439 2231 455 2271 n

254 2298 442 2379 Stipendium
455 2300 526 2362 vero
547 2298 734 2361 Vionriorum
757 2298 949 2361 Generalium
969 2297 1158 2381 capitularium

213 2388 308 2450 currit
329 2389 347 2449 d
365 2387 414 2449 die
434 2407 495 2470 quo
517 2386 688 2468 tGupitulo
713 2386 835 2449 luerunt
858 2387 1009 2450 nominati
1033 2402 1113 2466 usque
1127 2379 1160 2442 ed

214 2477 295 2540 diem
309 2495 371 2558 quo
385 2495 480 2539 novus
494 2477 660 2557 Episcopus
677 2476 898 2554 possessionem
912 2477 1053 2538 assumit.
1062 2477 1102 2536 lte
1112 2487 1166 2532 res-

215 2566 320 2648 pondit
335 2565 500 2626 Consilium
513 2565 642 2626 Stotds3
659 2561 826 2626 decembris
839 2565 929 2626 1840.
946 2564 1024 2629 Vide
1036 2560 1113 2648 apud
1123 2559 1171 2621 le·

215 2673 318 2738 queux
333 2656 382 2735 (n⁰
397 2655 472 2714 tuor
488 2653 520 2712 in
533 2651 622 2730 notri).

658 2801 746 2882 §ru

472 2937 516 3000 De
527 2935 701 3019 pluralitate
716 2907 929 3018 beneficiorum.

256 3091 347 3151 otti.
370 3088 490 3149 Certum
517 3090 562 3147 est
584 3083 785 3166 plumlitalem
804 3076 1041 3152 beneficiorum,
1073 3079 1182 3143 nisiex

213 3175 294 3258 jusit
307 3177 398 3236 coust
409 3171 712 3258 honesteturpctitom
721 3187 787 3233 esse
796 3167 827 3232 in
838 3186 949 3250 genere
961 3188 968 3230 :
982 3168 1060 3231 illud
1073 3171 1182 3231 consul

218 3262 320 3324 multis
340 3262 417 3340 juris
434 3261 571 3324 onnonioi
589 3259 736 3342 capitulis,
752 3263 844 3340 prout
864 3275 902 3319 ex
914 3274 981 3338 sep.
1000 3255 1136 3320 Clericus
1152 3259 1182 3315 t.

219 3344 377 3418 Canenti,
395 3347 429 3409 de
444 3345 628 3423 Proebmdls;
640 3347 754 3409 Gonoil.
771 3343 853 3408 Trid.
865 3345 948 3424 (sess.
966 3349 1023 3421 Ἡ,
1039 3361 1070 3406 o.
1090 3347 1143 3420 17,
1157 3339 1184 3400 dr

218 3433 293 3512 ref.)
311 3455 318 3493 :
333 3442 362 3495 et
375 3435 449 3496 ratio
470 3443 514 3497 est
528 3435 599 3517 quie
620 3435 772 3517 pluralitus
792 3431 964 3513 huiusmodi
978 3449 1129 3514 magnam
1151 3432 1186 3490 in·

219 3519 438 3582 ordinationem
457 3521 607 3586 involvere
629 3524 718 3600 solet,
738 3524 811 3585 oirm
833 3541 872 3585 ex
893 3525 929 3584 eli
949 3520 1106 3584 ordinarie
1135 3519 1187 3580 mi·

221 3613 331 3668 noctur
356 3609 454 3668 cultus
476 3608 611 3687 divinus,
635 3611 767 3676 Ecclesia
795 3611 951 3694 operariis,
971 3607 1118 3671 lundutor
1144 3607 1186 3687 pil
