2452 3946
211 203 250 268 ta
432 220 570 266 unuoacs
590 221 691 266 roaros
710 221 792 266 aunrs
812 219 962 267 cuuomct.

211 323 310 384 dentis
325 329 377 385 aut
397 323 536 405 Episcopi
556 323 774 405 approbantis:
792 324 863 404 quia
881 322 975 404 gratia
995 322 1092 385 semel
1117 322 1199 386 iaetu

211 429 272 472 non
294 411 409 492 expirat
431 420 527 474 morte
542 413 621 475 illius
635 415 652 474 a
666 431 729 494 quo
743 412 800 475 fuit
812 429 965 474 concessa.
1220 440 1221 526 p

243 501 332 562 3572.
343 501 454 562 Elem
467 501 697 582 privilegiumsit
708 501 875 582 personale,
886 500 1200 580 sequiturpersonam
1220 533 1221 536 ¹

211 594 241 648 et
254 587 322 651 ided
336 589 538 671 privilegiatus
553 589 698 676 mutando
712 589 899 651 domicilium
921 588 1118 670 privilegium
1138 609 1202 652 non

211 675 329 738 amittit.
342 679 603 754 ltacommuniter;
615 687 746 740 attamen
758 696 845 740 secus
854 687 899 740 est
909 677 997 740 bodie
1008 679 1201 743 tenendum.

210 765 293 844 juxa
308 768 339 828 s.
355 767 477 847 ugnos
495 767 611 848 (me,
629 779 662 827 n·
675 770 745 842 an,
760 765 965 846 ciconum,
982 769 1056 846 quia
1072 767 1106 828 tn
1125 770 1201 830 nes·

210 855 314 935 criptis
339 853 494 918 hodiernis
518 855 628 918 domus
657 855 870 937 designatura
896 854 973 917 Sede
996 855 1222 934 Apostolicrt3'

212 942 274 1006 imo
285 945 375 1006 etiam
391 944 464 1006 olim
478 947 510 1005 in
533 963 605 1006 casu
629 944 803 1006 mutationis
821 943 1031 1024 requirebatur
1045 963 1132 1006 nora
1149 965 1204 1028 ap-

212 1033 347 1114 probatio
361 1032 501 1114 Episcopi
517 1041 546 1094 et
561 1051 638 1095 nova
652 1033 798 1114 inspectio
818 1033 891 1108 loci,
914 1033 1004 1096 etiam
1024 1033 1055 1094 in
1085 1035 1203 1097 eodem
1222 1052 1223 1136 p

212 1120 444 1202 oppido-Non
460 1129 505 1183 est
515 1121 713 1204 improbabile
722 1121 800 1202 quod
810 1121 1012 1203 privilegiatus
1021 1123 1124 1203 possit
1141 1125 1205 1187 duo
1222 1145 1223 1148 ¹

212 1208 323 1272 habere
336 1210 476 1288 oratoria,
492 1229 590 1273 unum
604 1211 636 1272 in
651 1209 763 1291 oppido
773 1217 802 1270 et
815 1210 943 1272 alterum
955 1210 986 1271 in
1000 1209 1085 1280 villa,
1098 1213 1126 1273 si
1145 1217 1207 1296 pri-

213 1297 367 1378 vilegiatus
381 1317 443 1360 non
457 1301 496 1360 sit
510 1299 540 1360 ln
554 1306 682 1380 utroque
692 1317 746 1380 pcr
759 1297 885 1360 modum
899 1299 1055 1376 transitus,
1068 1307 1102 1362 et
1116 1301 1208 1366 locus

213 1385 631 1468 abOrdinarioapprobetur.

253 1477 342 1540 3573.
359 1510 398 1520 -
417 1479 449 1538 3·
469 1479 502 1537 ln
527 1477 653 1538 lndultis
674 1477 839 1540 Pontiliciis
857 1495 914 1559 pro
934 1477 1152 1544 celebratione
1175 1483 1208 1542 in

214 1565 350 1627 oratoriis
368 1564 508 1646 privatis.
534 1565 637 1646 plures
660 1566 772 1648 apponi
799 1565 898 1628 solent
915 1565 1113 1630 conditiones
1134 1591 1209 1652 quer

215 1661 430 1716 enumerantur
453 1656 471 1714 b
497 1653 608 1716 Bened.
634 1657 717 1732 XIV,
737 1655 770 1717 in
783 1655 947 1736 Encyclicd
962 1654 1072 1736 Magno
1089 1661 1225 1750 (3Jun.l

215 1745 289 1804 trst
306 1790 313 1816 ,
329 1743 348 1824 ᾗ
362 1747 399 1803 ta
411 1749 441 1804 et
456 1743 519 1821 ta),
537 1743 587 1804 ubi
603 1742 713 1806 dicitur
730 1763 737 1804 :

258 1853 274 1890 u
294 1832 456 1912 Postquam
466 1832 515 1908 jus
528 1830 716 1894 concedendi
727 1833 857 1896 oratoria
869 1833 900 1893 in
911 1831 1032 1913 privatis
1047 1831 1209 1898 laicorum

215 1943 230 1980 a
255 1921 413 1994 domibus,
430 1919 499 1982 Sedi
517 1919 694 2001 apostolica.
714 1929 897 1983 reservatum
912 1920 981 1994 fuit,
996 1919 1058 1982 dici
1076 1923 1131 1985 vix
1149 1945 1212 2006 po-

216 2031 230 2067 a
255 2017 311 2070 test
325 2011 473 2089 quantum
488 2027 568 2071 ourae
582 2027 619 2070 ec
632 2008 796 2088 diligentiae
810 2008 979 2070 adhibitum
994 2009 1031 2070 sit
1040 2028 1103 2090 pro
1121 2023 1213 2077 recto

216 2120 231 2157 n
256 2098 392 2176 eiusdem
416 2097 661 2159 moderamine...
683 2099 754 2160 Haec
776 2097 899 2160 tandem
923 2115 978 2178 pro
1001 2097 1071 2178 lege
1091 2107 1214 2166 statuta

216 2210 231 2246 n
256 2185 414 2250 luerunt..:
431 2186 594 2248 oratorium
610 2187 725 2248 scilicet
738 2187 903 2267 parietibus
919 2205 972 2268 per
986 2205 1068 2267 quos
1082 2189 1127 2250 ab
1145 2211 1216 2254 orn-

217 2299 231 2335 n
256 2277 346 2338 nibus
359 2275 425 2338 aliis
438 2273 611 2336 domesticis
625 2275 731 2337 usibus
744 2283 932 2357 segregetur,
943 2283 1123 2340 extructum
1143 2301 1216 2343 esse

217 2389 231 2424 u
255 2365 380 2440 debere3
396 2363 477 2425 idem
491 2363 586 2444 prim,
597 2364 641 2423 vel
657 2363 695 2424 ab
704 2365 852 2445 Episcopo
867 2363 913 2426 vel
927 2365 965 2425 ab
975 2363 1044 2437 alio,
1058 2368 1115 2428 cui
1127 2372 1218 2434 vices

217 2478 231 2514 a
254 2472 324 2516 suas
338 2452 500 2534 legaverit,
517 2451 698 2513 visitandum
718 2471 799 2529 esse,
816 2451 992 2534 inspiciendi
1010 2455 1112 2533 gratia
1132 2479 1218 2522 num

216 2567 231 2604 a
255 2543 366 2604 decen-s
380 2549 409 2602 et
422 2541 490 2620 apte
504 2544 707 2622 compositum
718 2539 822 2616 luerit,
838 2549 868 2602 et
878 2559 951 2604 num
963 2541 1080 2622 aliquid
1092 2563 1218 2610 eorum

216 2656 231 2692 n
257 2651 325 2714 quae
343 2630 510 2694 necessaria
528 2637 599 2692 suut
621 2630 652 2690 in
675 2629 784 2691 eodem
802 2629 879 2693 desit
895 2650 902 2691 :
919 2637 952 2692 ut
972 2631 1157 2714 Episcopus
1179 2641 1220 2700 sit

217 2745 231 2781 n
256 2723 309 2804 qui
324 2720 494 2785 celebrandi
509 2719 632 2782 missam
647 2719 837 2800 impertiatur
859 2727 888 2782 et
905 2718 988 2800 quod
1003 2719 1137 2786 licentia
1156 2727 1218 2790 hu-

217 2835 232 2872 n
253 2811 386 2891 jusmodi
399 2809 566 2874 secundum
577 2807 753 2871 rationabile
762 2807 841 2871 illius
851 2808 1006 2870 arbitrium
1019 2810 1184 2891 perduret
1195 2823 1220 2896 ¹3

218 2923 233 2960 a
258 2919 315 2962 neo
337 2901 439 2980 plures
454 2898 563 2970 indie,
580 2896 633 2958 sed
652 2895 742 2960 unica
759 2898 878 2959 tantbm
897 2897 988 2960 missa
1007 2897 1037 2958 in
1066 2909 1223 2970 oratorio

218 3013 233 3049 n
259 2987 443 3060 celebretur,
463 2991 495 3047 et
512 2985 593 3066 quod
612 2985 676 3048 haec
699 2985 791 3048 missa
812 2986 980 3048 celebretur
1002 2989 1020 3048 a
1042 2995 1225 3060 sacerdote

219 3100 233 3137 n
257 3076 302 3138 vel
317 3073 452 3137 saeoulmi
470 3073 517 3136 vel
531 3074 679 3154 regrdari,
693 3074 862 3138 dummodo
880 3075 1033 3138 saecularis
1052 3077 1093 3139 ab
1119 3084 1223 3168 Epis-

219 3187 234 3222 ο
259 3181 336 3245 copo
350 3161 533 3243 approbatus
547 3163 603 3238 sit;
620 3164 767 3245 regularis
780 3171 899 3242 autem,
916 3165 1072 3227 licentiam
1092 3165 1225 3238 habeat

220 3276 234 3312 a
260 3255 340 3314 asuo
349 3251 476 3331 regulari
486 3251 647 3333 Superiora
657 3275 671 3312 a
683 3253 1224 3336 (NeoetiamEpiscopusextraneu·

220 3347 320 3424 posset
341 3339 430 3401 ineis
450 3339 601 3401 celebrare
622 3341 687 3402 aine
710 3341 859 3404 Ordinarii
881 3341 1022 3412 licentia.
1045 3353 1104 3406 aut
1132 3353 1218 3414 ultr

220 3439 357 3494 tenorem
372 3427 500 3507 indulti,
517 3429 574 3490 nisi
588 3435 657 3493 actu
672 3429 819 3492 habitaret
827 3430 953 3492 domum
971 3431 1020 3494 ubi
1036 3439 1084 3494 est
1098 3450 1223 3506 orato.

253 3555 260 3582 ⁶
279 3549 388 3601 Licentia
406 3547 519 3615 Episcopi
530 3547 607 3614 gratia
623 3553 661 3600 cst
677 3549 849 3610 concedenda,
865 3549 973 3616 juxtas.
987 3549 1105 3618 laguna,
1127 3557 1182 3612 lib.
1198 3565 1223 3626 ι

222 3636 251 3678 na
262 3622 317 3682 titt.
331 3619 442 3672 clausule
454 3619 490 3669 ll.
