2452 3946
195 211 252 271 tvl
415 223 550 268 uanitate
569 223 670 268 rorrus
689 221 771 266 rums
792 221 938 266 canonici.

233 327 322 387 3746.
346 321 417 386 Sine
442 321 563 404 speciali
592 321 732 396 ludulto,
757 320 815 383 illc
835 321 935 383 missac
961 321 1004 384 De
1027 323 1163 404 deputem

195 413 392 496 probibentur
406 412 513 474 diebus
527 430 616 492 supra
630 409 810 486 enuntiatis,
826 410 941 471 etiarnsi
961 409 1021 472 sint
1042 421 1164 474 mutatu
1219 468 1224 477 .

194 510 224 564 et
238 502 412 571 solemniter
425 499 581 563 celebratae
599 517 669 562 cum
691 498 783 560 sacris
802 499 966 574 ministris;
983 499 1034 561 sed
1050 501 1074 561 si
1092 501 1166 563 inci-

194 589 268 652 dant
281 591 312 652 in
326 590 406 652 diem
417 597 450 652 ut
463 591 602 671 superius
615 587 801 668 impeditam,
812 587 903 648 missa
912 587 950 650 de
964 587 1013 650 die
1024 591 1165 670 applicari

195 687 293 762 potest
317 678 467 742 defunctis
493 678 521 756 (5
549 695 619 756 aug.
646 679 742 753 rnna,
767 688 801 736 n·
819 679 912 752 20313
933 681 953 737 t
977 695 1047 758 aug.
1072 683 1166 758 l6'll,

196 769 230 830 n⁰
242 771 343 846 2557).
359 765 434 828 Vide
447 769 490 828 De
505 764 597 826 llerdt
612 763 678 841 (it,
692 772 754 828 not.
770 770 803 826 2⁰
816 771 844 826 et
858 767 899 840 3⁰)
907 769 926 827 ¹.

234 868 325 928 3747.
356 887 372 925 a
402 865 516 927 Dicitur
542 881 604 924 una
630 868 748 924 tantum
781 863 905 924 Oratio.
933 863 1169 949 quandocumque

195 977 211 1014 n
230 973 289 1036 pro
316 953 462 1035 &sanetis
488 951 658 1014 solemniter
685 949 850 1014 celebratur
872 951 1044 1029 (Rudrr'toe,
1067 955 1112 1016 tit.
1130 959 1167 1032 5,

195 1065 212 1103 u
236 1045 269 1103 n⁰
282 1041 323 1121 a),
338 1043 452 1104 scilicet.
465 1043 646 1103 conveniens
660 1058 796 1122 personae
809 1059 863 1121 pro
873 1045 933 1122 qut
948 1041 1167 1106 celebratur...
1224 1091 1225 1096 1

196 1154 212 1190 n
235 1133 274 1195 Ut
287 1140 388 1193 autern
404 1131 495 1192 missa
507 1131 545 1192 sit
558 1129 702 1192 solemnis
712 1138 742 1190 et
756 1129 831 1191 inea
845 1132 962 1191 tentbm
972 1129 1170 1194 dicaturllra-

196 1243 211 1278 n
236 1221 295 1296 tio,
311 1239 371 1280 non
396 1221 503 1280 sullicit
523 1218 606 1300 qudd
630 1220 719 1280 misse
735 1227 890 1281 cantetur:
909 1237 981 1280 nam
1001 1219 1033 1280 in
1058 1222 1169 1298 missa,

196 1331 210 1365 u
235 1327 303 1389 quae
316 1309 444 1386 singulis
457 1307 564 1370 diebus
585 1307 684 1369 ollicio
701 1307 814 1388 duplici
834 1325 895 1369 non
918 1305 1071 1386 impetbtis
1096 1330 1172 1372 carn·

196 1419 210 1452 u
236 1404 330 1472 tatur,
351 1395 492 1458 dicuntur
510 1405 570 1458 tres
591 1397 747 1458 Orationes
767 1397 852 1476 juxta
874 1397 999 1458 Decreta
1012 1399 1045 1459 S.
1063 1401 1097 1458 ll.
1116 1401 1172 1478 C.,

196 1510 210 1543 n
235 1490 254 1546 d
269 1491 344 1566 sept.
362 1489 451 1561 l'll5,
464 1487 496 1546 n⁰
509 1490 599 1562 tuuc,
615 1493 649 1547 ut
662 1485 693 1546 in
708 1485 807 1546 nrissis
822 1485 942 1566 prb-ans
951 1505 958 1561 ;
975 1485 1028 1546 scd
1043 1489 1173 1570 requiri·

197 1597 210 1632 s
234 1581 284 1636 tur
305 1581 335 1635 et
354 1573 481 1652 suflicit,
505 1582 538 1636 ut
565 1575 655 1636 missa
677 1581 830 1650 cantetur,
854 1574 916 1636 sive
934 1593 1005 1636 cum
1027 1575 1090 1638 sire
1104 1579 1173 1641 sine

196 1687 210 1721 a
235 1663 327 1725 saeris
342 1663 501 1737 ministris,
514 1681 583 1724 cum
595 1662 829 1724 extraordinario
841 1681 1008 1740 concursu,
1024 1677 1175 1746 apparatu

196 1775 210 1811 n
235 1760 263 1813 et
279 1756 390 1833 pumpil
403 1752 553 1822 exteriori,
566 1753 685 1813 relative
699 1758 799 1812 tumen
810 1751 848 1812 ad
858 1751 998 1814 ecclesias
1012 1752 1042 1813 in
1058 1755 1174 1834 quibus

196 1865 210 1899 n
234 1841 402 1904 celebratur
418 1865 425 1901 :
442 1840 482 1902 ita
504 1847 537 1903 ut
563 1841 593 1902 in
616 1839 798 1921 pauperibus
821 1847 851 1901 et
872 1840 1002 1919 dissitis,
1031 1844 1175 1908 modicus

196 1954 211 1988 n
234 1947 401 1992 concursus
414 1937 443 1991 et
456 1937 615 2010 apparatus
629 1928 773 2004 subiciat,
796 1929 826 1990 in
846 1929 1004 1992 ditioribus
1024 1937 1133 1995 autern
1148 1945 1176 1998 et
1224 1987 1225 2002 ,

197 2042 211 2076 a
237 2017 490 2099 frequentioribus
506 2019 603 2096 major
616 2018 805 2097 requiratur;
827 2017 908 2082 sic...
929 2018 1078 2082 inmissis
1095 2021 1177 2086 Con·
1224 2033 1225 2070 ῑ

228 2201 236 2227 ¹
251 2194 377 2245 lndultum
388 2211 496 2260 sequens
507 2208 652 2244 eoncessum
666 2194 711 2244 luit
724 2193 844 2262 Episcopo
854 2195 1022 2248 valentinensi
1035 2198 1060 2247 in
1074 2199 1177 2254 Gallia:
1224 2195 1225 2260 f

198 2290 208 2314 a
225 2265 400 2317 sanctissimus
420 2265 446 2315 ll.
460 2263 488 2316 lv.
507 2263 565 2315 Pius
579 2265 637 2316 lll...
653 2265 713 2316 ad...
728 2283 812 2332 preces
830 2266 889 2318 ller.
908 2267 1000 2320 valent.
1019 2269 1129 2335 episc...
1145 2275 1178 2326 de

198 2359 208 2386 ι
225 2337 325 2404 speciali
337 2336 431 2403 gratil,
446 2335 554 2400 benigne
566 2337 653 2386 annuit
663 2344 690 2386 ut
704 2336 729 2386 in
742 2337 846 2402 singulis
863 2340 1043 2403 parochialibus
1055 2343 1177 2396 ecclesiis

198 2429 207 2458 ι
224 2407 332 2461 Ciuitatis
348 2415 422 2474 atque
438 2407 539 2474 integras
555 2407 733 2458 valentinensis
750 2409 878 2468 dioecesis,
897 2410 976 2460 misse
994 2412 1126 2465 solemnes
1141 2419 1177 2469 Ile
1224 2433 1225 2470 t

197 2499 207 2528 ι
224 2481 341 2546 Requiem
352 2494 409 2530 cum
422 2485 495 2529 cantu
509 2479 589 2530 locum
602 2478 717 2538 babeant,
731 2479 803 2528 etiam
819 2479 841 2528 in
855 2481 943 2530 diebus
961 2483 1022 2531 ritus
1040 2483 1176 2550 llupliris,
1224 2475 1225 2494 ¹

197 2571 208 2599 s
225 2567 327 2616 corpore
335 2557 469 2617 presente.
483 2551 570 2601 diebus
581 2551 617 2613 3¹,
631 2549 658 2596 l·
672 2557 696 2600 et
708 2550 749 2600 tto·
762 2565 791 2601 uc
805 2551 875 2602 tutu
887 2553 993 2618 quotuor
1004 2554 1174 2618 bebdomndri,

197 2622 330 2688 »exceptis
350 2628 431 2672 tamen
452 2621 622 2688 Duplicibual
646 2627 671 2672 et
691 2621 819 2682 volneris,
831 2623 897 2674 lestis
915 2625 946 2675 de
966 2635 1090 2692 precepto
1116 2645 1177 2682 ser-

197 2715 207 2742 ·
223 2693 321 2753 randis,
336 2691 424 2752 Feriis,
437 2692 546 2760 Vigiliis,
559 2699 584 2744 ct
599 2693 697 2744 Octaris
714 2691 889 2757 privilegiatis3
909 2695 1063 2762 rndulsitque
1075 2703 1178 2764 pariter

198 2789 207 2810 J
224 2771 251 2815 ut
263 2766 285 2814 in
299 2764 347 2815 illis
361 2764 488 2830 paroeciis,
501 2765 525 2815 in
538 2762 628 2830 quibus
640 2770 727 2812 cantus
739 2763 843 2814 obtineri
861 2766 962 2816 omnino
973 2767 1077 2832 nequit,
1092 2771 1176 2824 missa

196 2859 205 2885 ι
224 2837 275 2886 lraec
287 2838 321 2887 De
338 2838 449 2903 requiem
459 2837 597 2888 celebretur
607 2835 700 2899 absque
712 2843 795 2894 cantu,
808 2845 927 2901 presente
939 2839 1035 2889 rantum
1048 2855 1174 2908 corpore,

196 2929 205 2955 a
222 2907 466 2972 reliquisquetlisbus
475 2909 618 2971 suppleatur
626 2922 667 2970 per
676 2907 862 2971 applicationem
871 2909 1002 2968 sacriticii,
1014 2910 1177 2968 celebrando

197 3001 206 3026 ι
222 2978 320 3028 missam
333 2978 363 3026 de
376 2977 606 3037 officiooecmenre,
617 2975 685 3040 juxte
700 2978 798 3028 Decreta
811 2994 832 3028 s.
847 2983 971 3030 memorias
983 2983 1121 3034 Alexandra
1134 2987 1178 3040 vll

196 3071 207 3098 ι
223 3050 376 3112 aliorumque
384 3047 487 3097 Roman.
502 3047 558 3108 PP,
570 3049 767 3114 quibuscumque
776 3052 800 3099 in
810 3052 960 3102 contrarium
973 3056 1177 3120 disponentibus

195 3143 205 3169 ι
223 3119 321 3168 minime
338 3118 502 3169 obstantibus.
519 3119 603 3170 uisas
621 3120 732 3170 decemb.
751 3121 820 3172 1852.
838 3125 866 3171 Α,
882 3123 955 3176 Card.
974 3125 1176 3182 Lambruschjm'

196 3212 205 3238 ι
221 3189 247 3239 S.
259 3189 287 3240 u.
301 3189 377 3253 Cong.
392 3189 483 3243 Prnl'...
494 3217 525 3227 —
535 3190 561 3241 u.
579 3190 641 3256 Gigli
659 3191 685 3242 S.
699 3189 727 3242 ll.
741 3191 767 3243 C.
787 3193 1015 3248 Pro-Secretarius.
1030 3221 1041 3244 a

222 3269 255 3320 Ex
276 3269 344 3319 Brevi
361 3268 409 3318 diei
430 3267 460 3319 28
477 3277 539 3334 sept.
558 3271 641 3320 l85l:
661 3289 671 3316 ι
690 3271 812 3323 Sanctitas
831 3289 874 3323 sua
892 3276 996 3340 gratiam
1015 3291 1175 3334 wneessam

193 3357 264 3407 aper
279 3341 400 3390 indultum
419 3342 543 3406 prelatum
561 3341 670 3392 extendit
691 3343 721 3394 erl
738 3345 855 3396 accredas
871 3363 925 3414 quar
944 3363 993 3398 non
1011 3355 1071 3399 sunl
1088 3367 1178 3417 paro-
1223 3377 1224 3406 3

194 3431 204 3460 a
221 3411 312 3462 cbiales
340 3432 351 3459 ι
368 3411 427 3462 vide
444 3412 558 3466 Ordinem
579 3414 774 3465 valentinensem
783 3431 830 3482 pro
845 3433 912 3470 nuno
928 3419 994 3470 issu.
1008 3421 1043 3472 Ex
1061 3437 1177 3476 cuncus.

191 3485 260 3534 sione
279 3483 340 3534 laeti
362 3483 442 3536 eidem
460 3483 580 3549 Episcopo
598 3484 777 3548 valentinensi,
794 3488 825 3538 Ἠ
847 3490 959 3540 decemb.
985 3491 1060 3550 lssbl,
1081 3495 1176 3548 missa

191 3553 225 3606 De
236 3555 352 3620 Reputans
364 3570 413 3602 non
426 3559 529 3604 cantata
540 3555 710 3605 conceduntur
722 3559 746 3606 in
763 3558 840 3610 l‘ertis
853 3559 995 3626 llnplicibtn
1011 3563 1174 3628 minoribus,

193 3619 224 3672 ed
233 3619 360 3675 tamma·
375 3617 485 3676 lldcllsrn
497 3623 705 3678 murmuraberunt
724 3625 802 3688 istun
813 3637 838 3692 v·
849 3627 901 3692 lv).
