2482 3944
237 159 276 224 61
462 181 601 230 usnulm
620 181 721 228 rorrus
740 181 823 228 ruere
843 165 992 228 cruolncr.

277 287 368 366 Resp.
382 283 416 348 Id
429 283 520 346 luisse
534 281 719 364 prohibitum
734 283 751 344 ta
768 281 910 359 Pluton
921 282 969 344 his
979 283 1096 348 verbis:
1116 308 1136 346 α
1153 290 1223 348 Pro

237 395 252 434 u
278 371 720 452 hibemusdictcmopinionem
730 377 874 453 uinquam
885 371 1025 454 plurimis
1037 375 1224 436 nominibu

233 485 253 523 u
278 463 498 545 periculosam,
516 459 652 522 fidelium
671 459 818 522 scandulis
836 467 865 522 et
887 459 1108 524 offensionibus
1125 465 1194 526 obn

238 574 253 612 u
278 570 377 630 mum,
393 559 482 632 atque
496 551 514 611 a
527 557 643 612 uetusto
663 549 804 611 Ecclesiae
822 567 906 610 more
928 549 1138 612 aberrantem.
1157 575 1175 611 u
1195 553 1223 612 S'

250 641 448 704 nihilominus
467 638 526 701 hoc
545 637 608 700 fleri
632 638 843 719 contingeret,
862 637 1012 700 ordinarie
1035 647 1117 702 esset
1143 639 1210 701 obli

240 729 318 812 gallo
339 729 449 791 iterum
463 725 634 790 celebrandi
659 732 727 808 post
748 732 905 807 acceptum
921 727 1119 808 stipendium.
1146 728 1224 788 l'id.

241 818 354 882 Bened.
370 819 448 896 xlv,
470 817 514 879 De
527 815 641 898 Sacris.
663 815 778 892 Missae,
794 814 846 876 lib.
862 819 892 891 3,
908 833 975 897 cap.
992 819 1022 893 9,
1042 815 1120 877 n¹·'l
1138 823 1174 878 et
1189 821 1223 892 8,

239 918 270 970 et
284 910 314 971 S.
331 909 454 989 Liguor.
470 905 541 982 ,lib.
556 907 591 982 6,
608 917 641 966 n⁰
656 908 724 966 337.

280 1001 369 1059 3511.
394 995 516 1068 Ouaerit.
531 999 562 1055 7⁰
585 997 632 1055 An
656 993 838 1074 stipendium
857 993 991 1076 recipere
1004 993 1098 1075 possit
1120 1012 1223 1056 secer

241 1084 295 1148 dos
308 1088 360 1166 qui
376 1093 494 1148 tenetur
507 1082 630 1164 quidem
644 1083 816 1160 celebrare,
836 1081 890 1144 sed
903 1083 967 1144 sine
980 1085 1124 1164 expressb
1140 1081 1223 1145 obli-

243 1175 360 1255 gatione
374 1172 543 1254 applicandi
560 1169 709 1234 missam?

281 1265 370 1344 Resp.
396 1263 481 1324 cene
506 1260 629 1342 quidem
648 1256 832 1341 stipendium
859 1261 993 1342 recipere
1016 1264 1116 1342 potest
1146 1277 1225 1340 casui

242 1351 357 1430 dequo
377 1350 510 1431 loquitur
524 1351 555 1411 S.
578 1351 687 1428 Congr.
704 1350 814 1423 Gonu,
830 1349 862 1410 in
881 1367 937 1410 suo
955 1349 1082 1410 Decreto
1096 1351 1137 1410 13
1151 1341 1225 1428 julii

244 1443 335 1514 1630,
352 1457 462 1520 nempe
479 1457 486 1498 :
507 1461 521 1496 u
536 1438 662 1510 Quando
677 1438 707 1499 in
722 1437 896 1500 fundatione
909 1437 1065 1512 beneficii,
1090 1456 1149 1500 seu
1174 1455 1221 1498 ca·

242 1551 256 1586 u
283 1527 379 1609 pellae,
402 1529 541 1608 expresse
559 1535 681 1588 cautum
702 1534 747 1588 est
766 1545 827 1588 non
841 1525 936 1588 teneri
958 1525 1167 1588 celebrantem
1184 1525 1220 1586 ad

242 1641 257 1676 u
282 1615 512 1698 applicationem
528 1615 670 1678 sacrificii
684 1661 691 1692 ,
707 1633 743 1678 eo
757 1633 828 1678 casu
842 1616 950 1698 poterit
964 1615 1122 1677 celebrans
1136 1615 1218 1676 acei-

242 1729 256 1764 u
282 1723 353 1788 pere
368 1722 479 1767 novum
494 1703 692 1786 stipendium,
708 1711 738 1766 et
750 1705 840 1766 uniet
854 1705 943 1766 missa
955 1703 1126 1766 satisfacere
1141 1705 1219 1766 obli·

241 1819 255 1854 u
282 1795 393 1877 galioni
417 1793 579 1872 beneficii,
607 1811 658 1857 seu
680 1793 801 1876 capellae
818 1839 826 1868 ,
842 1799 872 1856 et
891 1793 964 1855 item
989 1791 1073 1856 danti
1100 1809 1216 1856 norum

241 1909 255 1944 u
282 1884 508 1966 stipendium.»

282 1977 371 2035 3515.
395 1975 488 2034 Secus
501 1978 546 2032 est
559 1971 734 2044 dicendum,
747 1972 845 2054 inquit
859 1973 889 2034 S.
906 1971 1042 2052 Lignor.‚
1057 1974 1082 2034 si
1097 1972 1131 2034 in
1148 1971 1217 2033 sun·

243 2059 364 2120 datione
388 2060 461 2120 nihil
491 2059 579 2121 luerit
599 2077 794 2141 expressum,
817 2067 850 2122 ut
872 2060 998 2123 liabetur
1019 2079 1058 2122 ex
1088 2049 1225 2140 Decreloi

244 2147 379 2225 ejusdem
393 2149 541 2228 congreg.
557 2148 595 2209 ab
613 2151 717 2211 lnnoc.
742 2151 795 2211 llll
812 2149 976 2232 approbato
990 2195 998 2226 ‚
1012 2149 1064 2211 ubi
1078 2149 1194 2211 dicitur
1208 2141 1225 2218 :l

248 2258 262 2294 c
285 2236 481 2306 Sacerdotes,
506 2236 616 2317 quibus
642 2237 749 2301 diebus
771 2245 912 2301 tenentur
934 2239 1041 2300 missas
1061 2239 1216 2300 celebrere

243 2348 258 2385 u
284 2326 397 2388 ratione
409 2324 547 2386 beneficii
562 2345 615 2388 seu
630 2328 770 2409 capellae,
787 2327 886 2409 legati,
903 2335 954 2389 aut
967 2327 1084 2405 salarii,
1099 2329 1125 2388 si
1141 2327 1225 2390 elec,

244 2437 258 2474 u
284 2432 426 2496 mosynas
440 2433 494 2496 pro
508 2414 573 2476 aliis
586 2416 677 2477 etiam
695 2417 794 2478 missis
804 2416 990 2478 celebrandis
1006 2418 1195 2498 susceperint
1207 2461 1214 2485 ,

245 2527 259 2566 o
285 2523 345 2566 non
361 2521 447 2585 posse
461 2502 567 2566 eudem
577 2505 668 2566 missu
677 2506 796 2585 utrique
812 2504 984 2586 obligationi
999 2505 1183 2568 satisfacere.
1199 2527 1212 2560 u

244 2596 282 2654 111
299 2594 408 2656 elaribs
431 2591 488 2654 hoc
511 2591 567 2654 tuit
594 2594 773 2674 explicatum
793 2613 847 2675 pro
869 2594 968 2656 missis
987 2613 1022 2655 ex
1036 2601 1215 2658 testamento

245 2684 373 2760 relictis,
385 2701 420 2744 ex
438 2683 563 2744 Deercto
575 2687 612 2745 18
627 2683 724 2744 martii
740 2687 835 2755 1686,
851 2683 902 2745 ubi
918 2683 1052 2746 decisum
1067 2681 1125 2746 luit
1139 2684 1214 2746 cele-

245 2773 382 2836 brantem
397 2791 451 2854 pro
461 2773 562 2834 anime
576 2773 722 2834 testatoris
732 2773 825 2834 teneri
837 2773 998 2854 applicare,
1009 2791 1131 2852 semper
1141 2792 1177 2834 ac
1188 2773 1213 2831 in

245 2863 419 2926 fundatione
435 2862 515 2922 nulla
530 2863 567 2922 sit
580 2861 695 2939 adjecto
708 2861 868 2923 declaratio
886 2859 924 2923 ed
938 2862 1026 2940 eujus
1039 2861 1216 2943 suffragium

245 2951 457 3036 applicandum
471 2951 508 3012 sit
522 2951 714 3014 sacrificium.
730 2956 772 3014 lta
787 2955 817 3014 S.
831 2953 950 3032 Lignor.
963 2953 1029 3034 (lib.
1042 2957 1073 3030 6,
1090 2962 1123 3014 n⁰
1135 2953 1212 3027 311).

245 3041 359 3102 -Vide
373 3037 448 3120 quid
461 3037 627 3102 dixerimus
640 3041 739 3121 quoad
755 3042 1009 3122 eleemosynarios
1023 3044 1137 3122 (1511).

283 3132 373 3190 3516.
397 3127 475 3188 Nota
489 3127 570 3207 qubd
593 3135 728 3210 tempore
744 3149 805 3214 quo
818 3130 944 3211 capitale
961 3130 1040 3192 dotis
1059 3131 1215 3212 assignatae

246 3235 300 3300 pro
313 3215 411 3278 missis
425 3214 612 3279 celebrandis
626 3225 671 3279 est
685 3219 926 3298 infructuosum,
949 3237 1010 3279 non
1025 3219 1062 3280 sit
1076 3219 1214 3301 obligatio

246 3305 426 3366 celebrandi.
443 3305 474 3366 S.
490 3306 522 3368 G.
539 3307 644 3383 Cone,
661 3310 758 3386 ijun.
777 3311 873 3386 1686,
890 3315 919 3372 et
932 3311 951 3370 8
965 3326 1034 3389 aug.
1053 3312 1143 3371 17115.

285 3397 375 3456 3611.
399 3397 472 3456 ltem
486 3395 524 3456 ed
539 3413 632 3458 unam
647 3399 769 3459 missum
783 3405 923 3460 tenentur
937 3397 1110 3476 hujusmodi
1125 3399 1225 3460 secem

246 3483 331 3546 dotes
346 3483 376 3544 in
391 3483 440 3544 die
462 3485 571 3546 Natalis
595 3487 715 3547 Domini
731 3509 737 3545 :
754 3485 803 3548 die
826 3489 897 3549 verb
919 3461 1225 3554 Commemorationiri

247 3572 386 3635 omnium
400 3571 628 3654 detunctorum,
643 3574 771 3638 liberum
784 3582 828 3638 est
842 3576 886 3638 eis
899 3576 948 3640 cui
964 3575 1112 3640 voluerint
1124 3557 1225 3659 appui
