2416 3954
183 151 241 212 386
401 159 539 210 amunta
558 159 660 205 rorrns
679 157 761 204 rums
779 155 927 203 caaoarcr.

183 257 377 333 tisfactionis,
393 261 508 338 oportet
521 259 555 317 ut
568 271 645 334 opus
658 252 695 314 sit
708 250 925 324 voluntarium,
941 250 1070 335 alioquin
1083 270 1134 314 non

184 356 229 412 est
249 346 409 410 satisfactio
432 343 483 405 sed
498 343 598 404 solinu
618 339 787 422 salispassio
798 359 806 415 ;
822 341 913 421 porrd
935 339 987 422 qui
1007 341 1136 423 patienter

185 455 246 498 non
262 436 386 497 sustinet
401 431 563 494 infortunia
577 429 679 492 autad
693 431 791 491 ileum
806 447 867 490 non
882 428 989 507 refert,
1005 448 1064 492 non
1079 448 1138 492 con·

185 525 276 606 digne
291 520 448 599 satisfacit,
461 521 546 599 juxta
558 536 684 594 omnes;
699 521 731 579 5·
745 537 823 598 opus
844 517 1070 582 satisfactorium
1086 517 1139 579 fieri

185 614 274 676 dehet
284 611 314 674 in
330 611 435 692 gratia,
446 609 516 692 quia
526 610 657 672 existens
671 608 701 668 in
713 607 831 669 mortali
841 605 984 688 indignus
997 615 1040 672 est
1053 607 1141 670 remis

186 703 271 764 sione
285 709 345 764 tam
355 700 452 781 culpae
465 701 557 781 quam
571 715 669 780 poenae
680 716 688 758 ε
701 697 757 758 aSi
772 695 921 759 tradidero
933 715 1044 780 corpus
1054 715 1139 760 meum

186 813 202 852 a
226 792 266 854 ita
278 790 441 854 ulandeam
452 836 460 866 ,
471 787 644 850 charitatem
655 795 757 848 autern
768 805 829 848 non
839 785 983 866 habuero,
996 787 1068 850 nihil
1080 787 1140 849 milri

187 904 203 942 a
227 879 387 962 prodesto,
404 878 503 960 inquit
526 881 631 958 Aposl.
647 876 673 948 (1
690 877 759 938 Gor.
772 894 800 938 c.
818 879 867 953 13,
883 895 910 937 v.
925 877 956 954 3)
973 895 981 938 :
997 875 1140 939 vide'l'rid.

190 972 277 1052 (sess.
288 973 338 1046 11,
349 987 377 1032 c.
389 969 422 1046 8)
435 987 443 1044 ;
454 971 640 1050 opuslamen
651 964 761 1028 factum
771 965 802 1026 in
816 969 895 1028 statu
903 967 1017 1046 peccati
1027 965 1143 1028 mortalis

189 1065 288 1143 posset
298 1057 431 1120 adhiberi
440 1055 470 1117 in
482 1054 659 1136 suffragium
673 1053 858 1136 posmodum
867 1053 1091 1136 impetrationis,
1100 1053 1143 1116 sed

189 1148 227 1212 de
237 1165 372 1228 congruo
385 1147 501 1208 tantiam
519 1163 571 1208 tv.
588 1144 740 1206 Bonacina
754 1142 814 1224 (De
826 1141 946 1225 Indulp.
962 1163 994 1226 q.
1010 1147 1040 1221 1,
1053 1151 1141 1226 punct.

190 1240 239 1317 2);
254 1244 284 1299 et
297 1237 354 1298 froc
368 1243 413 1298 est
425 1232 638 1317 applicandum
654 1232 819 1316 praesertim
839 1234 921 1296 casui
940 1251 1003 1315 quo
1021 1233 1143 1314 suffragia

191 1325 268 1388 flunt
280 1325 404 1386 nornine
417 1323 573 1398 Ecclesiae,
591 1342 620 1384 v.
637 1342 681 1404 3.,
695 1341 749 1405 per
760 1324 1005 1401 sacramentalia,
1020 1342 1072 1405 per
1091 1341 1144 1405 pre·
1186 1339 1187 1368 t

192 1434 241 1478 ces
254 1413 407 1496 publicam
431 1420 504 1476 tunc
516 1411 611 1474 valida
632 1430 697 1473 esse
720 1417 847 1494 possunt
861 1411 977 1476 etiamsi
998 1414 1145 1475 offerantur
1186 1421 1187 1472 t

191 1504 229 1567 ab
250 1503 388 1587 improbo
407 1503 545 1565 ministro
569 1503 601 1563 in
622 1507 745 1582 peccato
768 1501 886 1562 mortali
905 1502 1067 1583 existente,
1086 1503 1145 1583 quia

192 1593 305 1655 malitia
324 1591 451 1654 ministri
467 1609 528 1653 non
546 1597 635 1653 nocet
656 1589 738 1671 operi
753 1588 826 1651 boni
847 1593 997 1672 auctoris,
1011 1591 1144 1676 quemad·

192 1682 316 1744 modum
336 1681 417 1745 enim
432 1681 457 1744 si
471 1699 524 1742 rea
538 1685 651 1760 peteret
665 1678 777 1760 aliquid
791 1697 845 1760 per
861 1681 1017 1760 nuntium,
1032 1682 1144 1763 dignitas

192 1769 343 1854 petitionis
362 1769 565 1834 mensuranda
584 1787 645 1831 non
664 1776 742 1830 essct
761 1786 799 1830 ex
820 1767 964 1850 dignitate
979 1767 1144 1850 nuntii‚sed

193 1879 229 1923 ex
248 1860 392 1942 dignitate
406 1861 567 1942 Principis,
582 1859 623 1921 ita
636 1856 757 1940 quando
774 1857 911 1920 minister
923 1861 1062 1924 Ecclesia
1073 1867 1142 1934 orat,

193 1949 322 2032 dignitas
335 1949 475 2012 Ecclesiae
489 1947 671 2011 attendenda
685 1953 745 2025 est,
761 1965 824 2010 non
843 1949 914 2010 vend
928 1948 1097 2014 improbitas
1112 1951 1145 2032 ip

194 2039 256 2102 sius
269 2037 408 2099 ministri.
425 2038 604 2116 (Bononiae,
620 2035 707 2115 ibid.)

234 2129 323 2189 1511.
348 2125 454 2187 Preces
475 2131 575 2186 autem
603 2132 764 2188 censentur
788 2125 852 2188 fleri
877 2129 1002 2193 nomine
1024 2123 1146 2194 Ecclesiae

194 2214 315 2297 quando
328 2221 398 2275 sunt
411 2213 449 2274 ab
463 2213 527 2294 ipsf
542 2213 683 2276 institutae
696 2221 726 2277 el
740 2215 817 2278 frunt
830 2218 848 2278 1
862 2217 1000 2282 ministro
1012 2219 1050 2282 ad
1069 2220 1096 2282 id
1108 2219 1147 2281 de
1185 2259 1186 2262 =

194 2310 314 2387 putato;
331 2303 354 2363 si
378 2303 449 2364 verd
471 2302 608 2365 minister
622 2321 672 2366 eas
688 2322 750 2367 non
763 2306 865 2368 recitet
878 2314 912 2369 ut
926 2309 1062 2372 minister
1079 2307 1147 2372 adid
1185 2309 1186 2372 3

194 2392 366 2475 deputatus,
399 2409 459 2454 non
482 2391 591 2455 dicitur
613 2411 699 2456 orare
722 2395 844 2459 nomine
860 2396 1003 2462 Ecclesia
1025 2399 1146 2478 (Bonae,

195 2481 251 2561 id,
272 2481 557 2560 111;11111111,1ο
577 2483 699 2562 Oratio,
716 2485 749 2545 n·
767 2487 822 2564 6);
838 2485 962 2568 quidam
980 2495 1097 2565 111111,
1114 2491 1149 2550 11

194 2579 240 2634 111
261 2589 338 2654 quos
360 2575 526 2652 Navarrus,
548 2571 652 2635 dicunt
666 2571 803 2638 sufficere
825 2575 907 2657 qudd
921 2595 1026 2658 preces
1045 2578 1148 2642 sintal

194 2661 328 2725 Ecclesia
343 2663 503 2739 institutae;
524 2661 549 2724 si
563 2671 664 2725 autem
679 2663 815 2726 minister
828 2683 878 2728 eas
895 2685 1000 2748 preces
1015 2669 1112 2732 recitet
1123 2673 1148 2730 ut

195 2753 330 2815 minister
343 2752 380 2814 ad
395 2750 425 2814 id
437 2751 612 2834 deputatus,
629 2769 690 2814 non
705 2753 804 2815 soliun
819 2753 882 2834 ipse
895 2761 961 2817 orat
974 2759 1095 2822 nornine
1108 2761 1149 2820 lic·

195 2841 304 2919 1111111,
320 2840 471 2903 sedetiam
485 2859 592 2904 omnes
605 2841 657 2925 qui
668 2841 757 2904 simul
771 2861 843 2907 cum
856 2862 893 2907 eo
906 2853 1004 2910 orant.
1021 2849 1094 2912 Vide
1110 2851 1149 2910 le

195 2949 296 3011 quenx
307 2947 377 2992 cum
393 2931 528 3011 pluribus
542 2931 627 3008 aliia,
643 2937 676 2992 n⁰
690 2935 759 2994 968.

234 3023 324 3080 tata.
348 3019 527 3098 Contingere
545 3020 635 3082 etiam
661 3026 758 3102 potest
773 3021 856 3104 qudd
872 3042 949 3107 opus
960 3026 1104 3108 privatum
1119 3031 1147 3092 sil

195 3106 422 3170 satisfactorium
445 3113 476 3169 11
493 3110 586 3189 possit
603 3109 635 3170 in
658 3109 833 3192 suffragium
856 3114 1018 3196 applicari,
1046 3119 1147 3181 etianrsi

195 3199 360 3279 praestitum
374 3194 462 3257 fuerit
476 3197 513 3258 alt
536 3215 573 3260 eo
586 3199 638 3280 qui
653 3207 716 3261 erat
736 3200 766 3261 in
781 3207 857 3265 statu
878 3206 992 3284 peccati
1008 3209 1145 3286 mortalis,

196 3284 286 3346 modo
308 3285 346 3346 ab
362 3303 399 3348 eo
421 3287 587 3367 praestitum
611 3287 710 3366 fuerit,
729 3309 790 3352 non
809 3297 843 3353 ut
868 3309 958 3356 causa
977 3297 1144 3380 principalis,

194 3374 246 3438 aed
258 3376 376 3438 tantum
391 3381 424 3437 ut
438 3375 685 3453 instrumentalis,
702 3397 728 3439 v.
747 3399 791 3460 g„
802 3379 827 3442 si
842 3381 910 3463 quis
921 3382 951 3444 in
968 3391 1047 3448 statu
1060 3389 1145 3469 gratia

195 3463 324 3525 existens
345 3465 539 3545 praeciperet,
562 3483 616 3544 per
638 3464 785 3530 famulum
800 3477 851 3532 aut
872 3471 1006 3536 amicum
1029 3476 1061 3537 in
1081 3485 1144 3539 statu
1184 3513 1185 3524 1

195 3553 307 3632 peccati
316 3552 447 3614 mortalia
455 3551 712 3630 existentemfreri
720 3555 944 3641 eleemosynam
953 3579 1008 3628 suo
1019 3567 1142 3644 nomine,
1184 3607 1185 3618 2
