<?xml version="1.0" encoding="UTF-8"?>
<!DOCTYPE html PUBLIC "-//W3C//DTD XHTML 1.0 Transitional//EN"
    "http://www.w3.org/TR/xhtml1/DTD/xhtml1-transitional.dtd">
<html xmlns="http://www.w3.org/1999/xhtml" xml:lang="en" lang="en">
 <head>
  <title>
</title>
<meta http-equiv="Content-Type" content="text/html;charset=utf-8" />
  <meta name='ocr-system' content='tesseract 3.04.00' />
  <meta name='ocr-capabilities' content='ocr_page ocr_carea ocr_par ocr_line ocrx_word'/>
</head>
<body>
  <div class='ocr_page' id='page_1' title='image "./manualetotiusju00craigoog_0635.png"; bbox 0 0 2420 3968; ppageno 0'>
   <div class='ocr_carea' id='block_1_1' title="bbox 163 204 912 266">
    <p class='ocr_par' dir='ltr' id='par_1_1' title="bbox 163 204 912 266">
     <span class='ocr_line' id='line_1_1' title="bbox 163 204 912 266; baseline -0.007 -1"><span class='ocrx_word' id='word_1_1' title='bbox 163 204 220 266; x_wconf 75' lang='lat'><strong>628</strong></span> <span class='ocrx_word' id='word_1_2' title='bbox 388 215 522 263; x_wconf 71' lang='lat' dir='ltr'><strong>vunnim</strong></span> <span class='ocrx_word' id='word_1_3' title='bbox 542 215 643 262; x_wconf 84' lang='lat' dir='ltr'><strong>vorrus</strong></span> <span class='ocrx_word' id='word_1_4' title='bbox 662 215 744 262; x_wconf 80' lang='lat' dir='ltr'><strong>annis</strong></span> <span class='ocrx_word' id='word_1_5' title='bbox 764 213 912 261; x_wconf 78' lang='lat' dir='ltr'><strong>clnomcr.</strong></span> 
     </span>
    </p>
   </div>
   <div class='ocr_carea' id='block_1_2' title="bbox 165 314 1154 1392">
    <p class='ocr_par' dir='ltr' id='par_1_2' title="bbox 165 314 1150 668">
     <span class='ocr_line' id='line_1_2' title="bbox 165 314 1150 395; baseline 0.002 -15"><span class='ocrx_word' id='word_1_6' title='bbox 165 343 179 380; x_wconf 79' lang='lat' dir='ltr'><strong>s</strong></span> <span class='ocrx_word' id='word_1_7' title='bbox 202 319 404 395; x_wconf 87' lang='lat' dir='ltr'><strong>similibus...;</strong></span> <span class='ocrx_word' id='word_1_8' title='bbox 421 318 492 380; x_wconf 88' lang='lat' dir='ltr'><strong>item</strong></span> <span class='ocrx_word' id='word_1_9' title='bbox 512 317 597 378; x_wconf 77' lang='lat' dir='ltr'><strong>Ferit</strong></span> <span class='ocrx_word' id='word_1_10' title='bbox 611 317 682 378; x_wconf 70' lang='lat' dir='ltr'><strong>Vin</strong></span> <span class='ocrx_word' id='word_1_11' title='bbox 702 314 791 380; x_wconf 78' lang='lat' dir='ltr'><strong>Coenti</strong></span> <span class='ocrx_word' id='word_1_12' title='bbox 809 315 933 378; x_wconf 68' lang='lat' dir='ltr'><strong>Bonum·</strong></span> <span class='ocrx_word' id='word_1_13' title='bbox 942 363 951 394; x_wconf 94' lang='lat'><strong>,</strong></span> <span class='ocrx_word' id='word_1_14' title='bbox 966 317 1005 380; x_wconf 88' lang='lat' dir='ltr'><strong>ad</strong></span> <span class='ocrx_word' id='word_1_15' title='bbox 1020 317 1150 382; x_wconf 88' lang='lat' dir='ltr'><strong>missam</strong></span> 
     </span>
     <span class='ocr_line' id='line_1_3' title="bbox 166 403 1150 490; baseline 0.004 -22"><span class='ocrx_word' id='word_1_16' title='bbox 166 433 180 468; x_wconf 71' lang='lat' dir='ltr'><strong>s&gt;</strong></span> <span class='ocrx_word' id='word_1_17' title='bbox 206 411 339 482; x_wconf 85' lang='lat' dir='ltr'><strong>tanlirm,</strong></span> <span class='ocrx_word' id='word_1_18' title='bbox 360 415 390 469; x_wconf 83' lang='lat' dir='ltr'><strong>et</strong></span> <span class='ocrx_word' id='word_1_19' title='bbox 413 405 543 470; x_wconf 79' lang='lat' dir='ltr'><strong>Sublato</strong></span> <span class='ocrx_word' id='word_1_20' title='bbox 557 405 668 468; x_wconf 84' lang='lat' dir='ltr'><strong>Sancto</strong></span> <span class='ocrx_word' id='word_1_21' title='bbox 687 403 726 468; x_wconf 86' lang='lat' dir='ltr'><strong>ed</strong></span> <span class='ocrx_word' id='word_1_22' title='bbox 746 405 871 468; x_wconf 88' lang='lat' dir='ltr'><strong>missam</strong></span> <span class='ocrx_word' id='word_1_23' title='bbox 892 411 922 468; x_wconf 85' lang='lat' dir='ltr'><strong>et</strong></span> <span class='ocrx_word' id='word_1_24' title='bbox 942 423 1105 490; x_wconf 87' lang='lat' dir='ltr'><strong>vesperas;</strong></span> <span class='ocrx_word' id='word_1_25' title='bbox 1119 417 1150 472; x_wconf 80' lang='lat' dir='ltr'><strong>et</strong></span> 
     </span>
     <span class='ocr_line' id='line_1_4' title="bbox 166 493 1150 580; baseline 0.005 -23"><span class='ocrx_word' id='word_1_26' title='bbox 166 522 181 557; x_wconf 75' lang='lat' dir='ltr'><strong>s</strong></span> <span class='ocrx_word' id='word_1_27' title='bbox 205 497 467 580; x_wconf 86' lang='lat' dir='ltr'><strong>quandocumque·</strong></span> <span class='ocrx_word' id='word_1_28' title='bbox 477 495 641 560; x_wconf 86' lang='lat' dir='ltr'><strong>occurrerit</strong></span> <span class='ocrx_word' id='word_1_29' title='bbox 664 493 816 558; x_wconf 88' lang='lat' dir='ltr'><strong>celebrare</strong></span> <span class='ocrx_word' id='word_1_30' title='bbox 836 493 1014 559; x_wconf 86' lang='lat' dir='ltr'><strong>solemniter</strong></span> <span class='ocrx_word' id='word_1_31' title='bbox 1031 503 1150 562; x_wconf 84' lang='lat' dir='ltr'><strong>etcum</strong></span> 
     </span>
     <span class='ocr_line' id='line_1_5' title="bbox 167 584 661 668; baseline -0.004 -20"><span class='ocrx_word' id='word_1_32' title='bbox 167 611 181 648; x_wconf 75' lang='lat' dir='ltr'><strong>o</strong></span> <span class='ocrx_word' id='word_1_33' title='bbox 206 586 322 665; x_wconf 76' lang='lat' dir='ltr'><strong>letitie,</strong></span> <span class='ocrx_word' id='word_1_34' title='bbox 338 605 394 668; x_wconf 91' lang='lat' dir='ltr'><strong>pro</strong></span> <span class='ocrx_word' id='word_1_35' title='bbox 407 585 507 666; x_wconf 76' lang='lat' dir='ltr'><strong>aliqui</strong></span> <span class='ocrx_word' id='word_1_36' title='bbox 520 603 553 648; x_wconf 91' lang='lat' dir='ltr'><strong>re</strong></span> <span class='ocrx_word' id='word_1_37' title='bbox 568 584 661 668; x_wconf 74' lang='lat' dir='ltr'><strong>gran.</strong></span> 
     </span>
    </p>

    <p class='ocr_par' dir='ltr' id='par_1_3' title="bbox 169 690 1154 1044">
     <span class='ocr_line' id='line_1_6' title="bbox 205 690 1151 773; baseline 0.002 -19"><span class='ocrx_word' id='word_1_38' title='bbox 205 696 287 757; x_wconf 71' lang='lat' dir='ltr'><strong>rlll.</strong></span> <span class='ocrx_word' id='word_1_39' title='bbox 298 692 554 773; x_wconf 72' lang='lat' dir='ltr'><strong>Quotiescumque</strong></span> <span class='ocrx_word' id='word_1_40' title='bbox 563 690 731 773; x_wconf 82' lang='lat' dir='ltr'><strong>Episcopus</strong></span> <span class='ocrx_word' id='word_1_41' title='bbox 740 690 915 754; x_wconf 86' lang='lat' dir='ltr'><strong>solemniter</strong></span> <span class='ocrx_word' id='word_1_42' title='bbox 928 691 1151 770; x_wconf 87' lang='lat' dir='ltr'><strong>celebraturos,</strong></span> 
     </span>
     <span class='ocr_line' id='line_1_7' title="bbox 169 779 1153 862; baseline -0.004 -15"><span class='ocrx_word' id='word_1_43' title='bbox 169 807 176 836; x_wconf 82' lang='lat'><strong>›</strong></span> <span class='ocrx_word' id='word_1_44' title='bbox 207 791 258 847; x_wconf 88' lang='lat' dir='ltr'><strong>aut</strong></span> <span class='ocrx_word' id='word_1_45' title='bbox 271 783 371 846; x_wconf 79' lang='lat' dir='ltr'><strong>missae</strong></span> <span class='ocrx_word' id='word_1_46' title='bbox 385 782 513 845; x_wconf 84' lang='lat' dir='ltr'><strong>solemni</strong></span> <span class='ocrx_word' id='word_1_47' title='bbox 524 799 578 862; x_wconf 94' lang='lat' dir='ltr'><strong>per</strong></span> <span class='ocrx_word' id='word_1_48' title='bbox 587 779 681 842; x_wconf 91' lang='lat' dir='ltr'><strong>alium</strong></span> <span class='ocrx_word' id='word_1_49' title='bbox 694 779 883 843; x_wconf 83' lang='lat' dir='ltr'><strong>oelebrandae</strong></span> <span class='ocrx_word' id='word_1_50' title='bbox 894 780 927 844; x_wconf 94' lang='lat' dir='ltr'><strong>in</strong></span> <span class='ocrx_word' id='word_1_51' title='bbox 940 779 1026 844; x_wconf 73' lang='lat' dir='ltr'><strong>lastis</strong></span> <span class='ocrx_word' id='word_1_52' title='bbox 1035 782 1153 846; x_wconf 82' lang='lat' dir='ltr'><strong>Solem</strong></span> 
     </span>
     <span class='ocr_line' id='line_1_8' title="bbox 170 867 1154 950; baseline -0.002 -15"><span class='ocrx_word' id='word_1_53' title='bbox 170 897 176 925; x_wconf 83' lang='lat'>›</span> <span class='ocrx_word' id='word_1_54' title='bbox 208 872 345 936; x_wconf 90' lang='lat' dir='ltr'><strong>nioribus</strong></span> <span class='ocrx_word' id='word_1_55' title='bbox 372 871 571 934; x_wconf 76' lang='lat' dir='ltr'><strong>interfuturus</strong></span> <span class='ocrx_word' id='word_1_56' title='bbox 596 868 756 932; x_wconf 88' lang='lat' dir='ltr'><strong>ecclesiam</strong></span> <span class='ocrx_word' id='word_1_57' title='bbox 790 867 979 949; x_wconf 79' lang='lat' dir='ltr'><strong>ingreditur;</strong></span> <span class='ocrx_word' id='word_1_58' title='bbox 1011 876 1089 950; x_wconf 83' lang='lat' dir='ltr'><strong>aut,</strong></span> <span class='ocrx_word' id='word_1_59' title='bbox 1120 889 1154 933; x_wconf 82' lang='lat' dir='ltr'><strong>re</strong></span> 
     </span>
     <span class='ocr_line' id='line_1_9' title="bbox 169 957 1080 1044; baseline -0.001 -19"><span class='ocrx_word' id='word_1_60' title='bbox 169 984 177 1017; x_wconf 87' lang='lat'><strong>›</strong></span> <span class='ocrx_word' id='word_1_61' title='bbox 209 961 309 1025; x_wconf 82' lang='lat' dir='ltr'><strong>divina</strong></span> <span class='ocrx_word' id='word_1_62' title='bbox 321 963 459 1044; x_wconf 85' lang='lat' dir='ltr'><strong>peraottt,</strong></span> <span class='ocrx_word' id='word_1_63' title='bbox 473 958 599 1023; x_wconf 84' lang='lat' dir='ltr'><strong>discedit</strong></span> <span class='ocrx_word' id='word_1_64' title='bbox 611 1005 619 1036; x_wconf 94' lang='lat'><strong>,</strong></span> <span class='ocrx_word' id='word_1_65' title='bbox 630 957 774 1022; x_wconf 87' lang='lat' dir='ltr'><strong>convenit</strong></span> <span class='ocrx_word' id='word_1_66' title='bbox 787 957 900 1041; x_wconf 89' lang='lat' dir='ltr'><strong>pulsari</strong></span> <span class='ocrx_word' id='word_1_67' title='bbox 913 977 1080 1039; x_wconf 73' lang='lat' dir='ltr'><strong>organum.</strong></span> 
     </span>
    </p>

    <p class='ocr_par' dir='ltr' id='par_1_4' title="bbox 165 1055 1153 1392">
     <span class='ocr_line' id='line_1_10' title="bbox 212 1055 1151 1140; baseline 0 -19"><span class='ocrx_word' id='word_1_68' title='bbox 212 1083 226 1121; x_wconf 85' lang='lat' dir='ltr'><strong>o</strong></span> <span class='ocrx_word' id='word_1_69' title='bbox 251 1063 301 1124; x_wconf 86' lang='lat' dir='ltr'><strong>lV.</strong></span> <span class='ocrx_word' id='word_1_70' title='bbox 315 1060 397 1122; x_wconf 90' lang='lat' dir='ltr'><strong>ldem</strong></span> <span class='ocrx_word' id='word_1_71' title='bbox 412 1058 444 1121; x_wconf 89' lang='lat' dir='ltr'><strong>lit</strong></span> <span class='ocrx_word' id='word_1_72' title='bbox 458 1059 491 1120; x_wconf 95' lang='lat' dir='ltr'><strong>in</strong></span> <span class='ocrx_word' id='word_1_73' title='bbox 505 1059 643 1140; x_wconf 82' lang='lat' dir='ltr'><strong>ingressu</strong></span> <span class='ocrx_word' id='word_1_74' title='bbox 657 1057 760 1138; x_wconf 82' lang='lat' dir='ltr'><strong>Legati</strong></span> <span class='ocrx_word' id='word_1_75' title='bbox 774 1055 954 1138; x_wconf 80' lang='lat' dir='ltr'><strong>Apostolioi,</strong></span> <span class='ocrx_word' id='word_1_76' title='bbox 970 1057 1151 1134; x_wconf 77' lang='lat' dir='ltr'><strong>cardinalis,</strong></span> 
     </span>
     <span class='ocr_line' id='line_1_11' title="bbox 165 1145 1153 1232; baseline -0.006 -16"><span class='ocrx_word' id='word_1_77' title='bbox 165 1176 184 1228; x_wconf 70' lang='lat' dir='ltr'><strong>v¹</strong></span> <span class='ocrx_word' id='word_1_78' title='bbox 217 1149 454 1232; x_wconf 87' lang='lat' dir='ltr'><strong>nrchiepisoopi,</strong></span> <span class='ocrx_word' id='word_1_79' title='bbox 469 1153 523 1210; x_wconf 85' lang='lat' dir='ltr'><strong>aut</strong></span> <span class='ocrx_word' id='word_1_80' title='bbox 540 1146 663 1210; x_wconf 89' lang='lat' dir='ltr'><strong>alterius</strong></span> <span class='ocrx_word' id='word_1_81' title='bbox 685 1145 842 1228; x_wconf 86' lang='lat' dir='ltr'><strong>Episcopi,</strong></span> <span class='ocrx_word' id='word_1_82' title='bbox 867 1163 960 1228; x_wconf 90' lang='lat' dir='ltr'><strong>quem</strong></span> <span class='ocrx_word' id='word_1_83' title='bbox 983 1147 1153 1231; x_wconf 85' lang='lat' dir='ltr'><strong>Episeopus</strong></span> 
     </span>
     <span class='ocr_line' id='line_1_12' title="bbox 167 1234 1153 1317; baseline -0.002 -17"><span class='ocrx_word' id='word_1_84' title='bbox 167 1263 180 1300; x_wconf 76' lang='lat' dir='ltr'><strong>v</strong></span> <span class='ocrx_word' id='word_1_85' title='bbox 212 1239 400 1302; x_wconf 71' lang='lat' dir='ltr'><strong>dioecesanus</strong></span> <span class='ocrx_word' id='word_1_86' title='bbox 413 1237 562 1299; x_wconf 89' lang='lat' dir='ltr'><strong>honorare</strong></span> <span class='ocrx_word' id='word_1_87' title='bbox 575 1235 722 1313; x_wconf 88' lang='lat' dir='ltr'><strong>voluerit,</strong></span> <span class='ocrx_word' id='word_1_88' title='bbox 738 1234 838 1298; x_wconf 89' lang='lat' dir='ltr'><strong>donec</strong></span> <span class='ocrx_word' id='word_1_89' title='bbox 852 1234 986 1317; x_wconf 72' lang='lat' dir='ltr'><strong>predicti</strong></span> <span class='ocrx_word' id='word_1_90' title='bbox 1000 1237 1153 1300; x_wconf 83' lang='lat' dir='ltr'><strong>oraverint</strong></span> 
     </span>
     <span class='ocr_line' id='line_1_13' title="bbox 169 1324 662 1392; baseline 0.004 -7"><span class='ocrx_word' id='word_1_91' title='bbox 169 1351 182 1385; x_wconf 76' lang='lat' dir='ltr'><strong>o</strong></span> <span class='ocrx_word' id='word_1_92' title='bbox 212 1336 241 1392; x_wconf 91' lang='lat' dir='ltr'><strong>et</strong></span> <span class='ocrx_word' id='word_1_93' title='bbox 254 1345 302 1390; x_wconf 86' lang='lat' dir='ltr'><strong>res</strong></span> <span class='ocrx_word' id='word_1_94' title='bbox 315 1326 414 1389; x_wconf 90' lang='lat' dir='ltr'><strong>divina</strong></span> <span class='ocrx_word' id='word_1_95' title='bbox 428 1327 466 1388; x_wconf 92' lang='lat' dir='ltr'><strong>sit</strong></span> <span class='ocrx_word' id='word_1_96' title='bbox 480 1324 662 1388; x_wconf 88' lang='lat' dir='ltr'><strong>inchoanda.</strong></span> 
     </span>
    </p>
   </div>
   <div class='ocr_carea' id='block_1_3' title="bbox 119 1426 1207 2335">
    <p class='ocr_par' dir='ltr' id='par_1_5' title="bbox 119 1426 1207 2335">
     <span class='ocr_line' id='line_1_14' title="bbox 211 1426 1154 1510; baseline 0.003 -20"><span class='ocrx_word' id='word_1_97' title='bbox 211 1453 227 1490; x_wconf 79' lang='lat' dir='ltr'><strong>n</strong></span> <span class='ocrx_word' id='word_1_98' title='bbox 253 1431 288 1490; x_wconf 91' lang='lat' dir='ltr'><strong>V.</strong></span> <span class='ocrx_word' id='word_1_99' title='bbox 304 1431 338 1492; x_wconf 96' lang='lat' dir='ltr'><strong>ln</strong></span> <span class='ocrx_word' id='word_1_100' title='bbox 357 1427 512 1492; x_wconf 78' lang='lat' dir='ltr'><strong>matutinis</strong></span> <span class='ocrx_word' id='word_1_101' title='bbox 530 1446 600 1510; x_wconf 90' lang='lat' dir='ltr'><strong>quae</strong></span> <span class='ocrx_word' id='word_1_102' title='bbox 618 1426 793 1490; x_wconf 89' lang='lat' dir='ltr'><strong>solemniter</strong></span> <span class='ocrx_word' id='word_1_103' title='bbox 806 1429 998 1493; x_wconf 82' lang='lat' dir='ltr'><strong>celebrantur</strong></span> <span class='ocrx_word' id='word_1_104' title='bbox 1011 1429 1043 1492; x_wconf 93' lang='lat' dir='ltr'><strong>in</strong></span> <span class='ocrx_word' id='word_1_105' title='bbox 1059 1431 1154 1493; x_wconf 84' lang='lat' dir='ltr'><strong>Festis</strong></span> 
     </span>
     <span class='ocr_line' id='line_1_15' title="bbox 173 1516 1207 1603; baseline 0.004 -25"><span class='ocrx_word' id='word_1_106' title='bbox 173 1544 187 1578; x_wconf 79' lang='lat' dir='ltr'><strong>n</strong></span> <span class='ocrx_word' id='word_1_107' title='bbox 211 1517 393 1598; x_wconf 79' lang='lat' dir='ltr'><strong>Maioribus,</strong></span> <span class='ocrx_word' id='word_1_108' title='bbox 408 1522 535 1598; x_wconf 86' lang='lat' dir='ltr'><strong>possunt</strong></span> <span class='ocrx_word' id='word_1_109' title='bbox 549 1516 661 1598; x_wconf 86' lang='lat' dir='ltr'><strong>pulsari</strong></span> <span class='ocrx_word' id='word_1_110' title='bbox 671 1535 785 1598; x_wconf 84' lang='lat' dir='ltr'><strong>organa</strong></span> <span class='ocrx_word' id='word_1_111' title='bbox 795 1566 804 1597; x_wconf 92' lang='lat'><strong>,</strong></span> <span class='ocrx_word' id='word_1_112' title='bbox 815 1525 906 1601; x_wconf 89' lang='lat' dir='ltr'><strong>pmut</strong></span> <span class='ocrx_word' id='word_1_113' title='bbox 918 1526 948 1581; x_wconf 90' lang='lat' dir='ltr'><strong>et</strong></span> <span class='ocrx_word' id='word_1_114' title='bbox 961 1519 994 1582; x_wconf 94' lang='lat' dir='ltr'><strong>in</strong></span> <span class='ocrx_word' id='word_1_115' title='bbox 1008 1523 1152 1603; x_wconf 83' lang='lat' dir='ltr'><strong>vesperis,</strong></span> <span class='ocrx_word' id='word_1_116' title='bbox 1206 1537 1207 1598; x_wconf 63' lang='lat' dir='ltr'><strong>y</strong></span> 
     </span>
     <span class='ocr_line' id='line_1_16' title="bbox 176 1605 551 1690; baseline -0.008 -22"><span class='ocrx_word' id='word_1_117' title='bbox 176 1633 188 1668; x_wconf 79' lang='lat' dir='ltr'><strong>o</strong></span> <span class='ocrx_word' id='word_1_118' title='bbox 213 1606 389 1690; x_wconf 80' lang='lat' dir='ltr'><strong>aprincipio</strong></span> <span class='ocrx_word' id='word_1_119' title='bbox 403 1605 551 1689; x_wconf 91' lang='lat' dir='ltr'><strong>ipsorum.</strong></span> 
     </span>
     <span class='ocr_line' id='line_1_17' title="bbox 157 1707 1154 1797; baseline 0.004 -21"><span class='ocrx_word' id='word_1_120' title='bbox 157 1707 161 1714; x_wconf 80' lang='grc'><strong>’</strong></span> <span class='ocrx_word' id='word_1_121' title='bbox 214 1737 230 1776; x_wconf 74' lang='lat' dir='ltr'><strong>a</strong></span> <span class='ocrx_word' id='word_1_122' title='bbox 253 1716 304 1776; x_wconf 84' lang='lat' dir='ltr'><strong>Vl.</strong></span> <span class='ocrx_word' id='word_1_123' title='bbox 319 1713 469 1796; x_wconf 79' lang='lat' dir='ltr'><strong>Regulare</strong></span> <span class='ocrx_word' id='word_1_124' title='bbox 482 1718 544 1792; x_wconf 81' lang='lat' dir='ltr'><strong>est,</strong></span> <span class='ocrx_word' id='word_1_125' title='bbox 560 1714 621 1776; x_wconf 88' lang='lat' dir='ltr'><strong>sive</strong></span> <span class='ocrx_word' id='word_1_126' title='bbox 635 1711 771 1796; x_wconf 83' lang='lat' dir='ltr'><strong>Vesperis</strong></span> <span class='ocrx_word' id='word_1_127' title='bbox 785 1714 847 1778; x_wconf 90' lang='lat' dir='ltr'><strong>sive</strong></span> <span class='ocrx_word' id='word_1_128' title='bbox 860 1715 893 1779; x_wconf 94' lang='lat' dir='ltr'><strong>in</strong></span> <span class='ocrx_word' id='word_1_129' title='bbox 902 1717 1079 1797; x_wconf 87' lang='lat' dir='ltr'><strong>blatutinis,</strong></span> <span class='ocrx_word' id='word_1_130' title='bbox 1094 1719 1154 1782; x_wconf 85' lang='lat' dir='ltr'><strong>sive</strong></span> 
     </span>
     <span class='ocr_line' id='line_1_18' title="bbox 176 1803 1154 1888; baseline 0.002 -22"><span class='ocrx_word' id='word_1_131' title='bbox 176 1829 198 1882; x_wconf 51' lang='lat' dir='ltr'><strong>n,</strong></span> <span class='ocrx_word' id='word_1_132' title='bbox 216 1805 247 1867; x_wconf 92' lang='lat' dir='ltr'><strong>in</strong></span> <span class='ocrx_word' id='word_1_133' title='bbox 262 1804 364 1880; x_wconf 79' lang='lat' dir='ltr'><strong>misal,</strong></span> <span class='ocrx_word' id='word_1_134' title='bbox 376 1809 410 1867; x_wconf 92' lang='lat' dir='ltr'><strong>ut</strong></span> <span class='ocrx_word' id='word_1_135' title='bbox 419 1803 536 1886; x_wconf 90' lang='lat' dir='ltr'><strong>primus</strong></span> <span class='ocrx_word' id='word_1_136' title='bbox 549 1819 652 1864; x_wconf 90' lang='lat' dir='ltr'><strong>versus</strong></span> <span class='ocrx_word' id='word_1_137' title='bbox 665 1803 860 1866; x_wconf 87' lang='lat' dir='ltr'><strong>Cantioorum</strong></span> <span class='ocrx_word' id='word_1_138' title='bbox 869 1805 1114 1888; x_wconf 85' lang='lat' dir='ltr'><strong>etllymnorum,</strong></span> <span class='ocrx_word' id='word_1_139' title='bbox 1124 1815 1154 1870; x_wconf 86' lang='lat' dir='ltr'><strong>et</strong></span> 
     </span>
     <span class='ocr_line' id='line_1_19' title="bbox 175 1889 1151 1976; baseline 0.005 -21"><span class='ocrx_word' id='word_1_140' title='bbox 175 1919 191 1955; x_wconf 79' lang='lat' dir='ltr'><strong>o</strong></span> <span class='ocrx_word' id='word_1_141' title='bbox 216 1895 325 1976; x_wconf 81' lang='lat' dir='ltr'><strong>pariter</strong></span> <span class='ocrx_word' id='word_1_142' title='bbox 339 1911 442 1957; x_wconf 90' lang='lat' dir='ltr'><strong>versus</strong></span> <span class='ocrx_word' id='word_1_143' title='bbox 453 1892 636 1974; x_wconf 82' lang='lat' dir='ltr'><strong>hymnorum</strong></span> <span class='ocrx_word' id='word_1_144' title='bbox 647 1889 679 1952; x_wconf 94' lang='lat' dir='ltr'><strong>in</strong></span> <span class='ocrx_word' id='word_1_145' title='bbox 694 1891 805 1973; x_wconf 90' lang='lat' dir='ltr'><strong>quibus</strong></span> <span class='ocrx_word' id='word_1_146' title='bbox 819 1895 1088 1976; x_wconf 78' lang='lat' dir='ltr'><strong>genuflectendum</strong></span> <span class='ocrx_word' id='word_1_147' title='bbox 1097 1905 1151 1974; x_wconf 87' lang='lat' dir='ltr'><strong>est,</strong></span> 
     </span>
     <span class='ocr_line' id='line_1_20' title="bbox 177 1979 1151 2064; baseline 0.006 -22"><span class='ocrx_word' id='word_1_148' title='bbox 177 2007 192 2042; x_wconf 80' lang='lat' dir='ltr'><strong>n</strong></span> <span class='ocrx_word' id='word_1_149' title='bbox 216 1981 314 2064; x_wconf 88' lang='lat' dir='ltr'><strong>qualis</strong></span> <span class='ocrx_word' id='word_1_150' title='bbox 329 1987 375 2044; x_wconf 89' lang='lat' dir='ltr'><strong>est</strong></span> <span class='ocrx_word' id='word_1_151' title='bbox 387 1981 551 2046; x_wconf 86' lang='lat' dir='ltr'><strong>versiculus</strong></span> <span class='ocrx_word' id='word_1_152' title='bbox 569 1979 607 2044; x_wconf 89' lang='lat' dir='ltr'><strong>Te</strong></span> <span class='ocrx_word' id='word_1_153' title='bbox 618 2000 703 2062; x_wconf 75' lang='lat' dir='ltr'><strong>erpo,</strong></span> <span class='ocrx_word' id='word_1_154' title='bbox 719 1999 891 2063; x_wconf 74' lang='lat' dir='ltr'><strong>quesumus,</strong></span> <span class='ocrx_word' id='word_1_155' title='bbox 908 1989 1010 2063; x_wconf 90' lang='lat' dir='ltr'><strong>etc...,</strong></span> <span class='ocrx_word' id='word_1_156' title='bbox 1030 1985 1151 2048; x_wconf 76' lang='lat' dir='ltr'><strong>Tuntwn</strong></span> 
     </span>
     <span class='ocr_line' id='line_1_21' title="bbox 179 2071 1151 2152; baseline 0.006 -21"><span class='ocrx_word' id='word_1_157' title='bbox 179 2097 192 2131; x_wconf 79' lang='lat' dir='ltr'><strong>o</strong></span> <span class='ocrx_word' id='word_1_158' title='bbox 216 2091 304 2152; x_wconf 78' lang='lat' dir='ltr'><strong>erpo,-</strong></span> <span class='ocrx_word' id='word_1_159' title='bbox 318 2075 390 2148; x_wconf 79' lang='lat' dir='ltr'><strong>eto,</strong></span> <span class='ocrx_word' id='word_1_160' title='bbox 405 2077 435 2132; x_wconf 88' lang='lat' dir='ltr'><strong>et</strong></span> <span class='ocrx_word' id='word_1_161' title='bbox 448 2071 577 2148; x_wconf 90' lang='lat' dir='ltr'><strong>similes,</strong></span> <span class='ocrx_word' id='word_1_162' title='bbox 591 2072 785 2133; x_wconf 79' lang='lat' dir='ltr'><strong>cantentura</strong></span> <span class='ocrx_word' id='word_1_163' title='bbox 801 2071 894 2136; x_wconf 90' lang='lat' dir='ltr'><strong>choro</strong></span> <span class='ocrx_word' id='word_1_164' title='bbox 908 2074 941 2135; x_wconf 92' lang='lat' dir='ltr'><strong>in</strong></span> <span class='ocrx_word' id='word_1_165' title='bbox 961 2080 1036 2136; x_wconf 87' lang='lat' dir='ltr'><strong>tono</strong></span> <span class='ocrx_word' id='word_1_166' title='bbox 1050 2075 1151 2140; x_wconf 80' lang='lat' dir='ltr'><strong>intelli</strong></span> 
     </span>
     <span class='ocr_line' id='line_1_22' title="bbox 119 2159 1146 2242; baseline 0.009 -25"><span class='ocrx_word' id='word_1_167' title='bbox 119 2199 124 2208; x_wconf 83' lang='lat'><em>-</em></span> <span class='ocrx_word' id='word_1_168' title='bbox 178 2182 193 2218; x_wconf 72' lang='lat' dir='ltr'><strong>o</strong></span> <span class='ocrx_word' id='word_1_169' title='bbox 218 2159 317 2240; x_wconf 81' lang='lat' dir='ltr'><strong>giblii,</strong></span> <span class='ocrx_word' id='word_1_170' title='bbox 334 2177 396 2220; x_wconf 93' lang='lat' dir='ltr'><strong>non</strong></span> <span class='ocrx_word' id='word_1_171' title='bbox 414 2165 516 2221; x_wconf 89' lang='lat' dir='ltr'><strong>autem</strong></span> <span class='ocrx_word' id='word_1_172' title='bbox 530 2159 569 2222; x_wconf 90' lang='lat' dir='ltr'><strong>ab</strong></span> <span class='ocrx_word' id='word_1_173' title='bbox 586 2177 702 2242; x_wconf 81' lang='lat' dir='ltr'><strong>organo</strong></span> <span class='ocrx_word' id='word_1_174' title='bbox 718 2181 725 2220; x_wconf 91' lang='lat'><strong>:</strong></span> <span class='ocrx_word' id='word_1_175' title='bbox 740 2160 783 2224; x_wconf 89' lang='lat' dir='ltr'><strong>sio</strong></span> <span class='ocrx_word' id='word_1_176' title='bbox 797 2161 888 2224; x_wconf 84' lang='lat' dir='ltr'><strong>etism</strong></span> <span class='ocrx_word' id='word_1_177' title='bbox 901 2165 1070 2228; x_wconf 85' lang='lat' dir='ltr'><strong>versiculus</strong></span> <span class='ocrx_word' id='word_1_178' title='bbox 1085 2165 1146 2231; x_wconf 78' lang='lat' dir='ltr'><strong>Gle-</strong></span> 
     </span>
     <span class='ocr_line' id='line_1_23' title="bbox 178 2245 1141 2335; baseline 0.006 -27"><span class='ocrx_word' id='word_1_179' title='bbox 178 2273 193 2308; x_wconf 75' lang='lat' dir='ltr'><strong>n</strong></span> <span class='ocrx_word' id='word_1_180' title='bbox 218 2249 267 2308; x_wconf 83' lang='lat' dir='ltr'><strong>rio</strong></span> <span class='ocrx_word' id='word_1_181' title='bbox 282 2245 387 2326; x_wconf 83' lang='lat' dir='ltr'><strong>Petri,</strong></span> <span class='ocrx_word' id='word_1_182' title='bbox 403 2251 474 2326; x_wconf 78' lang='lat' dir='ltr'><strong>etc,</strong></span> <span class='ocrx_word' id='word_1_183' title='bbox 489 2247 606 2311; x_wconf 85' lang='lat' dir='ltr'><strong>etiamsi</strong></span> <span class='ocrx_word' id='word_1_184' title='bbox 616 2245 782 2312; x_wconf 90' lang='lat' dir='ltr'><strong>versiculus</strong></span> <span class='ocrx_word' id='word_1_185' title='bbox 796 2249 970 2316; x_wconf 74' lang='lat' dir='ltr'><strong>immediata</strong></span> <span class='ocrx_word' id='word_1_186' title='bbox 980 2256 1141 2335; x_wconf 73' lang='lat' dir='ltr'><strong>precedens</strong></span> 
     </span>
    </p>
   </div>
   <div class='ocr_carea' id='block_1_4' title="bbox 180 2336 1147 2508">
    <p class='ocr_par' dir='ltr' id='par_1_6' title="bbox 180 2336 1147 2508">
     <span class='ocr_line' id='line_1_24' title="bbox 180 2336 1147 2420; baseline 0.006 -22"><span class='ocrx_word' id='word_1_187' title='bbox 180 2361 194 2398; x_wconf 85' lang='lat' dir='ltr'><strong>o</strong></span> <span class='ocrx_word' id='word_1_188' title='bbox 220 2337 309 2400; x_wconf 85' lang='lat' dir='ltr'><strong>luerit</strong></span> <span class='ocrx_word' id='word_1_189' title='bbox 334 2338 352 2398; x_wconf 82' lang='lat' dir='ltr'><strong>a</strong></span> <span class='ocrx_word' id='word_1_190' title='bbox 375 2336 469 2399; x_wconf 92' lang='lat' dir='ltr'><strong>choro</strong></span> <span class='ocrx_word' id='word_1_191' title='bbox 491 2337 602 2420; x_wconf 89' lang='lat' dir='ltr'><strong>pariter</strong></span> <span class='ocrx_word' id='word_1_192' title='bbox 628 2337 822 2416; x_wconf 89' lang='lat' dir='ltr'><strong>decantatus;</strong></span> <span class='ocrx_word' id='word_1_193' title='bbox 850 2339 933 2403; x_wconf 87' lang='lat' dir='ltr'><strong>idem</strong></span> <span class='ocrx_word' id='word_1_194' title='bbox 959 2349 1096 2408; x_wconf 80' lang='lat' dir='ltr'><strong>servatrrr</strong></span> <span class='ocrx_word' id='word_1_195' title='bbox 1116 2343 1147 2405; x_wconf 90' lang='lat' dir='ltr'><strong>in</strong></span> 
     </span>
     <span class='ocr_line' id='line_1_25' title="bbox 180 2425 692 2508; baseline 0 -20"><span class='ocrx_word' id='word_1_196' title='bbox 180 2451 195 2488; x_wconf 88' lang='lat' dir='ltr'><strong>n</strong></span> <span class='ocrx_word' id='word_1_197' title='bbox 219 2426 334 2490; x_wconf 87' lang='lat' dir='ltr'><strong>ultimis</strong></span> <span class='ocrx_word' id='word_1_198' title='bbox 347 2425 483 2490; x_wconf 87' lang='lat' dir='ltr'><strong>versibus</strong></span> <span class='ocrx_word' id='word_1_199' title='bbox 496 2425 692 2508; x_wconf 84' lang='lat' dir='ltr'><strong>hymnorum.</strong></span> 
     </span>
    </p>
   </div>
   <div class='ocr_carea' id='block_1_5' title="bbox 132 2533 1205 3508">
    <p class='ocr_par' dir='ltr' id='par_1_7' title="bbox 132 2533 1205 3508">
     <span class='ocr_line' id='line_1_26' title="bbox 132 2533 1151 2620; baseline 0.01 -26"><span class='ocrx_word' id='word_1_200' title='bbox 132 2537 147 2582; x_wconf 63' lang='grc' dir='ltr'><em>Ἀ</em></span> <span class='ocrx_word' id='word_1_201' title='bbox 206 2536 378 2608; x_wconf 59' lang='grc' dir='ltr'><strong>.»Ν11.·Ιι,ι</strong></span> <span class='ocrx_word' id='word_1_202' title='bbox 395 2534 462 2596; x_wconf 93' lang='lat' dir='ltr'><strong>aliis</strong></span> <span class='ocrx_word' id='word_1_203' title='bbox 485 2539 586 2597; x_wconf 91' lang='lat' dir='ltr'><strong>autem</strong></span> <span class='ocrx_word' id='word_1_204' title='bbox 608 2533 691 2597; x_wconf 92' lang='lat' dir='ltr'><strong>boris</strong></span> <span class='ocrx_word' id='word_1_205' title='bbox 713 2535 985 2620; x_wconf 63' lang='lat' dir='ltr'><strong>canonicusque</strong></span> <span class='ocrx_word' id='word_1_206' title='bbox 1009 2541 1042 2604; x_wconf 85' lang='lat' dir='ltr'><strong>in</strong></span> <span class='ocrx_word' id='word_1_207' title='bbox 1064 2541 1151 2607; x_wconf 86' lang='lat' dir='ltr'><strong>choro</strong></span> 
     </span>
     <span class='ocr_line' id='line_1_27' title="bbox 184 2625 1150 2713; baseline 0.011 -30"><span class='ocrx_word' id='word_1_208' title='bbox 184 2651 197 2685; x_wconf 80' lang='lat' dir='ltr'><strong>n</strong></span> <span class='ocrx_word' id='word_1_209' title='bbox 221 2625 405 2703; x_wconf 82' lang='lat' dir='ltr'><strong>recitantur„</strong></span> <span class='ocrx_word' id='word_1_210' title='bbox 427 2642 489 2686; x_wconf 95' lang='lat' dir='ltr'><strong>non</strong></span> <span class='ocrx_word' id='word_1_211' title='bbox 508 2630 553 2686; x_wconf 87' lang='lat' dir='ltr'><strong>est</strong></span> <span class='ocrx_word' id='word_1_212' title='bbox 572 2630 753 2687; x_wconf 86' lang='lat' dir='ltr'><strong>consuetum</strong></span> <span class='ocrx_word' id='word_1_213' title='bbox 772 2625 966 2708; x_wconf 86' lang='lat' dir='ltr'><strong>interponere</strong></span> <span class='ocrx_word' id='word_1_214' title='bbox 988 2647 1150 2713; x_wconf 75' lang='lat' dir='ltr'><strong>organum,</strong></span> 
     </span>
     <span class='ocr_line' id='line_1_28' title="bbox 184 2713 1149 2805; baseline 0.009 -28"><span class='ocrx_word' id='word_1_215' title='bbox 184 2743 197 2777; x_wconf 80' lang='lat' dir='ltr'><strong>o</strong></span> <span class='ocrx_word' id='word_1_216' title='bbox 223 2715 277 2780; x_wconf 88' lang='lat' dir='ltr'><strong>sed</strong></span> <span class='ocrx_word' id='word_1_217' title='bbox 290 2715 314 2778; x_wconf 91' lang='lat' dir='ltr'><strong>si</strong></span> <span class='ocrx_word' id='word_1_218' title='bbox 329 2716 361 2778; x_wconf 95' lang='lat' dir='ltr'><strong>in</strong></span> <span class='ocrx_word' id='word_1_219' title='bbox 375 2713 525 2794; x_wconf 81' lang='lat' dir='ltr'><strong>aliquibus</strong></span> <span class='ocrx_word' id='word_1_220' title='bbox 536 2713 608 2775; x_wconf 91' lang='lat' dir='ltr'><strong>locis</strong></span> <span class='ocrx_word' id='word_1_221' title='bbox 617 2720 797 2777; x_wconf 89' lang='lat' dir='ltr'><strong>consuetum</strong></span> <span class='ocrx_word' id='word_1_222' title='bbox 811 2723 889 2779; x_wconf 88' lang='lat' dir='ltr'><strong>esset</strong></span> <span class='ocrx_word' id='word_1_223' title='bbox 902 2735 1018 2800; x_wconf 81' lang='lat' dir='ltr'><strong>organa</strong></span> <span class='ocrx_word' id='word_1_224' title='bbox 1032 2723 1149 2805; x_wconf 85' lang='lat' dir='ltr'><strong>pulsuri,</strong></span> 
     </span>
     <span class='ocr_line' id='line_1_29' title="bbox 184 2803 1150 2890; baseline 0.007 -26"><span class='ocrx_word' id='word_1_225' title='bbox 184 2833 198 2864; x_wconf 77' lang='lat' dir='ltr'><strong>n</strong></span> <span class='ocrx_word' id='word_1_226' title='bbox 222 2807 313 2868; x_wconf 88' lang='lat' dir='ltr'><strong>etiam</strong></span> <span class='ocrx_word' id='word_1_227' title='bbox 333 2805 411 2866; x_wconf 86' lang='lat' dir='ltr'><strong>inter</strong></span> <span class='ocrx_word' id='word_1_228' title='bbox 425 2803 513 2864; x_wconf 88' lang='lat' dir='ltr'><strong>horas</strong></span> <span class='ocrx_word' id='word_1_229' title='bbox 530 2803 707 2882; x_wconf 88' lang='lat' dir='ltr'><strong>canonicas,</strong></span> <span class='ocrx_word' id='word_1_230' title='bbox 722 2811 774 2866; x_wconf 90' lang='lat' dir='ltr'><strong>aut</strong></span> <span class='ocrx_word' id='word_1_231' title='bbox 792 2803 908 2887; x_wconf 89' lang='lat' dir='ltr'><strong>aliquas</strong></span> <span class='ocrx_word' id='word_1_232' title='bbox 921 2825 1052 2890; x_wconf 85' lang='lat' dir='ltr'><strong>eorum,</strong></span> <span class='ocrx_word' id='word_1_233' title='bbox 1068 2819 1101 2876; x_wconf 91' lang='lat' dir='ltr'><strong>ut</strong></span> <span class='ocrx_word' id='word_1_234' title='bbox 1112 2820 1150 2874; x_wconf 81' lang='lat' dir='ltr'><strong>est</strong></span> 
     </span>
     <span class='ocr_line' id='line_1_30' title="bbox 185 2891 1149 2984; baseline 0.013 -32"><span class='ocrx_word' id='word_1_235' title='bbox 185 2895 297 2958; x_wconf 68' lang='lat' dir='ltr'><strong>n&#39;hora</strong></span> <span class='ocrx_word' id='word_1_236' title='bbox 309 2895 413 2971; x_wconf 90' lang='lat' dir='ltr'><strong>tertia,</strong></span> <span class='ocrx_word' id='word_1_237' title='bbox 429 2891 594 2976; x_wconf 75' lang='lat' dir='ltr'><strong>praesertim</strong></span> <span class='ocrx_word' id='word_1_238' title='bbox 612 2891 735 2974; x_wconf 89' lang='lat' dir='ltr'><strong>quando</strong></span> <span class='ocrx_word' id='word_1_239' title='bbox 748 2899 885 2956; x_wconf 89' lang='lat' dir='ltr'><strong>cantatur</strong></span> <span class='ocrx_word' id='word_1_240' title='bbox 900 2895 976 2960; x_wconf 93' lang='lat' dir='ltr'><strong>dum</strong></span> <span class='ocrx_word' id='word_1_241' title='bbox 990 2899 1149 2984; x_wconf 87' lang='lat' dir='ltr'><strong>Episcopus</strong></span> 
     </span>
     <span class='ocr_line' id='line_1_31' title="bbox 185 2981 1148 3074; baseline 0.011 -34"><span class='ocrx_word' id='word_1_242' title='bbox 185 3008 199 3041; x_wconf 81' lang='lat' dir='ltr'><strong>n</strong></span> <span class='ocrx_word' id='word_1_243' title='bbox 223 2981 397 3045; x_wconf 89' lang='lat' dir='ltr'><strong>solemniter</strong></span> <span class='ocrx_word' id='word_1_244' title='bbox 419 2982 622 3044; x_wconf 88' lang='lat' dir='ltr'><strong>celebraturus</strong></span> <span class='ocrx_word' id='word_1_245' title='bbox 645 2982 724 3063; x_wconf 87' lang='lat' dir='ltr'><strong>capit</strong></span> <span class='ocrx_word' id='word_1_246' title='bbox 745 2999 830 3048; x_wconf 88' lang='lat' dir='ltr'><strong>sacra</strong></span> <span class='ocrx_word' id='word_1_247' title='bbox 849 2994 1045 3068; x_wconf 88' lang='lat' dir='ltr'><strong>paramenta,</strong></span> <span class='ocrx_word' id='word_1_248' title='bbox 1072 2997 1148 3074; x_wconf 86' lang='lat' dir='ltr'><strong>pote·</strong></span> 
     </span>
     <span class='ocr_line' id='line_1_32' title="bbox 186 3065 1205 3155; baseline 0.01 -26"><span class='ocrx_word' id='word_1_249' title='bbox 186 3095 199 3130; x_wconf 77' lang='lat' dir='ltr'><strong>n</strong></span> <span class='ocrx_word' id='word_1_250' title='bbox 224 3071 263 3132; x_wconf 87' lang='lat' dir='ltr'><strong>rit</strong></span> <span class='ocrx_word' id='word_1_251' title='bbox 284 3067 351 3130; x_wconf 75' lang='lat' dir='ltr'><strong>talis</strong></span> <span class='ocrx_word' id='word_1_252' title='bbox 369 3065 556 3134; x_wconf 87' lang='lat' dir='ltr'><strong>consuetudo</strong></span> <span class='ocrx_word' id='word_1_253' title='bbox 571 3071 697 3148; x_wconf 88' lang='lat' dir='ltr'><strong>servari;</strong></span> <span class='ocrx_word' id='word_1_254' title='bbox 720 3071 773 3134; x_wconf 85' lang='lat' dir='ltr'><strong>sed</strong></span> <span class='ocrx_word' id='word_1_255' title='bbox 792 3070 1010 3139; x_wconf 86' lang='lat' dir='ltr'><strong>advertendum</strong></span> <span class='ocrx_word' id='word_1_256' title='bbox 1030 3081 1086 3142; x_wconf 91' lang='lat' dir='ltr'><strong>crit</strong></span> <span class='ocrx_word' id='word_1_257' title='bbox 1102 3089 1147 3155; x_wconf 89' lang='lat' dir='ltr'><strong>nl,</strong></span> <span class='ocrx_word' id='word_1_258' title='bbox 1204 3137 1205 3154; x_wconf 62' lang='lat'><strong>,</strong></span> 
     </span>
     <span class='ocr_line' id='line_1_33' title="bbox 186 3156 1148 3247; baseline 0.011 -31"><span class='ocrx_word' id='word_1_259' title='bbox 186 3184 200 3218; x_wconf 78' lang='lat' dir='ltr'><strong>n</strong></span> <span class='ocrx_word' id='word_1_260' title='bbox 224 3156 478 3241; x_wconf 88' lang='lat' dir='ltr'><strong>quandocumque</strong></span> <span class='ocrx_word' id='word_1_261' title='bbox 498 3178 552 3241; x_wconf 90' lang='lat' dir='ltr'><strong>per</strong></span> <span class='ocrx_word' id='word_1_262' title='bbox 571 3177 721 3241; x_wconf 82' lang='lat' dir='ltr'><strong>organum</strong></span> <span class='ocrx_word' id='word_1_263' title='bbox 745 3161 892 3242; x_wconf 78' lang='lat' dir='ltr'><strong>liguratur</strong></span> <span class='ocrx_word' id='word_1_264' title='bbox 911 3163 1026 3247; x_wconf 80' lang='lat' dir='ltr'><strong>aliquid</strong></span> <span class='ocrx_word' id='word_1_265' title='bbox 1045 3169 1148 3232; x_wconf 84' lang='lat' dir='ltr'><strong>canturi</strong></span> 
     </span>
     <span class='ocr_line' id='line_1_34' title="bbox 186 3245 1149 3332; baseline 0.018 -30"><span class='ocrx_word' id='word_1_266' title='bbox 186 3271 200 3302; x_wconf 84' lang='lat'>»</span> <span class='ocrx_word' id='word_1_267' title='bbox 224 3265 278 3308; x_wconf 89' lang='lat' dir='ltr'><strong>seu</strong></span> <span class='ocrx_word' id='word_1_268' title='bbox 292 3245 467 3326; x_wconf 90' lang='lat' dir='ltr'><strong>responderi</strong></span> <span class='ocrx_word' id='word_1_269' title='bbox 482 3248 650 3309; x_wconf 84' lang='lat' dir='ltr'><strong>alternatim</strong></span> <span class='ocrx_word' id='word_1_270' title='bbox 659 3248 813 3312; x_wconf 87' lang='lat' dir='ltr'><strong>versieulis</strong></span> <span class='ocrx_word' id='word_1_271' title='bbox 825 3249 1011 3332; x_wconf 85' lang='lat' dir='ltr'><strong>hymnorum</strong></span> <span class='ocrx_word' id='word_1_272' title='bbox 1025 3267 1076 3321; x_wconf 89' lang='lat' dir='ltr'><strong>aut</strong></span> <span class='ocrx_word' id='word_1_273' title='bbox 1087 3277 1149 3320; x_wconf 88' lang='lat' dir='ltr'><strong>can-</strong></span> 
     </span>
     <span class='ocr_line' id='line_1_35' title="bbox 187 3329 1147 3427; baseline 0.024 -43"><span class='ocrx_word' id='word_1_274' title='bbox 187 3357 200 3396; x_wconf 81' lang='lat' dir='ltr'><strong>o</strong></span> <span class='ocrx_word' id='word_1_275' title='bbox 225 3329 371 3408; x_wconf 88' lang='lat' dir='ltr'><strong>tieoruin,</strong></span> <span class='ocrx_word' id='word_1_276' title='bbox 391 3334 429 3394; x_wconf 92' lang='lat' dir='ltr'><strong>ab</strong></span> <span class='ocrx_word' id='word_1_277' title='bbox 452 3335 552 3415; x_wconf 84' lang='lat' dir='ltr'><strong>aliquo</strong></span> <span class='ocrx_word' id='word_1_278' title='bbox 574 3336 613 3398; x_wconf 92' lang='lat' dir='ltr'><strong>de</strong></span> <span class='ocrx_word' id='word_1_279' title='bbox 626 3337 719 3400; x_wconf 87' lang='lat' dir='ltr'><strong>cbom</strong></span> <span class='ocrx_word' id='word_1_280' title='bbox 740 3339 919 3422; x_wconf 83' lang='lat' dir='ltr'><strong>intelligibili</strong></span> <span class='ocrx_word' id='word_1_281' title='bbox 935 3361 1008 3408; x_wconf 87' lang='lat' dir='ltr'><strong>voce</strong></span> <span class='ocrx_word' id='word_1_282' title='bbox 1026 3365 1147 3427; x_wconf 87' lang='lat' dir='ltr'><strong>pronun·</strong></span> 
     </span>
     <span class='ocr_line' id='line_1_36' title="bbox 186 3419 987 3508; baseline 0.026 -35"><span class='ocrx_word' id='word_1_283' title='bbox 186 3444 200 3475; x_wconf 76' lang='lat' dir='ltr'><strong>n</strong></span> <span class='ocrx_word' id='word_1_284' title='bbox 225 3419 313 3480; x_wconf 89' lang='lat' dir='ltr'><strong>tietur</strong></span> <span class='ocrx_word' id='word_1_285' title='bbox 328 3419 356 3479; x_wconf 92' lang='lat' dir='ltr'><strong>id</strong></span> <span class='ocrx_word' id='word_1_286' title='bbox 371 3421 452 3501; x_wconf 88' lang='lat' dir='ltr'><strong>quod</strong></span> <span class='ocrx_word' id='word_1_287' title='bbox 466 3421 504 3483; x_wconf 95' lang='lat' dir='ltr'><strong>ab</strong></span> <span class='ocrx_word' id='word_1_288' title='bbox 518 3441 632 3503; x_wconf 82' lang='lat' dir='ltr'><strong>organo</strong></span> <span class='ocrx_word' id='word_1_289' title='bbox 646 3425 894 3508; x_wconf 83' lang='lat' dir='ltr'><strong>respondendum</strong></span> <span class='ocrx_word' id='word_1_290' title='bbox 904 3437 987 3498; x_wconf 87' lang='lat' dir='ltr'><strong>est...</strong></span> 
     </span>
    </p>
   </div>
   <div class='ocr_carea' id='block_1_6' title="bbox 114 3513 1146 3702">
    <p class='ocr_par' dir='ltr' id='par_1_8' title="bbox 114 3513 1146 3702">
     <span class='ocr_line' id='line_1_37' title="bbox 225 3513 1146 3609; baseline 0.024 -37"><span class='ocrx_word' id='word_1_291' title='bbox 225 3535 240 3572; x_wconf 84' lang='lat' dir='ltr'><strong>n</strong></span> <span class='ocrx_word' id='word_1_292' title='bbox 264 3513 339 3576; x_wconf 88' lang='lat' dir='ltr'><strong>Vlll.</strong></span> <span class='ocrx_word' id='word_1_293' title='bbox 354 3517 388 3574; x_wconf 93' lang='lat' dir='ltr'><strong>ln</strong></span> <span class='ocrx_word' id='word_1_294' title='bbox 402 3520 533 3597; x_wconf 89' lang='lat' dir='ltr'><strong>vesperis</strong></span> <span class='ocrx_word' id='word_1_295' title='bbox 546 3521 733 3585; x_wconf 88' lang='lat' dir='ltr'><strong>solemnibus</strong></span> <span class='ocrx_word' id='word_1_296' title='bbox 748 3543 898 3606; x_wconf 81' lang='lat' dir='ltr'><strong>organum</strong></span> <span class='ocrx_word' id='word_1_297' title='bbox 912 3529 1024 3609; x_wconf 86' lang='lat' dir='ltr'><strong>pulsari</strong></span> <span class='ocrx_word' id='word_1_298' title='bbox 1037 3533 1108 3596; x_wconf 86' lang='lat' dir='ltr'><strong>solet</strong></span> <span class='ocrx_word' id='word_1_299' title='bbox 1118 3535 1146 3594; x_wconf 91' lang='lat' dir='ltr'><strong>in</strong></span> 
     </span>
     <span class='ocr_line' id='line_1_38' title="bbox 114 3597 1146 3702; baseline 0.025 -46"><span class='ocrx_word' id='word_1_300' title='bbox 114 3611 120 3620; x_wconf 92' lang='lat'><em>·</em></span> <span class='ocrx_word' id='word_1_301' title='bbox 186 3621 201 3650; x_wconf 75' lang='grc' dir='ltr'>ι</span> <span class='ocrx_word' id='word_1_302' title='bbox 227 3599 286 3659; x_wconf 88' lang='lat' dir='ltr'><strong>tine</strong></span> <span class='ocrx_word' id='word_1_303' title='bbox 297 3597 457 3678; x_wconf 69' lang='lat' dir='ltr'><strong>utriuslibet</strong></span> <span class='ocrx_word' id='word_1_304' title='bbox 470 3605 596 3682; x_wconf 78' lang='lat' dir='ltr'><strong>psalmi,</strong></span> <span class='ocrx_word' id='word_1_305' title='bbox 610 3614 640 3669; x_wconf 89' lang='lat' dir='ltr'><strong>et</strong></span> <span class='ocrx_word' id='word_1_306' title='bbox 653 3609 823 3676; x_wconf 85' lang='lat' dir='ltr'><strong>alternatim</strong></span> <span class='ocrx_word' id='word_1_307' title='bbox 838 3613 869 3676; x_wconf 91' lang='lat' dir='ltr'><strong>in</strong></span> <span class='ocrx_word' id='word_1_308' title='bbox 883 3618 1039 3682; x_wconf 80' lang='lat' dir='ltr'><strong>versiculis</strong></span> <span class='ocrx_word' id='word_1_309' title='bbox 1050 3622 1146 3702; x_wconf 89' lang='lat' dir='ltr'><strong>hymni</strong></span> 
     </span>
    </p>
   </div>
   <div class='ocr_carea' id='block_1_7' title="bbox 0 0 1234 3968">
    <p class='ocr_par' dir='ltr' id='par_1_9' title="bbox 0 0 1234 3968">
     <span class='ocr_line' id='line_1_39' title="bbox 0 0 1234 3968; baseline 0 0"><span class='ocrx_word' id='word_1_310' title='bbox 0 0 1234 3968; x_wconf 95' lang='lat' dir='ltr'><strong> </strong></span> 
     </span>
    </p>
   </div>
  </div>
 </body>
</html>
