2462 3972
444 117 529 162 crura
549 115 707 162 secunnns.
990 97 1046 162 'tl-t

89 239 104 276 ι
130 216 185 278 eiae
210 215 384 278 auctoritate
408 214 473 276 dari
499 219 669 294 nequeunt,
694 215 887 277 manifestum
915 221 978 291 est,
1003 217 1067 278 sine

89 329 105 366 a
131 304 190 366 bac
203 306 378 366 auctoritate
393 303 513 364 nullum
526 319 592 364 esse
604 308 634 364 et
646 301 749 363 haberi
764 301 945 365 beneficium
960 322 1066 384 posse,

89 417 106 453 a
132 411 227 474 quare
245 409 351 454 omnes
369 391 517 470 redditus,
533 390 602 452 licet
624 391 771 472 perpetud
788 391 905 453 clericis
919 391 959 452 cb
980 393 1067 474 spiri-

89 506 107 542 υ
131 481 213 544 tuate
220 480 342 562 aliquod
356 479 489 542 odicium
506 479 657 552 attributi,
673 477 717 542 uti
728 478 825 560 legata
840 481 925 560 picot
937 481 1067 563 capellu-

91 595 106 630 η
134 569 204 644 niae,
215 567 362 630 beneficia
370 587 431 630 non
442 573 524 644 sunt,
536 567 592 630 nisi
608 567 748 648 Episcopi
758 568 880 630 accedat
890 571 1068 648 auctoritas,

92 681 108 738 p
135 657 190 720 sed
204 675 287 719 mera
301 656 468 738 stipendia,
483 663 536 718 aut
548 656 749 736 eleemosynae
763 663 935 720 censentur.
952 679 967 717 a

134 749 225 810 538³.
248 745 356 807 Primis
374 745 516 808 Ecclesiae
537 744 655 810 saeculis
674 745 775 826 ignota
797 745 881 808 fuere
901 746 1067 811 beneficia:

91 842 168 898 tunc
181 835 264 896 enim
277 833 357 896 bona
370 833 511 896 Ecclesiae
526 834 557 895 in
571 833 727 896 communi
743 834 839 913 posita
849 841 952 912 erant,
968 841 998 897 et
1011 837 1071 898 sin·

91 923 157 1006 guli
172 922 271 986 clerici
284 941 321 985 ex
334 921 489 985 communi
504 925 603 984 massa
613 922 867 998 sustentabantur,
880 922 933 984 sed
948 923 1070 987 ineunte

91 1012 207 1076 saeculo
220 1013 277 1089 VI,
292 1017 323 1074 et
343 1011 420 1072 tacu
439 1011 589 1072 bonorum
611 1011 786 1092 partitione,
802 1017 962 1091 coeperunt
983 1015 1070 1094 Epis-

90 1102 181 1182 copi,
203 1099 396 1162 humanitatis
424 1103 531 1173 causa,
561 1106 611 1160 aut
641 1099 817 1161 meritorum
842 1099 970 1176 intuitu,
993 1119 1070 1181 prae·
1173 1155 1174 1158 ,
1217 1115 1218 1152 1

90 1189 174 1250 dioln
195 1187 334 1271 quaedam
358 1187 558 1250 ecclesiastica
579 1187 609 1248 in
633 1186 854 1250 usumfructum
884 1187 1068 1266 concedere3

90 1276 266 1357 hujusmodi
280 1277 489 1338 concessiones
503 1275 639 1338 nondum
653 1283 738 1338 erant
751 1276 873 1358 proprie
888 1275 966 1339 dicta
975 1277 1070 1340 bene-

92 1367 175 1442 licia,
190 1365 260 1427 cbm
275 1383 337 1429 non
352 1366 383 1426 in
396 1365 538 1440 titulum,
553 1383 609 1426 nee
623 1365 738 1426 ratione
752 1364 916 1446 spiritualis
930 1364 1018 1428 officii
1032 1367 1070 1428 ab

91 1454 251 1536 Episcopis
276 1454 504 1536 praestabantur,
532 1459 562 1516 et
587 1454 651 1534 ipsa
671 1451 784 1535 praedia
807 1453 953 1535 spirituali
971 1454 1069 1517 officio

91 1543 242 1624 perpetub
257 1561 318 1604 non
337 1549 421 1604 erant
434 1561 566 1617 annexa,
589 1541 693 1618 itaut,
718 1541 827 1603 clerico
842 1543 1004 1620 moriente,
1019 1552 1069 1605 aut

90 1630 196 1712 elapso
206 1636 341 1712 tempore
354 1631 574 1706 concessionis,
590 1630 628 1691 ad
644 1648 808 1692 commune
822 1632 961 1691 aerarium
975 1651 1069 1693 rever·

90 1718 248 1795 rebantur-3
259 1718 312 1780 sed
319 1718 462 1800 paulatim
476 1719 574 1780 evenit
587 1723 622 1778 ut
634 1717 723 1779 certis
732 1716 903 1795 hujusmodi
920 1719 1067 1781 bonorum

89 1807 246 1889 partibus,
257 1825 332 1869 suus
344 1807 454 1886 cuique
467 1805 569 1867 titulus
578 1811 608 1867 et
619 1805 751 1866 officium
761 1805 913 1885 spirituale
925 1811 1069 1888 perpetuo

90 1901 317 1971 annecteretur,
329 1902 358 1957 et
367 1894 436 1956 inde
450 1894 599 1974 originem
613 1891 745 1955 habuere
755 1893 875 1973 proprie
888 1893 966 1956 dicta
980 1895 1069 1958 hene-

91 1983 174 2045 ficia.
192 1982 265 2044 Vide
287 1981 373 2044 Card.
389 1981 489 2062 Soglia
508 1981 619 2060 (Instit.
638 1981 705 2060 jur.
724 1981 818 2062 prin,
839 1980 944 2062 §8l);
966 1985 1068 2047 Devoti

93 2071 157 2149 (lib.
172 2075 204 2146 2,
218 2070 264 2131 tit.
282 2074 330 2146 ll,
344 2072 362 2152 ξ
377 2075 392 2132 l
409 2077 438 2132 et
451 2074 491 2149 ἓ).

132 2163 224 2221 5384.
243 2193 283 2204 -
296 2161 332 2220 ll.
356 2158 507 2222 Beneficia
524 2158 717 2221 dividuntur:
733 2162 765 2221 l⁰
783 2159 815 2221 in
831 2158 986 2224 secularia
999 2181 1067 2244 quae

92 2267 149 2330 pro
169 2247 381 2324 secularibus,
396 2253 426 2308 et
447 2246 601 2328 repulcric
615 2266 683 2329 quae
705 2265 761 2329 pro
775 2248 962 2330 negatoribus
982 2251 1066 2313 insti-

89 2344 159 2398 tuta
172 2343 242 2398 sunt
257 2335 368 2417 :porrd
382 2335 447 2397 sine
458 2336 681 2417 dispensatione
695 2354 752 2398 nec
766 2337 908 2399 saeculare
923 2339 1065 2419 regulari,

92 2445 151 2486 nuc
165 2427 288 2487 econtra
302 2423 430 2486 conferri
444 2429 551 2506 polest.
567 2425 664 2485 Omne
678 2431 779 2484 autem
796 2424 979 2486 beneficium
989 2445 1066 2506 prae-

92 2515 224 2574 sumitur
238 2531 302 2574 esse
321 2512 463 2574 saeculare
482 2512 537 2572 nisi
561 2512 705 2592 probetur
719 2529 784 2572 esse
797 2511 954 2591 regulare,
970 2514 1015 2574 vel
1029 2534 1066 2577 ex

93 2601 191 2682 prima
214 2603 269 2662 sut
287 2599 489 2676 institutione,
510 2599 556 2661 vul
584 2617 638 2681 per
667 2599 886 2679 possessionem
909 2599 1066 2680 pacificam

92 2695 131 2751 to
146 2707 312 2765 annorum;
329 2705 381 2770 per
390 2707 457 2750 eam
471 2687 553 2750 enirn
567 2706 605 2750 ex
618 2686 753 2750 saeculari
767 2687 800 2749 lit
814 2688 950 2769 regulare
964 2691 1065 2752 etvice

92 2781 189 2840 tersit.
205 2776 280 2839 Vide
302 2775 383 2858 apud
397 2777 428 2838 S.
444 2777 566 2857 biguor.
584 2777 647 2854 (lib.
663 2781 701 2853 4,
713 2785 745 2836 n⁰
760 2777 820 2856 84).

131 2871 223 2929 5385.
239 2899 277 2912 -
293 2870 325 2926 2⁰
347 2867 381 2928 ln
403 2865 518 2947 majora
540 2871 571 2927 et
592 2865 717 2926 minora.
743 2865 897 2948 «Majorc
923 2867 1065 2931 dicuntur

93 2979 106 3012 n
132 2955 244 3037 quibus
256 2955 346 3034 primi
362 2955 393 3016 in
408 2953 541 3016 Ecclesia
554 2953 664 3035 gradus
678 2971 749 3016 cum
762 2955 933 3018 animarum
949 2963 1022 3020 curt
1035 2968 1066 3022 et

93 3069 107 3102 o
132 3046 255 3106 externt
266 3041 474 3121 jurisdictione
492 3042 659 3119 adhaerent,
674 3043 765 3105 veluti
779 3044 991 3122 Pontificatus,
1007 3049 1064 3110 Pa-

93 3131 328 3210 animchadus,
355 3131 650 3212 Arcbiepiscopatus,
680 3132 898 3214 Episcopatus,
929 3135 1064 3200 Abbatiae

94 3245 107 3278 n
132 3237 202 3283 curn
216 3218 423 3298 jurisdictione
437 3218 722 3302 quasi-episcopali,
745 3227 775 3282 et
788 3221 992 3286 cardinalatus
1006 3226 1064 3288 sal-

93 3333 107 3366 »
131 3315 194 3372 tem
207 3309 323 3370 ratione
336 3308 425 3371 tituli.
447 3308 566 3370 Minora
584 3315 746 3372 censentur
757 3309 872 3391 relique
893 3313 997 3374 omnia
1011 3313 1063 3375 be-

93 3422 106 3454 u
134 3396 251 3458 nelicia.
276 3399 342 3469 Oua
363 3397 395 3458 in
417 3415 449 3459 re
472 3396 545 3458 illud
568 3399 754 3478 praecipuum
776 3405 820 3460 est
845 3400 926 3478 quod
949 3403 1062 3480 majora

94 3509 107 3544 n
134 3485 299 3562 beneficia,
321 3485 484 3565 praesertim
507 3487 538 3546 in
561 3485 672 3547 odiosis
695 3503 756 3546 non
779 3487 904 3546 veniunt
924 3486 1062 3566 beneficii

880 3583 964 3646 20²⁸·
