<?xml version="1.0" encoding="UTF-8"?>
<!DOCTYPE html PUBLIC "-//W3C//DTD XHTML 1.0 Transitional//EN"
    "http://www.w3.org/TR/xhtml1/DTD/xhtml1-transitional.dtd">
<html xmlns="http://www.w3.org/1999/xhtml" xml:lang="en" lang="en">
 <head>
  <title>
</title>
<meta http-equiv="Content-Type" content="text/html;charset=utf-8" />
  <meta name='ocr-system' content='tesseract 3.04.00' />
  <meta name='ocr-capabilities' content='ocr_page ocr_carea ocr_par ocr_line ocrx_word'/>
</head>
<body>
  <div class='ocr_page' id='page_1' title='image "./manualetotiusju00craigoog_0263.png"; bbox 0 0 2474 3946; ppageno 0'>
   <div class='ocr_carea' id='block_1_1' title="bbox 186 172 940 248">
    <p class='ocr_par' dir='ltr' id='par_1_1' title="bbox 186 172 940 248">
     <span class='ocr_line' id='line_1_1' title="bbox 186 172 940 248; baseline 0.004 -6"><span class='ocrx_word' id='word_1_1' title='bbox 186 172 244 244; x_wconf 74' lang='grc'>956</span> <span class='ocrx_word' id='word_1_2' title='bbox 297 211 302 218; x_wconf 91' lang='grc'>-</span> <span class='ocrx_word' id='word_1_3' title='bbox 408 197 548 248; x_wconf 76' lang='lat' dir='ltr'>amunte</span> <span class='ocrx_word' id='word_1_4' title='bbox 568 191 670 248; x_wconf 80' lang='lat' dir='ltr'>tortos</span> <span class='ocrx_word' id='word_1_5' title='bbox 689 189 772 247; x_wconf 77' lang='lat' dir='ltr'>tonis</span> <span class='ocrx_word' id='word_1_6' title='bbox 793 190 940 246; x_wconf 81' lang='lat' dir='ltr'>tnnoutct.</span> 
     </span>
    </p>
   </div>
   <div class='ocr_carea' id='block_1_2' title="bbox 184 293 1232 3672">
    <p class='ocr_par' dir='ltr' id='par_1_2' title="bbox 185 293 1230 738">
     <span class='ocr_line' id='line_1_2' title="bbox 185 293 1158 379; baseline 0.007 -24"><span class='ocrx_word' id='word_1_7' title='bbox 185 295 241 366; x_wconf 83' lang='lat' dir='ltr'>air,</span> <span class='ocrx_word' id='word_1_8' title='bbox 259 295 293 357; x_wconf 89' lang='lat' dir='ltr'>de</span> <span class='ocrx_word' id='word_1_9' title='bbox 306 296 447 378; x_wconf 77' lang='lat' dir='ltr'><em>adulter.)</em></span> <span class='ocrx_word' id='word_1_10' title='bbox 465 317 472 360; x_wconf 92' lang='lat'><strong>:</strong></span> <span class='ocrx_word' id='word_1_11' title='bbox 488 305 518 360; x_wconf 88' lang='lat' dir='ltr'>at</span> <span class='ocrx_word' id='word_1_12' title='bbox 532 298 569 361; x_wconf 88' lang='lat' dir='ltr'>ad</span> <span class='ocrx_word' id='word_1_13' title='bbox 584 299 643 362; x_wconf 90' lang='lat' dir='ltr'>boc</span> <span class='ocrx_word' id='word_1_14' title='bbox 657 303 725 364; x_wconf 79' lang='grc'><strong>6666</strong></span> <span class='ocrx_word' id='word_1_15' title='bbox 739 305 871 374; x_wconf 87' lang='lat' dir='ltr'>tenetur,</span> <span class='ocrx_word' id='word_1_16' title='bbox 886 295 1034 379; x_wconf 83' lang='lat' dir='ltr'>quisaliis</span> <span class='ocrx_word' id='word_1_17' title='bbox 1045 293 1102 361; x_wconf 78' lang='lat' dir='ltr'>viis</span> <span class='ocrx_word' id='word_1_18' title='bbox 1114 316 1158 362; x_wconf 88' lang='lat' dir='ltr'>or·</span> 
     </span>
     <span class='ocr_line' id='line_1_3' title="bbox 185 382 1158 469; baseline 0.006 -25"><span class='ocrx_word' id='word_1_19' title='bbox 185 382 299 448; x_wconf 82' lang='lat' dir='ltr'>dinarit</span> <span class='ocrx_word' id='word_1_20' title='bbox 323 393 419 468; x_wconf 89' lang='lat' dir='ltr'>potest</span> <span class='ocrx_word' id='word_1_21' title='bbox 442 388 619 451; x_wconf 86' lang='lat' dir='ltr'>scandalum</span> <span class='ocrx_word' id='word_1_22' title='bbox 638 389 721 452; x_wconf 87' lang='lat' dir='ltr'>vitari</span> <span class='ocrx_word' id='word_1_23' title='bbox 744 396 773 450; x_wconf 88' lang='grc'>61</span> <span class='ocrx_word' id='word_1_24' title='bbox 795 387 952 469; x_wconf 85' lang='lat' dir='ltr'>adimpleri</span> <span class='ocrx_word' id='word_1_25' title='bbox 977 393 1158 469; x_wconf 83' lang='lat' dir='ltr'>pracceptum</span> 
     </span>
     <span class='ocr_line' id='line_1_4' title="bbox 185 474 1158 558; baseline 0.002 -23"><span class='ocrx_word' id='word_1_26' title='bbox 185 474 383 555; x_wconf 75' lang='lat' dir='ltr'>correptionis</span> <span class='ocrx_word' id='word_1_27' title='bbox 406 474 563 554; x_wconf 71' lang='lat' dir='ltr'>fraternae,</span> <span class='ocrx_word' id='word_1_28' title='bbox 579 484 610 540; x_wconf 89' lang='lat' dir='ltr'>et</span> <span class='ocrx_word' id='word_1_29' title='bbox 623 477 743 542; x_wconf 84' lang='lat' dir='ltr'>aliunde</span> <span class='ocrx_word' id='word_1_30' title='bbox 758 477 822 540; x_wconf 77' lang='lat' dir='ltr'>baec</span> <span class='ocrx_word' id='word_1_31' title='bbox 843 481 993 558; x_wconf 84' lang='lat' dir='ltr'>praecepta</span> <span class='ocrx_word' id='word_1_32' title='bbox 1008 495 1070 538; x_wconf 93' lang='lat' dir='ltr'>non</span> <span class='ocrx_word' id='word_1_33' title='bbox 1084 475 1158 538; x_wconf 91' lang='lat' dir='ltr'>obli-</span> 
     </span>
     <span class='ocr_line' id='line_1_5' title="bbox 185 563 1156 648; baseline 0.007 -27"><span class='ocrx_word' id='word_1_34' title='bbox 185 569 258 641; x_wconf 81' lang='lat' dir='ltr'>gant</span> <span class='ocrx_word' id='word_1_35' title='bbox 279 583 349 626; x_wconf 89' lang='lat' dir='ltr'>com</span> <span class='ocrx_word' id='word_1_36' title='bbox 371 564 451 645; x_wconf 84' lang='lat' dir='ltr'>gravi</span> <span class='ocrx_word' id='word_1_37' title='bbox 476 565 681 628; x_wconf 89' lang='lat' dir='ltr'>incommodo.</span> <span class='ocrx_word' id='word_1_38' title='bbox 700 599 741 614; x_wconf 93' lang='lat'>-</span> <span class='ocrx_word' id='word_1_39' title='bbox 768 565 811 647; x_wconf 89' lang='lat' dir='ltr'>(S.</span> <span class='ocrx_word' id='word_1_40' title='bbox 836 563 1014 648; x_wconf 82' lang='lat' dir='ltr'>Liguorius,</span> <span class='ocrx_word' id='word_1_41' title='bbox 1044 564 1097 628; x_wconf 92' lang='lat' dir='ltr'>lib.</span> <span class='ocrx_word' id='word_1_42' title='bbox 1120 568 1156 644; x_wconf 91' lang='grc'>6,</span> 
     </span>
     <span class='ocr_line' id='line_1_6' title="bbox 186 655 1230 738; baseline 0.008 -28"><span class='ocrx_word' id='word_1_43' title='bbox 186 659 219 710; x_wconf 79' lang='grc' dir='ltr'>6ο</span> <span class='ocrx_word' id='word_1_44' title='bbox 234 655 308 730; x_wconf 76' lang='grc'><strong>963,</strong></span> <span class='ocrx_word' id='word_1_45' title='bbox 325 673 356 734; x_wconf 89' lang='lat' dir='ltr'>q.</span> <span class='ocrx_word' id='word_1_46' title='bbox 371 657 416 732; x_wconf 80' lang='grc'><strong>1.)</strong></span> <span class='ocrx_word' id='word_1_47' title='bbox 1229 731 1230 738; x_wconf 14' lang='lat'>¹</span> 
     </span>
    </p>

    <p class='ocr_par' dir='ltr' id='par_1_3' title="bbox 184 741 1231 1444">
     <span class='ocr_line' id='line_1_7' title="bbox 234 741 1159 808; baseline 0.003 -6"><span class='ocrx_word' id='word_1_48' title='bbox 234 743 325 804; x_wconf 78' lang='grc'><strong>1137.</strong></span> <span class='ocrx_word' id='word_1_49' title='bbox 356 745 381 804; x_wconf 87' lang='grc' dir='ltr'>Α</span> <span class='ocrx_word' id='word_1_50' title='bbox 409 741 524 806; x_wconf 82' lang='lat' dir='ltr'>fortiori</span> <span class='ocrx_word' id='word_1_51' title='bbox 550 745 619 806; x_wconf 80' lang='lat' dir='ltr'>raro</span> <span class='ocrx_word' id='word_1_52' title='bbox 645 751 675 808; x_wconf 88' lang='lat' dir='ltr'>et</span> <span class='ocrx_word' id='word_1_53' title='bbox 698 743 851 806; x_wconf 77' lang='lat' dir='ltr'>rarissime</span> <span class='ocrx_word' id='word_1_54' title='bbox 878 749 1021 807; x_wconf 86' lang='lat' dir='ltr'>tenentur</span> <span class='ocrx_word' id='word_1_55' title='bbox 1056 741 1159 805; x_wconf 87' lang='lat' dir='ltr'>mulia-</span> 
     </span>
     <span class='ocr_line' id='line_1_8' title="bbox 184 829 1158 908; baseline 0.002 -18"><span class='ocrx_word' id='word_1_56' title='bbox 184 847 233 891; x_wconf 84' lang='lat' dir='ltr'>res</span> <span class='ocrx_word' id='word_1_57' title='bbox 247 829 278 890; x_wconf 94' lang='lat' dir='ltr'>in</span> <span class='ocrx_word' id='word_1_58' title='bbox 298 829 380 893; x_wconf 88' lang='lat' dir='ltr'>dicto</span> <span class='ocrx_word' id='word_1_59' title='bbox 400 849 473 896; x_wconf 91' lang='lat' dir='ltr'>casu</span> <span class='ocrx_word' id='word_1_60' title='bbox 495 831 645 894; x_wconf 80' lang='lat' dir='ltr'>dimittere</span> <span class='ocrx_word' id='word_1_61' title='bbox 666 833 784 908; x_wconf 81' lang='lat' dir='ltr'>virum3</span> <span class='ocrx_word' id='word_1_62' title='bbox 810 831 872 895; x_wconf 84' lang='lat' dir='ltr'>imb</span> <span class='ocrx_word' id='word_1_63' title='bbox 894 832 1032 896; x_wconf 80' lang='lat' dir='ltr'>nonnulli</span> <span class='ocrx_word' id='word_1_64' title='bbox 1052 830 1158 894; x_wconf 91' lang='lat' dir='ltr'>dicunt</span> 
     </span>
     <span class='ocr_line' id='line_1_9' title="bbox 184 917 1158 1004; baseline 0.002 -25"><span class='ocrx_word' id='word_1_65' title='bbox 184 918 221 980; x_wconf 89' lang='lat' dir='ltr'>ad</span> <span class='ocrx_word' id='word_1_66' title='bbox 236 917 266 980; x_wconf 91' lang='lat' dir='ltr'>id</span> <span class='ocrx_word' id='word_1_67' title='bbox 281 919 361 1000; x_wconf 90' lang='lat' dir='ltr'>ipsas</span> <span class='ocrx_word' id='word_1_68' title='bbox 375 937 533 1002; x_wconf 90' lang='lat' dir='ltr'>nunquam</span> <span class='ocrx_word' id='word_1_69' title='bbox 546 921 659 998; x_wconf 85' lang='lat' dir='ltr'>teneri,</span> <span class='ocrx_word' id='word_1_70' title='bbox 675 921 746 1002; x_wconf 89' lang='lat' dir='ltr'>quia</span> <span class='ocrx_word' id='word_1_71' title='bbox 760 939 919 1003; x_wconf 88' lang='lat' dir='ltr'>nunquam</span> <span class='ocrx_word' id='word_1_72' title='bbox 933 927 1158 1004; x_wconf 83' lang='lat' dir='ltr'>praesumuntur</span> 
     </span>
     <span class='ocr_line' id='line_1_10' title="bbox 185 1007 1231 1091; baseline 0.003 -23"><span class='ocrx_word' id='word_1_73' title='bbox 185 1007 355 1070; x_wconf 90' lang='lat' dir='ltr'>consentire</span> <span class='ocrx_word' id='word_1_74' title='bbox 365 1009 459 1072; x_wconf 84' lang='lat' dir='ltr'>inviri</span> <span class='ocrx_word' id='word_1_75' title='bbox 470 1008 735 1086; x_wconf 79' lang='lat' dir='ltr'>adulterium3nec</span> <span class='ocrx_word' id='word_1_76' title='bbox 745 1015 886 1072; x_wconf 85' lang='lat' dir='ltr'>tenentur</span> <span class='ocrx_word' id='word_1_77' title='bbox 896 1010 1045 1091; x_wconf 78' lang='lat' dir='ltr'>corrigere</span> <span class='ocrx_word' id='word_1_78' title='bbox 1056 1008 1156 1085; x_wconf 85' lang='lat' dir='ltr'>illum,</span> <span class='ocrx_word' id='word_1_79' title='bbox 1230 1061 1231 1088; x_wconf 32' lang='lat' dir='ltr'>p</span> 
     </span>
     <span class='ocr_line' id='line_1_11' title="bbox 185 1095 1231 1180; baseline 0.001 -22"><span class='ocrx_word' id='word_1_80' title='bbox 185 1095 255 1176; x_wconf 89' lang='lat' dir='ltr'>quia</span> <span class='ocrx_word' id='word_1_81' title='bbox 276 1096 334 1159; x_wconf 90' lang='lat' dir='ltr'>hoc</span> <span class='ocrx_word' id='word_1_82' title='bbox 353 1103 400 1159; x_wconf 86' lang='lat' dir='ltr'>est</span> <span class='ocrx_word' id='word_1_83' title='bbox 419 1096 552 1160; x_wconf 88' lang='lat' dir='ltr'>officium</span> <span class='ocrx_word' id='word_1_84' title='bbox 567 1098 753 1179; x_wconf 86' lang='lat' dir='ltr'>Superioris;</span> <span class='ocrx_word' id='word_1_85' title='bbox 771 1097 824 1160; x_wconf 83' lang='lat' dir='ltr'>sed</span> <span class='ocrx_word' id='word_1_86' title='bbox 845 1100 945 1162; x_wconf 80' lang='lat' dir='ltr'>veritis</span> <span class='ocrx_word' id='word_1_87' title='bbox 964 1103 1050 1180; x_wconf 87' lang='lat' dir='ltr'>putat</span> <span class='ocrx_word' id='word_1_88' title='bbox 1063 1099 1095 1160; x_wconf 90' lang='lat' dir='ltr'>S.</span> <span class='ocrx_word' id='word_1_89' title='bbox 1110 1097 1158 1159; x_wconf 92' lang='lat' dir='ltr'>Li·</span> <span class='ocrx_word' id='word_1_90' title='bbox 1230 1097 1231 1116; x_wconf 71' lang='lat'><em>²</em></span> 
     </span>
     <span class='ocr_line' id='line_1_12' title="bbox 186 1184 1161 1270; baseline 0 -24"><span class='ocrx_word' id='word_1_91' title='bbox 186 1203 272 1264; x_wconf 84' lang='lat' dir='ltr'>guor.</span> <span class='ocrx_word' id='word_1_92' title='bbox 297 1186 376 1266; x_wconf 90' lang='lat' dir='ltr'>ipsas</span> <span class='ocrx_word' id='word_1_93' title='bbox 401 1184 459 1248; x_wconf 93' lang='lat' dir='ltr'>hoc</span> <span class='ocrx_word' id='word_1_94' title='bbox 479 1193 632 1267; x_wconf 88' lang='lat' dir='ltr'>praecepto</span> <span class='ocrx_word' id='word_1_95' title='bbox 653 1186 817 1268; x_wconf 88' lang='lat' dir='ltr'>aliquando</span> <span class='ocrx_word' id='word_1_96' title='bbox 839 1187 975 1270; x_wconf 79' lang='lat' dir='ltr'>alligari,</span> <span class='ocrx_word' id='word_1_97' title='bbox 996 1187 1022 1248; x_wconf 88' lang='lat' dir='ltr'>si</span> <span class='ocrx_word' id='word_1_98' title='bbox 1034 1186 1161 1268; x_wconf 73' lang='lat' dir='ltr'>possint</span> 
     </span>
     <span class='ocr_line' id='line_1_13' title="bbox 185 1272 1160 1356; baseline 0.005 -24"><span class='ocrx_word' id='word_1_99' title='bbox 185 1272 311 1352; x_wconf 89' lang='lat' dir='ltr'>implere</span> <span class='ocrx_word' id='word_1_100' title='bbox 324 1273 438 1355; x_wconf 83' lang='lat' dir='ltr'>absque</span> <span class='ocrx_word' id='word_1_101' title='bbox 452 1275 533 1356; x_wconf 77' lang='lat' dir='ltr'>graio</span> <span class='ocrx_word' id='word_1_102' title='bbox 553 1275 754 1353; x_wconf 87' lang='lat' dir='ltr'>detrimento,</span> <span class='ocrx_word' id='word_1_103' title='bbox 770 1275 841 1356; x_wconf 89' lang='lat' dir='ltr'>quia</span> <span class='ocrx_word' id='word_1_104' title='bbox 854 1275 893 1339; x_wconf 86' lang='lat' dir='ltr'>ad</span> <span class='ocrx_word' id='word_1_105' title='bbox 907 1276 965 1339; x_wconf 90' lang='lat' dir='ltr'>hoc</span> <span class='ocrx_word' id='word_1_106' title='bbox 978 1274 1160 1338; x_wconf 70' lang='grc'><strong>6116616616-</strong></span> 
     </span>
     <span class='ocr_line' id='line_1_14' title="bbox 185 1360 941 1444; baseline 0.012 -24"><span class='ocrx_word' id='word_1_107' title='bbox 185 1360 279 1422; x_wconf 89' lang='lat' dir='ltr'>riores</span> <span class='ocrx_word' id='word_1_108' title='bbox 294 1369 367 1424; x_wconf 87' lang='lat' dir='ltr'>tunc</span> <span class='ocrx_word' id='word_1_109' title='bbox 380 1363 596 1442; x_wconf 85' lang='lat' dir='ltr'>astringuntur.</span> <span class='ocrx_word' id='word_1_110' title='bbox 613 1363 684 1442; x_wconf 76' lang='lat' dir='ltr'>(lt,</span> <span class='ocrx_word' id='word_1_111' title='bbox 701 1373 735 1425; x_wconf 78' lang='lat' dir='ltr'>n⁰</span> <span class='ocrx_word' id='word_1_112' title='bbox 751 1367 834 1444; x_wconf 81' lang='lat' dir='ltr'>aot.)</span> <span class='ocrx_word' id='word_1_113' title='bbox 939 1395 941 1403; x_wconf 39' lang='lat' dir='ltr'>v</span> 
     </span>
    </p>

    <p class='ocr_par' dir='ltr' id='par_1_4' title="bbox 184 1452 1232 2244">
     <span class='ocr_line' id='line_1_15' title="bbox 224 1452 1232 1546; baseline 0.005 -36"><span class='ocrx_word' id='word_1_114' title='bbox 224 1453 314 1512; x_wconf 82' lang='grc'><strong>1138.</strong></span> <span class='ocrx_word' id='word_1_115' title='bbox 338 1453 386 1511; x_wconf 78' lang='lat' dir='ltr'>An</span> <span class='ocrx_word' id='word_1_116' title='bbox 407 1459 509 1513; x_wconf 90' lang='lat' dir='ltr'>autem</span> <span class='ocrx_word' id='word_1_117' title='bbox 527 1453 640 1530; x_wconf 76' lang='lat' dir='ltr'>coniux</span> <span class='ocrx_word' id='word_1_118' title='bbox 656 1454 804 1516; x_wconf 82' lang='lat' dir='ltr'>innocens</span> <span class='ocrx_word' id='word_1_119' title='bbox 827 1458 963 1516; x_wconf 85' lang='lat' dir='ltr'>teneatur</span> <span class='ocrx_word' id='word_1_120' title='bbox 989 1452 1162 1516; x_wconf 85' lang='lat' dir='ltr'>adulterum</span> <span class='ocrx_word' id='word_1_121' title='bbox 1231 1518 1232 1546; x_wconf 24' lang='lat' dir='ltr'>p</span> 
     </span>
     <span class='ocr_line' id='line_1_16' title="bbox 184 1538 1232 1618; baseline 0.006 -19"><span class='ocrx_word' id='word_1_122' title='bbox 184 1538 318 1618; x_wconf 87' lang='lat' dir='ltr'>recipere</span> <span class='ocrx_word' id='word_1_123' title='bbox 332 1539 437 1601; x_wconf 85' lang='lat' dir='ltr'>saltem</span> <span class='ocrx_word' id='word_1_124' title='bbox 451 1557 488 1602; x_wconf 86' lang='lat' dir='ltr'>ex</span> <span class='ocrx_word' id='word_1_125' title='bbox 505 1538 648 1603; x_wconf 88' lang='lat' dir='ltr'>charitate</span> <span class='ocrx_word' id='word_1_126' title='bbox 664 1543 735 1604; x_wconf 85' lang='lat' dir='ltr'>cbnr</span> <span class='ocrx_word' id='word_1_127' title='bbox 751 1541 841 1605; x_wconf 83' lang='lat' dir='ltr'>luerit</span> <span class='ocrx_word' id='word_1_128' title='bbox 858 1541 1060 1604; x_wconf 81' lang='lat' dir='ltr'>entendatusl</span> <span class='ocrx_word' id='word_1_129' title='bbox 1076 1541 1163 1604; x_wconf 74' lang='lat' dir='ltr'>Affir-</span> <span class='ocrx_word' id='word_1_130' title='bbox 1231 1549 1232 1578; x_wconf 73' lang='lat'>³</span> 
     </span>
     <span class='ocr_line' id='line_1_17' title="bbox 186 1627 1164 1713; baseline 0.005 -25"><span class='ocrx_word' id='word_1_131' title='bbox 186 1637 268 1690; x_wconf 91' lang='lat' dir='ltr'>mant</span> <span class='ocrx_word' id='word_1_132' title='bbox 279 1629 430 1703; x_wconf 90' lang='lat' dir='ltr'>nonnulli;</span> <span class='ocrx_word' id='word_1_133' title='bbox 443 1629 494 1690; x_wconf 89' lang='lat' dir='ltr'>sed</span> <span class='ocrx_word' id='word_1_134' title='bbox 504 1627 562 1692; x_wconf 89' lang='lat' dir='ltr'>hoc</span> <span class='ocrx_word' id='word_1_135' title='bbox 572 1649 633 1692; x_wconf 94' lang='lat' dir='ltr'>non</span> <span class='ocrx_word' id='word_1_136' title='bbox 643 1631 759 1694; x_wconf 87' lang='lat' dir='ltr'>videtur</span> <span class='ocrx_word' id='word_1_137' title='bbox 769 1651 855 1713; x_wconf 91' lang='lat' dir='ltr'>posse</span> <span class='ocrx_word' id='word_1_138' title='bbox 866 1630 1164 1706; x_wconf 70' lang='lat' dir='ltr'>sustinerisiintetli·</span> 
     </span>
     <span class='ocr_line' id='line_1_18' title="bbox 186 1717 1164 1803; baseline 0.006 -26"><span class='ocrx_word' id='word_1_139' title='bbox 186 1725 272 1797; x_wconf 82' lang='lat' dir='ltr'>gutur</span> <span class='ocrx_word' id='word_1_140' title='bbox 293 1717 331 1779; x_wconf 88' lang='lat' dir='ltr'>de</span> <span class='ocrx_word' id='word_1_141' title='bbox 352 1718 441 1800; x_wconf 81' lang='lat' dir='ltr'>culpa</span> <span class='ocrx_word' id='word_1_142' title='bbox 458 1764 466 1796; x_wconf 89' lang='lat'>,</span> <span class='ocrx_word' id='word_1_143' title='bbox 485 1719 557 1782; x_wconf 86' lang='lat' dir='ltr'>cbm</span> <span class='ocrx_word' id='word_1_144' title='bbox 576 1719 702 1801; x_wconf 85' lang='lat' dir='ltr'>ipsemet</span> <span class='ocrx_word' id='word_1_145' title='bbox 721 1721 855 1784; x_wconf 87' lang='lat' dir='ltr'>Christus</span> <span class='ocrx_word' id='word_1_146' title='bbox 880 1721 1026 1803; x_wconf 81' lang='lat' dir='ltr'>perpetuo</span> <span class='ocrx_word' id='word_1_147' title='bbox 1043 1720 1082 1781; x_wconf 87' lang='lat' dir='ltr'>ab</span> <span class='ocrx_word' id='word_1_148' title='bbox 1103 1719 1164 1783; x_wconf 75' lang='lat' dir='ltr'>hac</span> 
     </span>
     <span class='ocr_line' id='line_1_19' title="bbox 185 1806 1163 1890; baseline 0.004 -24"><span class='ocrx_word' id='word_1_149' title='bbox 185 1806 366 1887; x_wconf 79' lang='lat' dir='ltr'>obligatione</span> <span class='ocrx_word' id='word_1_150' title='bbox 380 1807 514 1870; x_wconf 87' lang='lat' dir='ltr'>videatur</span> <span class='ocrx_word' id='word_1_151' title='bbox 529 1807 688 1885; x_wconf 83' lang='lat' dir='ltr'>liberasse,</span> <span class='ocrx_word' id='word_1_152' title='bbox 703 1809 870 1872; x_wconf 84' lang='lat' dir='ltr'>etcharitas</span> <span class='ocrx_word' id='word_1_153' title='bbox 885 1827 947 1872; x_wconf 92' lang='lat' dir='ltr'>non</span> <span class='ocrx_word' id='word_1_154' title='bbox 962 1808 1073 1890; x_wconf 80' lang='lat' dir='ltr'>obliget</span> <span class='ocrx_word' id='word_1_155' title='bbox 1086 1827 1163 1872; x_wconf 91' lang='lat' dir='ltr'>cum</span> 
     </span>
     <span class='ocr_line' id='line_1_20' title="bbox 186 1895 1163 1980; baseline 0.005 -26"><span class='ocrx_word' id='word_1_156' title='bbox 186 1901 268 1956; x_wconf 88' lang='lat' dir='ltr'>tanto</span> <span class='ocrx_word' id='word_1_157' title='bbox 290 1895 495 1958; x_wconf 90' lang='lat' dir='ltr'>incommodo.</span> <span class='ocrx_word' id='word_1_158' title='bbox 517 1899 579 1960; x_wconf 90' lang='lat' dir='ltr'>Nec</span> <span class='ocrx_word' id='word_1_159' title='bbox 599 1898 698 1960; x_wconf 82' lang='lat' dir='ltr'>obstat</span> <span class='ocrx_word' id='word_1_160' title='bbox 719 1917 786 1980; x_wconf 90' lang='lat' dir='ltr'>cap.</span> <span class='ocrx_word' id='word_1_161' title='bbox 811 1898 849 1961; x_wconf 82' lang='lat' dir='ltr'>St</span> <span class='ocrx_word' id='word_1_162' title='bbox 869 1897 936 1973; x_wconf 83' lang='lat' dir='ltr'>vir,</span> <span class='ocrx_word' id='word_1_163' title='bbox 961 1896 1163 1976; x_wconf 69' lang='lat' dir='ltr'>decadonem,</span> 
     </span>
     <span class='ocr_line' id='line_1_21' title="bbox 186 1983 1163 2068; baseline 0.002 -24"><span class='ocrx_word' id='word_1_164' title='bbox 186 1983 379 2046; x_wconf 87' lang='lat' dir='ltr'>ubidicitur:</span> <span class='ocrx_word' id='word_1_165' title='bbox 395 1985 525 2058; x_wconf 73' lang='lat' dir='ltr'>«Debet,</span> <span class='ocrx_word' id='word_1_166' title='bbox 538 1985 590 2048; x_wconf 86' lang='lat' dir='ltr'>sed</span> <span class='ocrx_word' id='word_1_167' title='bbox 606 2005 666 2048; x_wconf 95' lang='lat' dir='ltr'>non</span> <span class='ocrx_word' id='word_1_168' title='bbox 677 1987 756 2068; x_wconf 75' lang='lat' dir='ltr'>saepe</span> <span class='ocrx_word' id='word_1_169' title='bbox 766 1987 900 2068; x_wconf 87' lang='lat' dir='ltr'>recipere</span> <span class='ocrx_word' id='word_1_170' title='bbox 910 1985 1134 2068; x_wconf 71' lang='lat' dir='ltr'>peccatricem»</span> <span class='ocrx_word' id='word_1_171' title='bbox 1154 2007 1163 2046; x_wconf 90' lang='lat'><strong>:</strong></span> 
     </span>
     <span class='ocr_line' id='line_1_22' title="bbox 187 2072 1167 2155; baseline 0.007 -24"><span class='ocrx_word' id='word_1_172' title='bbox 187 2089 257 2131; x_wconf 92' lang='lat' dir='ltr'>nam</span> <span class='ocrx_word' id='word_1_173' title='bbox 272 2072 375 2134; x_wconf 84' lang='lat' dir='ltr'>Glossa</span> <span class='ocrx_word' id='word_1_174' title='bbox 388 2073 517 2154; x_wconf 87' lang='lat' dir='ltr'>explicat</span> <span class='ocrx_word' id='word_1_175' title='bbox 530 2074 568 2136; x_wconf 89' lang='lat' dir='ltr'>de</span> <span class='ocrx_word' id='word_1_176' title='bbox 583 2075 685 2136; x_wconf 85' lang='lat' dir='ltr'>debito</span> <span class='ocrx_word' id='word_1_177' title='bbox 699 2075 880 2155; x_wconf 63' lang='lat' dir='ltr'>honestato,</span> <span class='ocrx_word' id='word_1_178' title='bbox 896 2093 959 2138; x_wconf 90' lang='lat' dir='ltr'>oon</span> <span class='ocrx_word' id='word_1_179' title='bbox 972 2076 1043 2138; x_wconf 83' lang='lat' dir='ltr'>verb</span> <span class='ocrx_word' id='word_1_180' title='bbox 1056 2093 1167 2138; x_wconf 84' lang='lat' dir='ltr'>ueces-</span> 
     </span>
     <span class='ocr_line' id='line_1_23' title="bbox 186 2159 718 2244; baseline 0.013 -24"><span class='ocrx_word' id='word_1_181' title='bbox 186 2159 289 2221; x_wconf 85' lang='lat' dir='ltr'>sitatis.</span> <span class='ocrx_word' id='word_1_182' title='bbox 307 2162 348 2238; x_wconf 87' lang='lat' dir='ltr'>(S.</span> <span class='ocrx_word' id='word_1_183' title='bbox 364 2163 498 2242; x_wconf 85' lang='lat' dir='ltr'>Lignor.‚</span> <span class='ocrx_word' id='word_1_184' title='bbox 514 2162 570 2242; x_wconf 82' lang='lat' dir='ltr'>ib.‚</span> <span class='ocrx_word' id='word_1_185' title='bbox 586 2172 619 2224; x_wconf 85' lang='lat' dir='ltr'>n⁰</span> <span class='ocrx_word' id='word_1_186' title='bbox 634 2167 718 2244; x_wconf 91' lang='grc'><strong>966.)</strong></span> 
     </span>
    </p>

    <p class='ocr_par' dir='ltr' id='par_1_5' title="bbox 186 2251 1168 2490">
     <span class='ocr_line' id='line_1_24' title="bbox 226 2251 1168 2336; baseline 0.007 -26"><span class='ocrx_word' id='word_1_187' title='bbox 226 2253 315 2313; x_wconf 84' lang='grc'><strong>1139.</strong></span> <span class='ocrx_word' id='word_1_188' title='bbox 339 2252 461 2322; x_wconf 78' lang='lat' dir='ltr'>Quaerit.</span> <span class='ocrx_word' id='word_1_189' title='bbox 491 2255 523 2313; x_wconf 72' lang='lat'>2⁰</span> <span class='ocrx_word' id='word_1_190' title='bbox 551 2256 598 2313; x_wconf 84' lang='lat' dir='ltr'>An</span> <span class='ocrx_word' id='word_1_191' title='bbox 628 2252 707 2316; x_wconf 85' lang='lat' dir='ltr'>iacto</span> <span class='ocrx_word' id='word_1_192' title='bbox 738 2251 864 2317; x_wconf 84' lang='lat' dir='ltr'>divortio</span> <span class='ocrx_word' id='word_1_193' title='bbox 896 2273 951 2336; x_wconf 88' lang='lat' dir='ltr'>per</span> <span class='ocrx_word' id='word_1_194' title='bbox 977 2254 1168 2317; x_wconf 85' lang='lat' dir='ltr'>sententiam</span> 
     </span>
     <span class='ocr_line' id='line_1_25' title="bbox 186 2337 1168 2425; baseline 0.007 -26"><span class='ocrx_word' id='word_1_195' title='bbox 186 2337 319 2412; x_wconf 79' lang='grc'><strong>1661616,</strong></span> <span class='ocrx_word' id='word_1_196' title='bbox 335 2339 434 2402; x_wconf 88' lang='lat' dir='ltr'>adhuc</span> <span class='ocrx_word' id='word_1_197' title='bbox 452 2339 546 2421; x_wconf 87' lang='lat' dir='ltr'>possit</span> <span class='ocrx_word' id='word_1_198' title='bbox 566 2342 713 2405; x_wconf 83' lang='lat' dir='ltr'>innocens</span> <span class='ocrx_word' id='word_1_199' title='bbox 726 2361 835 2425; x_wconf 78' lang='lat' dir='ltr'>cogere</span> <span class='ocrx_word' id='word_1_200' title='bbox 848 2343 1015 2406; x_wconf 86' lang='lat' dir='ltr'>adulteram</span> <span class='ocrx_word' id='word_1_201' title='bbox 1028 2347 1062 2404; x_wconf 91' lang='grc'>61</span> <span class='ocrx_word' id='word_1_202' title='bbox 1074 2341 1116 2404; x_wconf 85' lang='lat' dir='ltr'>ad</span> <span class='ocrx_word' id='word_1_203' title='bbox 1129 2361 1168 2406; x_wconf 85' lang='lat' dir='ltr'>se</span> 
     </span>
     <span class='ocr_line' id='line_1_26' title="bbox 187 2427 314 2490; baseline 0.031 -4"><span class='ocrx_word' id='word_1_204' title='bbox 187 2427 314 2490; x_wconf 77' lang='lat' dir='ltr'>redeat?</span> 
     </span>
    </p>

    <p class='ocr_par' dir='ltr' id='par_1_6' title="bbox 186 2517 1172 3120">
     <span class='ocr_line' id='line_1_27' title="bbox 226 2517 1169 2602; baseline 0.006 -25"><span class='ocrx_word' id='word_1_205' title='bbox 226 2518 315 2600; x_wconf 85' lang='lat' dir='ltr'>Resp.</span> <span class='ocrx_word' id='word_1_206' title='bbox 331 2517 489 2602; x_wconf 86' lang='lat' dir='ltr'>Duplicem</span> <span class='ocrx_word' id='word_1_207' title='bbox 499 2520 538 2583; x_wconf 87' lang='lat' dir='ltr'>da</span> <span class='ocrx_word' id='word_1_208' title='bbox 550 2519 724 2584; x_wconf 88' lang='lat' dir='ltr'>hocadesse</span> <span class='ocrx_word' id='word_1_209' title='bbox 734 2521 916 2584; x_wconf 72' lang='lat' dir='ltr'>sententiam</span> <span class='ocrx_word' id='word_1_210' title='bbox 932 2541 939 2582; x_wconf 92' lang='lat'>:</span> <span class='ocrx_word' id='word_1_211' title='bbox 955 2518 1169 2585; x_wconf 82' lang='lat' dir='ltr'>mmmuniter</span> 
     </span>
     <span class='ocr_line' id='line_1_28' title="bbox 187 2609 1169 2693; baseline 0.005 -27"><span class='ocrx_word' id='word_1_212' title='bbox 187 2610 286 2672; x_wconf 86' lang='lat' dir='ltr'>tamen</span> <span class='ocrx_word' id='word_1_213' title='bbox 303 2611 365 2672; x_wconf 87' lang='lat' dir='ltr'>DD.</span> <span class='ocrx_word' id='word_1_214' title='bbox 381 2610 513 2673; x_wconf 87' lang='lat' dir='ltr'>sentiunt</span> <span class='ocrx_word' id='word_1_215' title='bbox 535 2627 606 2673; x_wconf 89' lang='lat' dir='ltr'>com</span> <span class='ocrx_word' id='word_1_216' title='bbox 621 2609 652 2671; x_wconf 90' lang='lat' dir='ltr'>S.</span> <span class='ocrx_word' id='word_1_217' title='bbox 669 2609 803 2688; x_wconf 68' lang='lat' dir='ltr'>thome,</span> <span class='ocrx_word' id='word_1_218' title='bbox 818 2610 901 2693; x_wconf 82' lang='lat' dir='ltr'>quod</span> <span class='ocrx_word' id='word_1_219' title='bbox 915 2627 1034 2691; x_wconf 83' lang='lat' dir='ltr'>semper</span> <span class='ocrx_word' id='word_1_220' title='bbox 1048 2627 1084 2672; x_wconf 86' lang='lat' dir='ltr'>ac</span> <span class='ocrx_word' id='word_1_221' title='bbox 1098 2615 1169 2671; x_wconf 85' lang='lat' dir='ltr'>sta-</span> 
     </span>
     <span class='ocr_line' id='line_1_29' title="bbox 187 2698 1172 2782; baseline 0.006 -26"><span class='ocrx_word' id='word_1_222' title='bbox 187 2700 236 2759; x_wconf 91' lang='lat' dir='ltr'>tos</span> <span class='ocrx_word' id='word_1_223' title='bbox 250 2698 406 2781; x_wconf 87' lang='lat' dir='ltr'>utriusque</span> <span class='ocrx_word' id='word_1_224' title='bbox 429 2700 568 2782; x_wconf 77' lang='lat' dir='ltr'>conjugis</span> <span class='ocrx_word' id='word_1_225' title='bbox 583 2700 696 2761; x_wconf 89' lang='lat' dir='ltr'>nonsit</span> <span class='ocrx_word' id='word_1_226' title='bbox 715 2707 867 2778; x_wconf 85' lang='lat' dir='ltr'>mutatus,</span> <span class='ocrx_word' id='word_1_227' title='bbox 889 2717 999 2782; x_wconf 87' lang='lat' dir='ltr'>nempe</span> <span class='ocrx_word' id='word_1_228' title='bbox 1012 2698 1037 2761; x_wconf 83' lang='lat' dir='ltr'>si</span> <span class='ocrx_word' id='word_1_229' title='bbox 1052 2704 1172 2762; x_wconf 79' lang='lat' dir='ltr'>neuter</span> 
     </span>
     <span class='ocr_line' id='line_1_30' title="bbox 186 2786 1171 2869; baseline 0.004 -22"><span class='ocrx_word' id='word_1_230' title='bbox 186 2787 297 2848; x_wconf 80' lang='lat' dir='ltr'>voverit</span> <span class='ocrx_word' id='word_1_231' title='bbox 309 2787 486 2869; x_wconf 78' lang='lat' dir='ltr'>castitatem,</span> <span class='ocrx_word' id='word_1_232' title='bbox 502 2797 574 2867; x_wconf 93' lang='lat' dir='ltr'>etc.‚</span> <span class='ocrx_word' id='word_1_233' title='bbox 588 2795 726 2850; x_wconf 87' lang='lat' dir='ltr'>teneatur</span> <span class='ocrx_word' id='word_1_234' title='bbox 738 2789 855 2851; x_wconf 81' lang='lat' dir='ltr'>adulter</span> <span class='ocrx_word' id='word_1_235' title='bbox 868 2787 966 2852; x_wconf 88' lang='lat' dir='ltr'>redire</span> <span class='ocrx_word' id='word_1_236' title='bbox 979 2787 1004 2850; x_wconf 90' lang='lat' dir='ltr'>si</span> <span class='ocrx_word' id='word_1_237' title='bbox 1018 2786 1056 2850; x_wconf 85' lang='lat' dir='ltr'>ab</span> <span class='ocrx_word' id='word_1_238' title='bbox 1065 2787 1171 2851; x_wconf 84' lang='lat' dir='ltr'>attero</span> 
     </span>
     <span class='ocr_line' id='line_1_31' title="bbox 186 2875 1171 2958; baseline 0.005 -24"><span class='ocrx_word' id='word_1_239' title='bbox 186 2875 373 2954; x_wconf 83' lang='lat' dir='ltr'>requiratur,</span> <span class='ocrx_word' id='word_1_240' title='bbox 395 2877 486 2940; x_wconf 87' lang='lat' dir='ltr'>etiam</span> <span class='ocrx_word' id='word_1_241' title='bbox 508 2886 578 2941; x_wconf 89' lang='lat' dir='ltr'>ante</span> <span class='ocrx_word' id='word_1_242' title='bbox 601 2895 709 2940; x_wconf 86' lang='lat' dir='ltr'>novam</span> <span class='ocrx_word' id='word_1_243' title='bbox 732 2877 912 2940; x_wconf 84' lang='lat' dir='ltr'>sententiam</span> <span class='ocrx_word' id='word_1_244' title='bbox 931 2876 1066 2958; x_wconf 85' lang='lat' dir='ltr'>judicis:</span> <span class='ocrx_word' id='word_1_245' title='bbox 1091 2877 1171 2939; x_wconf 74' lang='grc'><strong>6666</strong></span> 
     </span>
     <span class='ocr_line' id='line_1_32' title="bbox 186 2965 1170 3050; baseline 0.007 -29"><span class='ocrx_word' id='word_1_246' title='bbox 186 2967 288 3023; x_wconf 79' lang='grc'><strong>166166</strong></span> <span class='ocrx_word' id='word_1_247' title='bbox 309 2965 449 3046; x_wconf 87' lang='lat' dir='ltr'>compelli</span> <span class='ocrx_word' id='word_1_248' title='bbox 472 2973 575 3048; x_wconf 88' lang='lat' dir='ltr'>posset</span> <span class='ocrx_word' id='word_1_249' title='bbox 596 2985 673 3030; x_wconf 85' lang='lat' dir='ltr'>uxor</span> <span class='ocrx_word' id='word_1_250' title='bbox 696 2967 852 3047; x_wconf 83' lang='lat' dir='ltr'>adultera,</span> <span class='ocrx_word' id='word_1_251' title='bbox 875 2974 995 3050; x_wconf 87' lang='lat' dir='ltr'>propter</span> <span class='ocrx_word' id='word_1_252' title='bbox 1017 2966 1170 3030; x_wconf 87' lang='lat' dir='ltr'>timorem</span> 
     </span>
     <span class='ocr_line' id='line_1_33' title="bbox 187 3049 727 3120; baseline 0.02 -11"><span class='ocrx_word' id='word_1_253' title='bbox 187 3049 368 3113; x_wconf 83' lang='lat' dir='ltr'>saevitiarum</span> <span class='ocrx_word' id='word_1_254' title='bbox 382 3055 401 3114; x_wconf 77' lang='grc'>6</span> <span class='ocrx_word' id='word_1_255' title='bbox 413 3053 477 3116; x_wconf 85' lang='lat' dir='ltr'>viro</span> <span class='ocrx_word' id='word_1_256' title='bbox 492 3055 727 3120; x_wconf 79' lang='lat' dir='ltr'>inferendarum.</span> 
     </span>
    </p>

    <p class='ocr_par' dir='ltr' id='par_1_7' title="bbox 188 3141 1172 3672">
     <span class='ocr_line' id='line_1_34' title="bbox 229 3141 1171 3226; baseline 0.015 -29"><span class='ocrx_word' id='word_1_257' title='bbox 229 3141 276 3198; x_wconf 78' lang='lat' dir='ltr'>An</span> <span class='ocrx_word' id='word_1_258' title='bbox 291 3145 392 3202; x_wconf 86' lang='lat' dir='ltr'>autem</span> <span class='ocrx_word' id='word_1_259' title='bbox 410 3141 523 3221; x_wconf 76' lang='lat' dir='ltr'>conjux</span> <span class='ocrx_word' id='word_1_260' title='bbox 538 3143 683 3208; x_wconf 82' lang='lat' dir='ltr'>innocens</span> <span class='ocrx_word' id='word_1_261' title='bbox 703 3145 802 3210; x_wconf 88' lang='lat' dir='ltr'>adhuc</span> <span class='ocrx_word' id='word_1_262' title='bbox 814 3147 972 3226; x_wconf 75' lang='lat' dir='ltr'>servatius</span> <span class='ocrx_word' id='word_1_263' title='bbox 985 3144 1122 3222; x_wconf 84' lang='lat' dir='ltr'>divortii,</span> <span class='ocrx_word' id='word_1_264' title='bbox 1138 3145 1171 3210; x_wconf 89' lang='lat' dir='ltr'>si</span> 
     </span>
     <span class='ocr_line' id='line_1_35' title="bbox 188 3225 1168 3317; baseline 0.008 -29"><span class='ocrx_word' id='word_1_265' title='bbox 188 3225 265 3288; x_wconf 84' lang='lat' dir='ltr'>lucto</span> <span class='ocrx_word' id='word_1_266' title='bbox 279 3227 404 3292; x_wconf 86' lang='lat' dir='ltr'>divortio</span> <span class='ocrx_word' id='word_1_267' title='bbox 418 3249 472 3312; x_wconf 88' lang='lat' dir='ltr'>per</span> <span class='ocrx_word' id='word_1_268' title='bbox 485 3236 663 3295; x_wconf 88' lang='lat' dir='ltr'>sententiam</span> <span class='ocrx_word' id='word_1_269' title='bbox 677 3283 685 3312; x_wconf 91' lang='lat'>‚</span> <span class='ocrx_word' id='word_1_270' title='bbox 701 3235 816 3298; x_wconf 87' lang='lat' dir='ltr'>labatur</span> <span class='ocrx_word' id='word_1_271' title='bbox 831 3235 893 3317; x_wconf 89' lang='lat' dir='ltr'>ipse</span> <span class='ocrx_word' id='word_1_272' title='bbox 908 3235 939 3296; x_wconf 96' lang='lat' dir='ltr'>in</span> <span class='ocrx_word' id='word_1_273' title='bbox 958 3234 1168 3316; x_wconf 77' lang='lat' dir='ltr'>adulterium,</span> 
     </span>
     <span class='ocr_line' id='line_1_36' title="bbox 189 3319 1165 3405; baseline 0.01 -28"><span class='ocrx_word' id='word_1_274' title='bbox 189 3319 419 3380; x_wconf 87' lang='lat' dir='ltr'>controvertitur</span> <span class='ocrx_word' id='word_1_275' title='bbox 434 3337 442 3381; x_wconf 74' lang='grc' dir='ltr'><strong>ε</strong></span> <span class='ocrx_word' id='word_1_276' title='bbox 459 3319 547 3402; x_wconf 75' lang='lat' dir='ltr'>longe</span> <span class='ocrx_word' id='word_1_277' title='bbox 560 3329 662 3384; x_wconf 87' lang='lat' dir='ltr'>tamen</span> <span class='ocrx_word' id='word_1_278' title='bbox 673 3325 856 3405; x_wconf 81' lang='lat' dir='ltr'>probabilius</span> <span class='ocrx_word' id='word_1_279' title='bbox 870 3332 973 3387; x_wconf 88' lang='lat' dir='ltr'>censet</span> <span class='ocrx_word' id='word_1_280' title='bbox 987 3326 1018 3387; x_wconf 89' lang='lat' dir='ltr'>S.</span> <span class='ocrx_word' id='word_1_281' title='bbox 1035 3324 1165 3404; x_wconf 85' lang='lat' dir='ltr'>Liguor.</span> 
     </span>
     <span class='ocr_line' id='line_1_37' title="bbox 189 3403 1170 3495; baseline 0.011 -28"><span class='ocrx_word' id='word_1_282' title='bbox 189 3403 288 3486; x_wconf 87' lang='lat' dir='ltr'>ipsum</span> <span class='ocrx_word' id='word_1_283' title='bbox 308 3425 424 3470; x_wconf 78' lang='lat' dir='ltr'>servate</span> <span class='ocrx_word' id='word_1_284' title='bbox 435 3409 485 3488; x_wconf 90' lang='lat' dir='ltr'>jus</span> <span class='ocrx_word' id='word_1_285' title='bbox 498 3409 635 3489; x_wconf 86' lang='lat' dir='ltr'>divortii,</span> <span class='ocrx_word' id='word_1_286' title='bbox 651 3431 707 3475; x_wconf 88' lang='lat' dir='ltr'>neo</span> <span class='ocrx_word' id='word_1_287' title='bbox 721 3413 815 3476; x_wconf 89' lang='lat' dir='ltr'>teneri</span> <span class='ocrx_word' id='word_1_288' title='bbox 835 3421 907 3476; x_wconf 88' lang='lat' dir='ltr'>tunc</span> <span class='ocrx_word' id='word_1_289' title='bbox 920 3411 958 3476; x_wconf 88' lang='lat' dir='ltr'>ad</span> <span class='ocrx_word' id='word_1_290' title='bbox 972 3423 1170 3495; x_wconf 84' lang='lat' dir='ltr'>campartem</span> 
     </span>
     <span class='ocr_line' id='line_1_38' title="bbox 189 3493 1172 3584; baseline 0.01 -28"><span class='ocrx_word' id='word_1_291' title='bbox 189 3493 278 3556; x_wconf 84' lang='lat' dir='ltr'>etiam</span> <span class='ocrx_word' id='word_1_292' title='bbox 302 3503 454 3576; x_wconf 84' lang='lat' dir='ltr'>petentem</span> <span class='ocrx_word' id='word_1_293' title='bbox 477 3497 593 3574; x_wconf 83' lang='lat' dir='ltr'>redire,</span> <span class='ocrx_word' id='word_1_294' title='bbox 617 3501 673 3562; x_wconf 90' lang='lat' dir='ltr'>nisi</span> <span class='ocrx_word' id='word_1_295' title='bbox 686 3501 779 3581; x_wconf 76' lang='lat' dir='ltr'>iudex</span> <span class='ocrx_word' id='word_1_296' title='bbox 793 3501 831 3564; x_wconf 91' lang='lat' dir='ltr'>ad</span> <span class='ocrx_word' id='word_1_297' title='bbox 854 3501 911 3566; x_wconf 92' lang='lat' dir='ltr'>hoc</span> <span class='ocrx_word' id='word_1_298' title='bbox 929 3502 1102 3584; x_wconf 85' lang='lat' dir='ltr'>cornpcltat.</span> <span class='ocrx_word' id='word_1_299' title='bbox 1119 3504 1172 3566; x_wconf 81' lang='lat' dir='ltr'>Ita</span> 
     </span>
     <span class='ocr_line' id='line_1_39' title="bbox 190 3583 1171 3672; baseline 0.015 -30"><span class='ocrx_word' id='word_1_300' title='bbox 190 3585 221 3644; x_wconf 86' lang='lat' dir='ltr'>S.</span> <span class='ocrx_word' id='word_1_301' title='bbox 245 3583 367 3665; x_wconf 80' lang='lat' dir='ltr'>Liguon</span> <span class='ocrx_word' id='word_1_302' title='bbox 393 3584 461 3668; x_wconf 75' lang='lat' dir='ltr'>(ib,</span> <span class='ocrx_word' id='word_1_303' title='bbox 485 3595 519 3650; x_wconf 83' lang='lat' dir='ltr'>n⁰</span> <span class='ocrx_word' id='word_1_304' title='bbox 532 3590 619 3668; x_wconf 85' lang='grc'><strong>968);</strong></span> <span class='ocrx_word' id='word_1_305' title='bbox 640 3590 818 3654; x_wconf 86' lang='lat' dir='ltr'>contradicit</span> <span class='ocrx_word' id='word_1_306' title='bbox 837 3599 937 3656; x_wconf 90' lang='lat' dir='ltr'>autem</span> <span class='ocrx_word' id='word_1_307' title='bbox 955 3591 1091 3657; x_wconf 79' lang='grc'><strong>6661666</strong></span> <span class='ocrx_word' id='word_1_308' title='bbox 1105 3591 1171 3672; x_wconf 79' lang='lat' dir='ltr'>(Be</span> 
     </span>
    </p>
   </div>
   <div class='ocr_carea' id='block_1_3' title="bbox 0 0 1247 3946">
    <p class='ocr_par' dir='ltr' id='par_1_8' title="bbox 0 0 1247 3946">
     <span class='ocr_line' id='line_1_40' title="bbox 0 0 1247 3946; baseline 0 0"><span class='ocrx_word' id='word_1_309' title='bbox 0 0 1247 3946; x_wconf 95' lang='lat' dir='ltr'> </span> 
     </span>
    </p>
   </div>
  </div>
 </body>
</html>
