2498 3966
278 275 363 324 tmen
384 279 546 337 secunons.
570 295 609 312 -·
629 275 820 328 arrrnnrcns.
978 272 1037 332 80³

68 393 229 476 poematii,
244 396 299 478 qni
314 397 435 460 ratione
451 398 550 460 aetatis
565 397 613 460 rel
626 398 740 461 laboris
751 398 894 478 jejunare
911 413 973 457 uon
993 401 1038 457 te·

68 491 193 558 nentur,
209 484 239 546 ri
251 485 343 547 dictae
362 485 565 548 resolutionis
586 488 668 549 vesci
683 486 833 550 carnibus
848 486 971 564 quoties
985 502 1039 564 per

67 573 149 636 diem
161 573 282 636 ednut‘l
300 609 335 622 -
347 580 381 636 2⁰
399 573 447 636 rln
463 575 513 647 iis,
529 573 582 656 qui
594 573 740 654 jejunare
753 593 817 638 non
833 581 982 637 tenentur
992 591 1040 634 ra-

69 663 152 726 tione
165 663 263 726 etatis
276 664 330 726 vel
340 663 469 740 loboris,
479 664 699 746 aequiparandi
712 665 775 726 sint
788 665 844 745 qul
860 663 981 726 ratione
992 663 1039 724 in-

24 828 27 832 ·
67 752 165 815 firmae
192 752 382 816 valetudinis
407 754 549 834 ajejnnio
568 762 768 828 excusantur,
795 753 876 816 adeo
911 761 946 814 ut
973 753 1040 814 istis

67 860 193 924 quoqne
205 842 324 925 pluries
335 846 367 905 iu
381 843 433 906 die
448 844 532 906 vesci
547 843 697 906 carnibus
710 843 822 904 liceat?

106 932 136 995 S.
154 931 397 1006 Paenitentiam,
424 933 546 995 mature
566 932 773 996 consideratis
789 931 958 1012 propositis
984 930 1041 994 du·

68 1022 126 1085 biis
139 1021 254 1085 dilecto
266 1021 296 1082 in
311 1020 435 1084 Christo
449 1021 566 1084 oratori
582 1022 613 1083 in
630 1021 739 1102 primis
754 1023 923 1098 respondet
938 1030 1040 1082 trans-

68 1111 218 1174 mittendo
234 1109 480 1173 declarationem
495 1109 535 1172 ab
564 1111 632 1192 ipse
659 1110 691 1173 S.
708 1109 945 1172 Poanitcntieria
961 1109 1040 1172 alias

66 1200 182 1274 datam,
207 1198 346 1262 scillcet:
365 1223 379 1256 ι
395 1197 484 1262 Ratio
500 1199 716 1279 permissionis
730 1201 769 1261 de
781 1199 844 1280 qud
863 1199 894 1260 in
917 1199 1038 1261 resolu-

68 1291 151 1354 tione
177 1287 333 1351 deitas.
356 1288 605 1365 poenitentiarii,
635 1287 673 1350 16
696 1289 834 1368 Jarruarii
859 1287 949 1364 1831,
975 1307 1039 1352 non

65 1387 112 1442 est
126 1377 287 1440 ludnltum
316 1377 532 1457 patritamillts
550 1394 749 1453 eoncessum,
764 1377 818 1440 sod
838 1377 1037 1460 impotentia,

65 1469 99 1532 in
135 1470 197 1550 qnd
225 1476 390 1531 versantur
421 1465 629 1540 filiifamilits
670 1467 860 1531 observandi
904 1485 1039 1550 precep-

64 1567 186 1622 tunna

106 1645 222 1710 Deinde
247 1645 286 1708 ad
310 1645 374 1708 duo
389 1647 495 1726 priora
517 1644 615 1708 dubia
641 1645 828 1726 respondet:
843 1643 950 1721 Quoad
975 1649 1038 1728 pri·

64 1755 165 1810 mum,
188 1735 384 1817 alfirmutict.
400 1734 508 1807 Quoad
516 1733 854 1814 securrdum,susficere
870 1737 1039 1814 permissio

62 1843 131 1890 nem
141 1827 254 1906 factam
268 1822 288 1886 d
300 1822 432 1904 simplici
446 1822 636 1903 confessario.

105 1913 226 1976 Adduo
248 1913 320 1975 vero
335 1913 507 1994 posteriora
528 1911 626 1974 dultia
637 1912 829 1992 respondet:
853 1911 959 1986 Quoad
976 1914 1040 1994 pri-

63 2022 165 2079 murn,
179 2002 314 2082 nepotiut
326 2018 333 2073 ;
345 1999 451 2082 quoad
466 2001 655 2081 secundum,
670 2019 730 2064 non
743 2003 938 2081 equiperari.

103 2093 217 2154 Datum
229 2091 335 2154 llomae
348 2092 380 2152 in
396 2089 427 2152 S.
440 2090 686 2170 poenitentiarii,
700 2091 750 2153 dle
765 2089 802 2152 27
819 2092 892 2153 meli
910 2090 998 2155 1863.

481 2215 577 2280 1.-11.
597 2213 692 2280 Card.
712 2215 854 2296 Centeno,
867 2219 906 2278 ld.
923 2219 958 2279 P.

485 2399 617 2420 *a

396 2609 588 2674 APPENDIX
607 2608 690 2673 xxtl

56 2785 149 2835 CIRGA
174 2783 394 2830 ΑΗΕΝΑΤΙΟΝΕΜ
433 2783 572 2829 cononum
613 2783 897 2830 contestasrtcoeott
927 2785 1038 2841 resedit

345 2881 545 2927 snutrttctro
559 2879 749 2928 trosrottco.

445 3007 495 3070 (td
509 3022 568 3072 me·
583 3005 662 3070 188.)

95 3157 227 3230 Auctor,
244 3175 308 3219 una
333 3174 406 3219 curn
429 3155 493 3219 lere
520 3156 671 3220 omnibus
693 3157 920 3222 recenlioribus
941 3179 1038 3225 cano·

51 3248 161 3322 uictis,
190 3263 252 3309 riou
282 3245 385 3308 solnm
406 3247 671 3308 consuetudinem
699 3247 835 3310 admittit
863 3267 925 3329 qua
954 3249 1036 3312 bona

51 3335 268 3399 ecclesiastica
305 3336 426 3418 absque
451 3335 650 3418 beneplacito
697 3339 872 3418 apostolico
909 3347 1035 3417 possent

50 3423 200 3498 alienari,
215 3426 267 3488 sed
282 3423 377 3486 etiam
394 3424 425 3485 in
439 3423 581 3504 ejusdem
596 3427 837 3490 consuetudinis
858 3427 1036 3505 legitimita-

50 3522 118 3577 tem
134 3511 375 3577 inclinandum
387 3514 471 3594 quod
488 3523 592 3576 tamen
609 3515 756 3578 accurate
771 3514 1035 3597 perpendendum

47 3613 99 3668 est
114 3621 251 3684 sequens
265 3601 296 3666 S.
314 3601 346 3665 G.
358 3601 389 3666 S.
412 3600 512 3666 0lflcit
536 3621 724 3685 responsum
740 3606 773 3668 d.
788 3603 827 3668 tt
856 3602 1034 3665 Decembris
