2420 3968
417 255 503 304 nmen
524 257 681 307 secuunus.
970 247 1022 310 aar

52 352 220 417 mimarum
228 360 349 434 perant·
358 353 461 416 reveri
469 358 572 436 postea
578 354 716 418 Pontifex
724 353 859 420 hortatur
868 361 899 419 ut
913 356 970 420 hoc
983 359 1029 422 lli·

52 441 134 506 tuale
147 440 337 521 adhibeatur,
349 442 402 505 sed
414 441 551 507 hortatur
561 445 755 528 tanquamad
766 464 831 508 rem
842 466 933 529 quam
948 450 1032 530 prius

52 531 129 595 dixit
141 549 209 595 esso
222 530 401 594 servandam
414 549 452 594 er
466 532 567 596 debito
584 553 592 595 :
608 541 637 596 et
651 535 695 596 sio
708 535 908 617 respondetur
926 539 1032 620 primae

53 621 164 684 rationi
178 619 431 684 adversariorum.
442 657 482 668 -
492 622 625 686 Probent
650 628 683 686 2⁰
709 642 747 687 ex
759 625 858 689 verbis
871 627 1007 690 diluatis
1021 648 1029 691 ε

57 713 130 776 «Ut
145 729 182 774 ea
199 729 269 793 qua
284 728 321 773 ex
335 710 468 793 antiquis
484 711 644 775 Catholicae
664 713 803 776 Ecclesia
822 714 983 793 institutis,
1002 723 1031 781 et

30 806 32 810 ‘
53 823 69 862 n
94 818 251 864 saarorunr
265 802 1029 885 canonumSummarumquePontifiounrlleoretis,

53 912 70 950 n
95 889 135 954 de
149 896 407 953 sacramentorum
419 890 526 953 ritibus
540 910 576 954 ac
589 892 767 955 ceremonia
780 891 837 954 boc
850 893 926 956 libro
936 913 1030 976 prees-

53 1002 70 1040 ι)
95 977 263 1058 cribrantur,
274 983 335 1062 qut
346 998 399 1062 par
409 978 663 1062 estdiligentitao
672 981 1031 1062 religioneaustodiantur

54 1091 71 1129 n
95 1077 126 1130 et
143 1067 250 1151 abique
275 1068 408 1153 fideliter
427 1077 606 1132 seruentur:
627 1069 702 1132 illud
728 1075 796 1132 unte
814 1069 917 1131 omnia
935 1071 1031 1150 scire,

53 1182 70 1219 n
96 1165 128 1222 et
146 1158 304 1222 observare
322 1159 483 1237 convenit,
499 1159 581 1241 quod
602 1160 719 1223 Sacros.
738 1157 872 1222 Trident.
893 1160 1032 1242 Synodus

53 1272 71 1309 n
97 1247 136 1310 de
159 1247 195 1309 iis
218 1247 326 1310 ritibus
347 1247 479 1310 decrevit
499 1248 532 1310 in
552 1248 617 1312 haeo
638 1249 752 1312 verba:
773 1247 811 1311 Si
828 1248 894 1332 qais
918 1248 1032 1310 dr'uerit

54 1361 70 1399 n
97 1343 225 1420 receptos
234 1345 264 1400 et
272 1336 444 1420 approbatos
453 1337 597 1401 Ecclesiae
608 1337 769 1401 cellatica
781 1338 859 1400 rima
868 1339 899 1399 in
912 1339 1033 1402 solemni

54 1451 70 1490 o
95 1434 346 1490 sacramentorum
368 1426 627 1489 administratione
644 1427 781 1490 adleiberi
799 1435 958 1509 contemtos,
981 1439 1033 1490 ont

53 1541 70 1578 n
97 1516 257 1590 contemni,
273 1524 327 1578 unt
343 1517 407 1578 sini
421 1524 540 1599 peccato
560 1517 578 1578 d
596 1517 742 1578 ministris
753 1535 809 1599 pro
823 1516 912 1579 libitu
933 1520 1033 1580 omitti

54 1632 72 1668 n
96 1605 191 1668 autin
203 1605 379 1685 moontelios,
390 1607 1031 1689 perquemcumqueEcclesiarumpestorem,

55 1721 72 1758 n
96 1695 211 1758 matari
226 1715 329 1778 posse,
353 1695 507 1757 anatliema
528 1695 578 1755 sit.
598 1718 614 1754 n
642 1697 672 1756 Si
696 1697 768 1776 ergo
787 1696 862 1758 ritus
883 1696 913 1757 in
934 1697 1032 1760 rituali

55 1785 215 1870 descripti,
233 1803 290 1846 non
302 1791 488 1868 posmntpro
506 1783 594 1845 illitu
611 1783 730 1862 omitti,
747 1784 771 1844 si
793 1791 949 1865 noqueunt
968 1805 1032 1848 ma·

56 1876 121 1938 tari
131 1894 187 1956 per
200 1894 404 1957 mmcumque
421 1873 605 1936 ecclesiaram
614 1881 783 1954 pastorem,
799 1873 824 1934 si
837 1873 959 1936 landem
972 1875 1033 1936 ubi·

53 1983 112 2049 que
122 1963 248 2026 fideliter
261 1961 513 2026 observandesant
527 1981 593 2044 quie
605 1965 637 2024 in
653 1961 774 2023 Bitnali
783 1962 1030 2045 prescribantur.

55 2057 139 2136 Ergo
148 2052 271 2115 Bitunia
279 2052 341 2114 vim
351 2051 426 2134 legis
439 2052 529 2114 babet
542 2051 623 2134 apud
636 2069 744 2114 omnes
756 2051 904 2116 Ecclesias
913 2053 1030 2118 latinas.

97 2145 161 2206 Neo
181 2143 242 2206 vim
256 2142 346 2223 huius
359 2141 531 2224 argumenti
553 2141 713 2205 destruunt
731 2141 821 2204 verba
841 2143 933 2206 Cone.
948 2143 1029 2207 Trid.

57 2235 147 2314 (sese.
165 2237 223 2312 id,
239 2251 304 2315 cap.
331 2235 360 2310 l,
382 2231 415 2293 de
435 2231 521 2313 resi,
537 2231 647 2314 quibus
667 2231 850 2314 permittitur
867 2233 953 2314 sequi
966 2233 1031 2295 lau·

55 2322 174 2386 debiles
187 2320 420 2386 consuetudines
434 2320 464 2381 in
475 2319 733 2383 administratione
743 2321 944 2382 Matrimonii:
961 2341 1031 2383 narn

57 2413 97 2475 ab
113 2412 242 2495 ipsomet
256 2409 374 2473 llituali
383 2457 391 2486 ,
400 2409 478 2472 sicut
486 2409 524 2472 ab
538 2411 667 2491 ipsomet
676 2409 809 2470 Concilio
818 2409 1032 2489 permittuntur

57 2499 235 2582 hujusmodi
244 2496 478 2563 mansuetudines
488 2545 496 2576 ,
507 2498 559 2560 sed
570 2517 625 2579 pro
634 2497 835 2559 celebratione
849 2498 1030 2559 matrimonii

56 2591 197 2653 tantiun:
213 2589 295 2653 unde
315 2586 429 2652 nedum
450 2588 606 2649 infirment
625 2586 686 2648 vim
702 2590 813 2646 nostrae
830 2584 1030 2665 probationis,

57 2679 143 2742 illam
164 2677 375 2756 corroborent,
393 2678 465 2740 olam
486 2677 545 2738 sint
562 2674 717 2756 exceptio,
732 2677 762 2736 et
778 2673 915 2755 exceptio
933 2673 1033 2738 firmet

59 2768 199 2851 regulam
219 2768 333 2834 nedum
350 2767 433 2830 illam
455 2765 607 2829 destruat:
624 2764 668 2827 sio
687 2761 885 2846 respondetur
899 2763 1032 2828 seeundo

58 2865 242 2942 argumento
256 2857 505 2921 adversariorum.

98 2952 132 3013 3⁰
147 2942 558 3028 Probanterregulislndiois
567 2941 900 3028 quibusprohibenturr
915 2943 1033 3008 «Bene-

58 3060 75 3098 »
99 3037 248 3102 dictiones
274 3055 381 3100 omnes
398 3033 627 3112 ecclesiasticae,
649 3033 707 3096 nisi
730 3032 901 3118 approbare
923 3033 1033 3098 luerint

58 3149 74 3188 n
98 3130 117 3190 a
131 3129 164 3192 S.
174 3129 212 3190 R.
227 3125 475 3209 congregatione.
485 3127 579 3202 Item,
594 3123 704 3186 ilituali
718 3125 855 3186 flammo
868 3121 1033 3188 additiones

57 3239 74 3276 n
98 3235 209 3280 ornnes
221 3216 324 3296 factae,
335 3221 388 3278 aut
400 3212 545 3278 iaciendae
558 3218 627 3295 post
639 3211 883 3274 reformationem
896 3212 980 3276 Pauli
995 3215 1031 3294 V,

58 3327 75 3368 n
100 3306 168 3370 sine
182 3305 397 3389 approbatione
411 3306 443 3367 S.
459 3304 607 3384 congreg.
623 3301 786 3366 Rituum.n

98 3395 274 3462 billa-4⁰
287 3393 384 3460 Variis
397 3392 600 3460 decisionibus
618 3393 649 3454 S.
668 3394 705 3454 n.
721 3393 883 3476 Congreg.;
898 3391 1034 3456 consulta

58 3487 171 3550 enims
195 3491 328 3549 cubum
348 3483 424 3547 liber
450 3483 500 3546 oui
517 3481 620 3544 titulus
640 3477 779 3546 collectio
795 3481 857 3543 siae
874 3489 1034 3564 apparatas

57 3599 74 3638 a
98 3575 335 3653 namnetorum,
351 3571 600 3651 Matinum,
614 3570 952 3651 contumacissimo..
966 3585 1035 3632 suo

57 3685 74 3726 ι
98 3671 169 3729 tore
186 3661 341 3728 Bernardo
363 3657 500 3743 Sannig,
521 3661 561 3724 sit
581 3655 749 3744 prohibitur
761 3653 903 3741 ebora...
922 3653 1035 3734 meula
