2482 3944
394 227 477 274 traca
499 229 657 277 secunnus.
984 215 1022 274 33

44 323 224 401 nonnullos,
240 327 402 408 praefatum
423 335 607 409 praeceptum
623 345 684 389 non
705 334 839 409 spectare
854 330 1023 394 sacerdotes

44 414 89 494 qni
112 423 197 476 extra
224 417 434 478 necessitatem
454 423 507 478 ant
529 416 674 478 habentes
687 418 805 498 copiam
819 418 1020 496 confessuris,

44 503 182 583 sacrilege
197 512 302 566 tamen
318 505 492 566 celebrant:
508 505 580 585 quia
593 505 726 567 trident.
745 514 928 588 praeoeptum
943 507 1022 569 ordi·

45 600 141 652 natum
157 592 213 653 tuit
225 592 263 654 ad
280 601 398 654 metum
414 593 621 655 incutiendum
633 594 729 675 iisqui
741 594 770 656 in
785 613 856 656 casu
867 597 1021 678 supposito

44 679 263 742 contessionem
277 681 435 755 differunt,
448 699 508 742 non
517 683 588 743 verb
602 681 638 744 ad
655 681 864 764 impediendos
877 685 1021 764 sacrilege

45 767 246 844 celebrantes,
262 771 315 852 qui
330 777 506 851 contenrpto
519 769 621 834 divino
636 771 789 846 mandato,
805 771 922 834 lacilibs
936 791 1020 833 man-

45 856 139 918 datum
158 859 404 921 ecclesiasticum
422 867 670 922 contemnerent:
690 859 802 940 quibus
816 859 943 941 proindd
959 865 1020 922 non

47 944 134 1020 utilis,
152 946 208 1008 sed
225 949 317 1008 noxia
331 946 436 1008 luisset
450 947 621 1028 prohibitio.
638 947 713 1010 Vide
728 949 759 1010 S.
776 948 898 1030 Liguor.
916 947 1019 1030 (idid,

48 1042 76 1094 n·
89 1037 174 1112 aaut,
193 1035 249 1098 ubi
264 1035 388 1117 quidam
404 1036 451 1098 alii
466 1055 554 1100 casus
567 1037 791 1118 expenduntur.

82 1127 269 1187 butt-3⁰
291 1124 544 1187 Communissime
565 1126 687 1188 elsatia
708 1125 901 1206 probabiliter
917 1125 1020 1189 dicunt

50 1211 139 1290 plnres
152 1219 263 1276 contra
277 1213 373 1274 Callet
385 1220 415 1275 et
428 1213 522 1288 aliua,
544 1213 701 1296 praelatum
722 1223 904 1295 preceptum
924 1213 1019 1278 conti-

50 1300 119 1360 tendi
132 1303 356 1384 quamprimum
372 1320 432 1364 non
455 1311 589 1384 spectare
604 1303 695 1365 laicos
714 1311 766 1364 aut
783 1303 953 1364 sacerdotes
966 1305 1018 1386 qui

51 1386 75 1446 in
89 1391 265 1452 necessitate
289 1408 373 1451 more
397 1390 540 1454 laicorum
562 1391 848 1467 communicarunt,
864 1391 936 1472 quia
954 1393 1018 1454 Tri-

50 1473 203 1540 dentinum
219 1477 353 1560 loquitur
375 1481 494 1542 tantbm
514 1479 553 1541 de
570 1479 724 1542 sacerdote
742 1480 794 1562 qui
814 1479 1017 1543 celebraverit.

52 1567 90 1642 (Β.
104 1567 242 1648 Liguor.,
258 1565 347 1644 illd,
364 1576 397 1628 n⁰
410 1571 494 1647 268.)

84 1659 171 1718 llll.
195 1659 234 1720 Ut
247 1657 399 1737 poenitens
416 1657 510 1738 possit
528 1657 565 1719 ad
579 1675 696 1720 moram
710 1675 847 1720 mensam
863 1657 1018 1737 accedere,

52 1761 105 1804 non
116 1744 389 1826 estexpectandum
402 1744 483 1828 quod
498 1745 683 1828 condignam
692 1746 926 1808 satisfactionem
935 1747 1019 1826 pribs

53 1833 107 1893 lleo
118 1833 290 1910 exsarirerit;
306 1832 449 1896 damnata
466 1834 550 1896 enim
570 1833 627 1896 luit
640 1835 678 1896 ab
696 1833 865 1894 Alexandro
881 1835 931 1892 Vll
948 1850 1018 1911 pro-

54 1923 149 1998 positio
163 1941 313 2004 sequens:
330 1945 345 1982 <r
360 1923 501 2005 Sacrilegi
514 1929 585 1984 sunt
596 1920 751 2001 Judicaodi
766 1919 876 2001 quijus
890 1919 927 1982 ad
940 1938 1021 1982 eom-

58 2033 69 2062 a
89 2013 261 2076 munionem
281 2011 506 2093 percipiendam
527 2009 735 2092 praetendunt,
759 2017 923 2091 antequam
943 2027 1017 2072 con-

57 2123 69 2152 ι
88 2098 203 2181 dignam
218 2101 257 2162 dc
271 2100 387 2162 delictis
401 2099 463 2162 suis
476 2099 684 2180 poenitentiam
698 2099 824 2179 egerint.
848 2097 902 2160 »si
917 2105 1018 2162 tamon

56 2184 143 2250 luisset
158 2190 299 2271 publicus
317 2195 477 2271 peccator,
497 2188 648 2252 sufficiens
662 2188 700 2250 ab
720 2205 756 2250 eo
776 2187 925 2270 exigenda
939 2195 1019 2250 esset

56 2277 170 2340 scandali
193 2279 354 2360 reparatio.

89 2369 129 2426 tn
137 2376 166 2428 et
174 2377 326 2448 quatenus
335 2367 484 2430 viaticum
496 2367 589 2449 possit
602 2365 710 2430 deterri
722 2366 871 2448 peccatori
882 2365 1015 2448 publico,

54 2452 110 2516 ride
122 2474 211 2538 supra
225 2459 319 2528 3207,
335 2459 413 2518 :tara
427 2503 434 2534 ‚
450 2461 507 2519 etc.

427 2633 582 2693 runcrutr
598 2635 643 2692 lll.

57 2762 86 2806 nn
102 2765 346 2814 nrsrosrrromnus
366 2763 504 2813 macoma
517 2765 556 2810 an
576 2761 830 2810 cuuuuurcnrrnuu
843 2759 1013 2811 anoursrrrs.

89 2900 170 2960 atta.
195 2897 252 2972 Qui
273 2896 339 2959 vult
359 2899 604 2975 communicare,
632 2895 778 2958 immunis
806 2913 872 2957 esse
895 2894 1018 2956 debeta

57 2985 222 3063 quibusdam
238 2986 375 3060 maculis,
387 2987 598 3050 convenienter
612 3003 678 3048 esse
695 2986 835 3063 vestitus,
850 2991 880 3048 et
891 2983 1019 3064 jejunus

58 3073 70 3132 l
82 3076 172 3138 neda
184 3084 285 3138 nocte.

90 3169 115 3224 l·
135 3167 257 3246 Legitur
271 3165 429 3228 inrubrica
439 3165 600 3248 blissalislg
615 3170 650 3239 9,
664 3163 827 3244 dedesect.)
843 3183 851 3226 ε
871 3185 887 3223 r
901 3163 930 3225 Si
945 3181 1019 3245 prae·

59 3273 69 3306 a
89 3257 203 3316 cmserit
222 3255 349 3335 pollutio
363 3263 527 3322 nocturna,
548 3272 616 3334 quaa
634 3259 756 3314 causata
778 3251 866 3314 luerit
885 3271 921 3315 ex
946 3273 1019 3335 prra-

59 3361 70 3396 a
90 3343 198 3405 cedenti
213 3343 395 3424 cogitatione
410 3343 530 3424 quaesit
545 3350 700 3422 peccatum
715 3341 861 3414 mortale,
883 3342 930 3404 vel
949 3361 1017 3406 cve·

60 3433 160 3494 inerit
188 3441 312 3515 propter
338 3431 463 3493 nimiam
490 3431 669 3511 crapulam,
693 3428 903 3492 abstinendum
929 3438 974 3492 est
1000 3435 1019 3494 b

62 3539 71 3570 a
90 3523 301 3584 communione
315 3527 345 3582 et
357 3519 580 3594 celebratione,
602 3517 658 3579 nisi
677 3517 758 3579 aliud
781 3519 964 3580 contessario
978 3520 1019 3578 vi·

62 3627 71 3660 r
89 3607 206 3688 deatur;
222 3612 248 3672 si
262 3609 391 3671 dubium
407 3615 501 3672 estan
511 3609 540 3670 in
553 3606 735 3685 praecedenti
743 3607 923 3688 cogitatione
931 3606 1018 3668 luerit
