2474 3946
205 162 264 226 atd
423 173 564 222 uisurus
584 173 689 224 rorans
709 177 790 227 rann
809 177 959 228 cinnum.

203 288 247 349 sio
258 284 347 346 iratist
364 284 474 345 Bened.
490 286 579 353 xit.
594 288 694 350 Consi.
713 288 769 351 Dei
778 289 975 364 miseratione,
987 287 1035 369 §l
1054 287 1167 353 :rida-
1223 299 1224 350 ξ

202 394 218 433 a
242 373 373 434 trimnnii
389 369 498 442 ioedus.
510 381 659 454 quatenus
673 385 787 439 naturae.
802 377 934 440 odicium
949 385 1005 452 est,
1022 394 1078 459 pro
1090 379 1167 440 edu·

201 483 217 522 n
241 461 444 540 candaeprotis
456 463 566 535 studio,
579 465 706 546 aliisque
718 465 900 526 Matrimonii
911 465 998 527 bonis
1012 466 1167 529 servandis
1223 479 1224 490 ¹

201 571 216 609 n
237 558 441 631 perpetuumu
453 551 658 614 indissolubile
669 571 735 616 esse
749 553 901 617 convenit.
915 574 931 614 a
948 553 1014 616 lmd
1026 555 1164 618 rtarnnata
1223 547 1224 640 i

201 637 283 698 suita
299 639 349 699 Pio
364 641 613 718 respersionem
629 639 806 716 Apostolicae
820 641 917 720 Sedis,
932 645 970 704 Ἠ
985 661 1055 723 aug.
1076 647 1163 719 rant,

200 727 363 806 propositio
372 727 518 808 Nuytz,in
533 729 771 810 quddicebatur:
786 733 1164 795 «lurenaturaematrime-
1204 763 1208 772 ·
1223 775 1224 818 q

200 815 239 874 nii
255 815 407 876 vinculum
425 833 484 876 non
496 817 789 880 esseindissolubile.
817 820 875 882 nv.
888 817 1157 900 Spltadiprop.ttt‚
1223 827 1224 912 t

235 901 324 960 arm.
348 899 410 961 Sub
425 899 557 963 secundo
567 907 720 982 respectu,
729 903 805 982 juris
818 921 928 988 nempe
936 905 1162 989 divinipositivi‚
1223 917 1224 1002 p

199 987 326 1068 expendi
341 995 439 1068 potest
456 989 908 1070 quaestiodeindissolubititatc,
925 995 985 1057 sive
998 995 1099 1076 quoad
1111 999 1164 1059 tu·
1223 1013 1224 1078 t

198 1073 296 1150 decos,
313 1077 373 1138 sive
388 1077 488 1156 quoad
511 1078 661 1154 infideles,
678 1079 738 1140 sive
751 1080 849 1160 rpuoad
865 1083 1052 1145 christianos.

237 1164 266 1224 1⁰
290 1163 391 1238 (luced
401 1167 535 1228 ludaeos:
552 1167 677 1229 sufficiat
691 1169 801 1230 referre
815 1171 904 1232 verba
919 1173 1165 1251 Deuteronomii‚

198 1269 264 1333 cap.
281 1257 336 1328 dl,
356 1273 384 1314 v.
401 1259 414 1314 t
439 1263 468 1315 et
482 1274 545 1335 seq.
564 1274 571 1316 :
592 1279 606 1315 n
626 1259 655 1318 Si
670 1259 817 1338 acceperit
836 1258 927 1321 homo
942 1279 1118 1337 unnrem...‚
1138 1270 1166 1324 et

198 1362 213 1396 n
238 1359 299 1401 non
311 1341 456 1403 invenerit
470 1344 594 1422 gratiam
609 1353 677 1407 ante
691 1347 794 1408 oculos
805 1350 885 1427 ejus,
901 1357 1022 1431 propter
1035 1351 1166 1432 aliquam

197 1449 212 1485 o
237 1427 396 1490 l'aeditatem
409 1433 523 1508 (vitium
534 1433 655 1514 aliquod
670 1435 778 1497 animae
792 1437 837 1498 vel
851 1440 1047 1519 corporis)...,
1058 1441 1169 1502 scribet

197 1537 213 1576 n
237 1517 371 1579 libeltum
386 1520 524 1602 repudii,
539 1529 569 1583 et
581 1521 661 1584 dabit
673 1524 703 1584 in
718 1541 811 1588 manu
826 1525 904 1588 illius
915 1535 945 1589 et
958 1527 1087 1590 dimittet
1100 1549 1168 1592 eam

198 1627 213 1664 n
237 1605 275 1668 de
288 1605 379 1668 domo
390 1613 454 1670 suli.
471 1611 608 1692 iliumque
618 1630 737 1694 egressa
744 1615 870 1676 alterum
880 1616 1021 1678 maritum
1036 1617 1167 1696 duxerit,

198 1716 213 1754 o
237 1701 267 1756 et
281 1695 329 1758 illo
343 1715 464 1779 quoque
478 1699 573 1760 oderit
587 1718 672 1778 eam,
692 1701 868 1785 dederitque
886 1706 912 1767 ei
929 1705 1063 1768 libellum
1077 1726 1169 1790 repu-

197 1804 214 1843 »
238 1782 292 1862 dii,
308 1792 337 1846 et
350 1785 495 1854 dimiserit
509 1787 547 1849 de
560 1788 651 1850 domo
665 1794 738 1866 sua,
753 1792 799 1853 vel
816 1795 895 1855 certe
910 1801 1046 1857 mortuus
1061 1795 1168 1874 tuerit,

198 1894 214 1930 o
239 1892 299 1934 non
315 1876 423 1955 poterit
434 1877 515 1957 prior
530 1878 655 1940 maritus
668 1880 801 1961 recipere
813 1899 880 1944 eam
895 1884 926 1943 in
940 1903 1081 1964 uxorem,
1096 1889 1171 1968 quia

200 1981 215 2046 a
240 1962 351 2042 polluta
372 1971 463 2025 estet
483 1966 693 2028 abominabilis
713 1967 788 2030 lacta
805 1977 850 2032 est
869 1983 970 2034 coram
991 1975 1167 2038 Domino.»

200 2049 357 2120 Quomodo
370 2053 601 2134 interpretentur
617 2055 682 2118 haeo
695 2058 919 2122 Deuteronomii
937 2061 1025 2124 verba
1038 2064 1055 2124 ir
1071 2065 1172 2144 Syna-

200 2141 287 2219 lgoga‚
312 2140 378 2203 ride
401 2144 437 2204 D.
462 2143 560 2206 Drach
584 2144 664 2227 apud
688 2146 761 2207 Ami
773 2146 807 2208 de
829 2148 859 2209 to
879 2150 965 2230 reliq.
986 2153 1071 2228 (tom.
1089 2157 1171 2232 rra,

200 2245 269 2307 pag.
289 2230 373 2309 324).
389 2231 442 2292 His
455 2239 556 2293 autem
570 2233 668 2295 verbis
686 2242 888 2299 communiter
905 2238 1014 2302 docent
1026 2241 1089 2302 ΠΙ).
1106 2242 1173 2305 dis-

199 2315 331 2378 solutum
346 2317 435 2380 luisse
448 2321 548 2400 quoad
557 2321 710 2384 vinculum
720 2325 943 2388 Matrimonium
955 2328 1035 2409 apud
1046 2329 1175 2396 Judaeos

200 2421 254 2484 per
268 2405 402 2468 libellum
417 2407 552 2488 repudii:
567 2408 625 2472 hoc
643 2417 743 2474 tamen
754 2423 879 2494 propter
891 2414 1036 2478 duritiam
1053 2419 1170 2493 ordis,

199 2493 242 2554 uti
257 2491 415 2557 declaravit
424 2495 573 2576 Christus,
589 2499 640 2578 qui
656 2499 880 2564 Matrimonium
894 2505 1064 2568 restituitad
1080 2525 1173 2573 suam

200 2581 329 2664 primam
350 2585 567 2648 institutionem
587 2605 641 2650 seu
659 2586 961 2656 indissolubilitatem.
983 2596 1025 2676 (S.
1048 2598 1173 2678 Muttin,

200 2675 478 2752 c.tti‚v.6et*tt.

240 2761 422 2825 Dissentiunt
450 2767 511 2828 DD.
536 2767 616 2830 circa
638 2769 835 2849 questionem
856 2789 894 2833 an
914 2772 1038 2838 facultas
1054 2776 1174 2843 Judaeis

200 2867 342 2912 concessa
355 2855 581 2917 Matrimonium
594 2856 785 2934 dissolvendi,
801 2867 924 2922 extensa
938 2861 1027 2925 luerit
1039 2865 1077 2927 ad
1089 2869 1173 2931 Gen·

201 2935 283 2996 tiles:
298 2939 376 3000 circa
390 2941 473 3020 quod·
483 2943 550 3005 vide
564 2945 714 3023 Carriere,
728 2946 774 3008 De
786 2948 937 3024 Matrini„
949 2959 981 3011 n·
996 2955 1067 3016 255.

239 3027 329 3088 4¹03.
346 3053 382 3074 ·-
397 3030 428 3090 2⁰
443 3029 544 3103 (luced
555 3033 879 3115 infideles—Ouanias
886 3058 942 3120 per
953 3051 1175 3107 sacramentum

199 3111 349 3192 Baptismi
356 3160 366 3191 ,
384 3123 417 3178 ut
430 3118 472 3179 ait
484 3119 679 3186 Innocentius
695 3125 731 3186 nr
742 3127 818 3207 (cap.
836 3124 998 3190 canuno
1011 3133 1049 3201 8,
1066 3131 1105 3195 de
1119 3135 1175 3196 Di·

197 3200 326 3284 vortiis),
352 3205 573 3269 noneoluuntur
589 3214 740 3295 conjupa'u,
762 3216 812 3277 sed
825 3217 952 3280 crimino
973 3219 1176 3285 dimittuntur

197 3288 295 3362 (unde
312 3291 336 3353 si
351 3296 495 3375 conjuges
509 3297 644 3362 infideles
662 3303 699 3363 ad
719 3303 809 3366 fidem
828 3307 918 3370 ambo
936 3319 1174 3390 convertantur,

199 3385 313 3439 certum
325 3387 370 3442 est
381 3384 607 3448 Matrimonium
617 3389 694 3452 inter
704 3392 784 3473 ipsos
796 3413 857 3456 non
870 3395 1020 3476 dissolri),
1035 3407 1176 3463 attamen

198 3483 269 3528 casu
290 3487 352 3549 quo
373 3489 452 3534 unus
472 3472 614 3538 duntaxat
634 3477 726 3542 fidem
746 3483 938 3548 christianam
959 3489 1174 3570 amplectitur,

200 3553 263 3632 ipse
277 3561 372 3635 potest
384 3559 544 3624 dissolvere
559 3565 782 3634 Matrimonium
797 3572 828 3634 i'n
842 3573 1015 3638 infidelitate
1026 3585 1173 3640 contrac-
