<?xml version="1.0" encoding="UTF-8"?>
<!DOCTYPE html PUBLIC "-//W3C//DTD XHTML 1.0 Transitional//EN"
    "http://www.w3.org/TR/xhtml1/DTD/xhtml1-transitional.dtd">
<html xmlns="http://www.w3.org/1999/xhtml" xml:lang="en" lang="en">
 <head>
  <title>
</title>
<meta http-equiv="Content-Type" content="text/html;charset=utf-8" />
  <meta name='ocr-system' content='tesseract 3.04.00' />
  <meta name='ocr-capabilities' content='ocr_page ocr_carea ocr_par ocr_line ocrx_word'/>
</head>
<body>
  <div class='ocr_page' id='page_1' title='image "./manualetotiusju00craigoog_0800.png"; bbox 0 0 2498 3966; ppageno 0'>
   <div class='ocr_carea' id='block_1_1' title="bbox 273 217 1030 277">
    <p class='ocr_par' dir='ltr' id='par_1_1' title="bbox 273 217 1030 277">
     <span class='ocr_line' id='line_1_1' title="bbox 273 217 1030 277; baseline -0.004 0"><span class='ocrx_word' id='word_1_1' title='bbox 273 229 357 277; x_wconf 78' lang='lat' dir='ltr'><strong>ctera</strong></span> <span class='ocrx_word' id='word_1_2' title='bbox 377 229 537 276; x_wconf 81' lang='lat' dir='ltr'><strong>succubus.</strong></span> <span class='ocrx_word' id='word_1_3' title='bbox 560 241 598 260; x_wconf 90' lang='lat'><em>-</em></span> <span class='ocrx_word' id='word_1_4' title='bbox 619 227 806 275; x_wconf 66' lang='lat' dir='ltr'><strong>presumere.</strong></span> <span class='ocrx_word' id='word_1_5' title='bbox 973 217 1030 274; x_wconf 69' lang='lat'><strong>&#39;193</strong></span> 
     </span>
    </p>
   </div>
   <div class='ocr_carea' id='block_1_2' title="bbox 40 339 1117 3635">
    <p class='ocr_par' dir='ltr' id='par_1_2' title="bbox 58 339 1035 692">
     <span class='ocr_line' id='line_1_2' title="bbox 59 339 1033 428; baseline -0.007 -19"><span class='ocrx_word' id='word_1_6' title='bbox 59 362 151 428; x_wconf 88' lang='lat' dir='ltr'><strong>quam</strong></span> <span class='ocrx_word' id='word_1_7' title='bbox 165 344 292 408; x_wconf 88' lang='lat' dir='ltr'><strong>divortii</strong></span> <span class='ocrx_word' id='word_1_8' title='bbox 316 345 418 406; x_wconf 86' lang='lat' dir='ltr'><strong>civilis</strong></span> <span class='ocrx_word' id='word_1_9' title='bbox 433 342 697 407; x_wconf 83' lang='lat' dir='ltr'><strong>senteutiasierre</strong></span> <span class='ocrx_word' id='word_1_10' title='bbox 709 339 1033 422; x_wconf 85' lang='lat' dir='ltr'><strong>contrajusdivinum</strong></span> 
     </span>
     <span class='ocr_line' id='line_1_3' title="bbox 59 429 1032 511; baseline -0.008 -14"><span class='ocrx_word' id='word_1_11' title='bbox 59 443 90 497; x_wconf 88' lang='lat' dir='ltr'><strong>st</strong></span> <span class='ocrx_word' id='word_1_12' title='bbox 116 433 370 496; x_wconf 87' lang='lat' dir='ltr'><strong>ecclesiasticum.</strong></span> <span class='ocrx_word' id='word_1_13' title='bbox 401 433 457 496; x_wconf 90' lang='lat' dir='ltr'><strong>llic</strong></span> <span class='ocrx_word' id='word_1_14' title='bbox 484 441 659 496; x_wconf 80' lang='lat' dir='ltr'><strong>recurrerat</strong></span> <span class='ocrx_word' id='word_1_15' title='bbox 674 433 714 494; x_wconf 88' lang='lat' dir='ltr'><strong>ad</strong></span> <span class='ocrx_word' id='word_1_16' title='bbox 740 429 942 496; x_wconf 89' lang='lat' dir='ltr'><strong>Ordinarium</strong></span> <span class='ocrx_word' id='word_1_17' title='bbox 966 429 1032 511; x_wconf 85' lang='lat' dir='ltr'><strong>qui,</strong></span> 
     </span>
     <span class='ocr_line' id='line_1_4' title="bbox 58 517 1035 604; baseline -0.005 -20"><span class='ocrx_word' id='word_1_18' title='bbox 58 523 205 584; x_wconf 87' lang='lat' dir='ltr'><strong>omnibus</strong></span> <span class='ocrx_word' id='word_1_19' title='bbox 231 523 427 604; x_wconf 83' lang='lat' dir='ltr'><strong>expositis‚a</strong></span> <span class='ocrx_word' id='word_1_20' title='bbox 455 522 488 586; x_wconf 88' lang='lat' dir='ltr'><strong>S.</strong></span> <span class='ocrx_word' id='word_1_21' title='bbox 518 522 598 586; x_wconf 87' lang='lat' dir='ltr'><strong>Sede</strong></span> <span class='ocrx_word' id='word_1_22' title='bbox 620 529 722 584; x_wconf 86' lang='lat' dir='ltr'><strong>tutam</strong></span> <span class='ocrx_word' id='word_1_23' title='bbox 738 519 851 601; x_wconf 83' lang='lat' dir='ltr'><strong>agendi</strong></span> <span class='ocrx_word' id='word_1_24' title='bbox 877 517 1035 582; x_wconf 88' lang='lat' dir='ltr'><strong>rationem</strong></span> 
     </span>
     <span class='ocr_line' id='line_1_5' title="bbox 59 607 855 692; baseline 0 -20"><span class='ocrx_word' id='word_1_25' title='bbox 59 608 288 692; x_wconf 76' lang='lat' dir='ltr'><strong>expostulabat,</strong></span> <span class='ocrx_word' id='word_1_26' title='bbox 303 619 334 672; x_wconf 87' lang='lat' dir='ltr'><strong>et</strong></span> <span class='ocrx_word' id='word_1_27' title='bbox 347 610 510 691; x_wconf 88' lang='lat' dir='ltr'><strong>sequentia</strong></span> <span class='ocrx_word' id='word_1_28' title='bbox 526 609 724 691; x_wconf 81' lang='lat' dir='ltr'><strong>proponebat</strong></span> <span class='ocrx_word' id='word_1_29' title='bbox 740 607 855 672; x_wconf 88' lang='lat' dir='ltr'><strong>dubia:</strong></span> 
     </span>
    </p>

    <p class='ocr_par' dir='ltr' id='par_1_3' title="bbox 102 695 1036 778">
     <span class='ocr_line' id='line_1_6' title="bbox 102 695 1036 778; baseline -0.001 -19"><span class='ocrx_word' id='word_1_30' title='bbox 102 721 116 758; x_wconf 80' lang='grc' dir='ltr'><strong>ι</strong></span> <span class='ocrx_word' id='word_1_31' title='bbox 138 699 167 761; x_wconf 81' lang='lat' dir='ltr'><strong>l⁰</strong></span> <span class='ocrx_word' id='word_1_32' title='bbox 188 700 236 760; x_wconf 75' lang='lat' dir='ltr'><strong>An</strong></span> <span class='ocrx_word' id='word_1_33' title='bbox 262 697 376 778; x_wconf 82' lang='lat' dir='ltr'><strong>judex,</strong></span> <span class='ocrx_word' id='word_1_34' title='bbox 402 698 578 764; x_wconf 79' lang='lat' dir='ltr'><strong>dummodo</strong></span> <span class='ocrx_word' id='word_1_35' title='bbox 597 698 787 760; x_wconf 77' lang='lat' dir='ltr'>catholicam</span> <span class='ocrx_word' id='word_1_36' title='bbox 802 697 981 760; x_wconf 75' lang='lat' dir='ltr'><strong>doctrinam</strong></span> <span class='ocrx_word' id='word_1_37' title='bbox 997 695 1036 759; x_wconf 92' lang='lat' dir='ltr'><strong>de</strong></span> 
     </span>
    </p>

    <p class='ocr_par' dir='ltr' id='par_1_4' title="bbox 40 784 1117 1224">
     <span class='ocr_line' id='line_1_7' title="bbox 40 784 1036 868; baseline 0 -20"><span class='ocrx_word' id='word_1_38' title='bbox 40 831 42 835; x_wconf 68' lang='lat'>,</span> <span class='ocrx_word' id='word_1_39' title='bbox 60 787 260 850; x_wconf 86' lang='lat' dir='ltr'><strong>matrimonio</strong></span> <span class='ocrx_word' id='word_1_40' title='bbox 283 787 387 868; x_wconf 90' lang='lat' dir='ltr'><strong>deque</strong></span> <span class='ocrx_word' id='word_1_41' title='bbox 401 789 506 850; x_wconf 85' lang='lat' dir='ltr'><strong>causis</strong></span> <span class='ocrx_word' id='word_1_42' title='bbox 523 785 812 850; x_wconf 81' lang='lat' dir='ltr'><strong>matrimonialibus</strong></span> <span class='ocrx_word' id='word_1_43' title='bbox 827 786 867 849; x_wconf 92' lang='lat' dir='ltr'><strong>ad</strong></span> <span class='ocrx_word' id='word_1_44' title='bbox 881 784 964 848; x_wconf 89' lang='lat' dir='ltr'><strong>solos</strong></span> <span class='ocrx_word' id='word_1_45' title='bbox 984 785 1036 865; x_wconf 87' lang='lat' dir='ltr'><strong>ju·</strong></span> 
     </span>
     <span class='ocr_line' id='line_1_8' title="bbox 57 873 1034 956; baseline -0.004 -16"><span class='ocrx_word' id='word_1_46' title='bbox 57 879 142 940; x_wconf 79' lang='lat' dir='ltr'><strong>diues</strong></span> <span class='ocrx_word' id='word_1_47' title='bbox 176 874 403 938; x_wconf 87' lang='lat' dir='ltr'><strong>ecclesiasticos</strong></span> <span class='ocrx_word' id='word_1_48' title='bbox 442 873 677 956; x_wconf 83' lang='lat' dir='ltr'><strong>pertinentibus</strong></span> <span class='ocrx_word' id='word_1_49' title='bbox 703 873 809 956; x_wconf 90' lang='lat' dir='ltr'><strong>palarn</strong></span> <span class='ocrx_word' id='word_1_50' title='bbox 839 873 1034 956; x_wconf 84' lang='lat' dir='ltr'><strong>profiteatur,</strong></span> 
     </span>
     <span class='ocr_line' id='line_1_9' title="bbox 59 960 1035 1046; baseline -0.003 -19"><span class='ocrx_word' id='word_1_51' title='bbox 59 977 151 1046; x_wconf 86' lang='lat' dir='ltr'><strong>atque</strong></span> <span class='ocrx_word' id='word_1_52' title='bbox 166 963 247 1026; x_wconf 92' lang='lat' dir='ltr'><strong>nibil</strong></span> <span class='ocrx_word' id='word_1_53' title='bbox 262 963 349 1026; x_wconf 91' lang='lat' dir='ltr'><strong>aliud</strong></span> <span class='ocrx_word' id='word_1_54' title='bbox 365 965 509 1026; x_wconf 87' lang='lat' dir='ltr'><strong>intendat</strong></span> <span class='ocrx_word' id='word_1_55' title='bbox 520 973 731 1046; x_wconf 84' lang='lat' dir='ltr'><strong>praeterquam</strong></span> <span class='ocrx_word' id='word_1_56' title='bbox 742 963 834 1026; x_wconf 85' lang='lat' dir='ltr'><strong>civile</strong></span> <span class='ocrx_word' id='word_1_57' title='bbox 843 960 1035 1027; x_wconf 88' lang='lat' dir='ltr'><strong>matrimonii</strong></span> 
     </span>
     <span class='ocr_line' id='line_1_10' title="bbox 60 1051 1033 1133; baseline -0.003 -17"><span class='ocrx_word' id='word_1_58' title='bbox 60 1055 221 1117; x_wconf 85' lang='lat' dir='ltr'><strong>vinculum</strong></span> <span class='ocrx_word' id='word_1_59' title='bbox 235 1053 370 1127; x_wconf 81' lang='lat' dir='ltr'><strong>solvere,</strong></span> <span class='ocrx_word' id='word_1_60' title='bbox 387 1061 482 1133; x_wconf 80' lang='lat' dir='ltr'><strong>queat</strong></span> <span class='ocrx_word' id='word_1_61' title='bbox 498 1052 582 1115; x_wconf 91' lang='lat' dir='ltr'><strong>licite</strong></span> <span class='ocrx_word' id='word_1_62' title='bbox 604 1051 683 1116; x_wconf 81' lang='lat' dir='ltr'><strong>ferre</strong></span> <span class='ocrx_word' id='word_1_63' title='bbox 698 1052 886 1116; x_wconf 79' lang='lat' dir='ltr'><strong>sententiam</strong></span> <span class='ocrx_word' id='word_1_64' title='bbox 897 1051 1033 1126; x_wconf 79' lang='lat' dir='ltr'><strong>divortii,</strong></span> 
     </span>
     <span class='ocr_line' id='line_1_11' title="bbox 58 1141 1117 1224; baseline -0.01 -17"><span class='ocrx_word' id='word_1_65' title='bbox 58 1145 150 1207; x_wconf 88' lang='lat' dir='ltr'><strong>stiam</strong></span> <span class='ocrx_word' id='word_1_66' title='bbox 162 1141 291 1224; x_wconf 88' lang='lat' dir='ltr'><strong>quando</strong></span> <span class='ocrx_word' id='word_1_67' title='bbox 304 1143 544 1205; x_wconf 88' lang='lat' dir='ltr'><strong>matrimonium</strong></span> <span class='ocrx_word' id='word_1_68' title='bbox 556 1143 595 1204; x_wconf 87' lang='lat' dir='ltr'><strong>sit</strong></span> <span class='ocrx_word' id='word_1_69' title='bbox 607 1141 865 1205; x_wconf 81' lang='lat' dir='ltr'><strong>validumcoram</strong></span> <span class='ocrx_word' id='word_1_70' title='bbox 877 1141 1036 1204; x_wconf 81' lang='lat' dir='ltr'><strong>Ecclesia‘.&gt;</strong></span> <span class='ocrx_word' id='word_1_71' title='bbox 1113 1185 1117 1196; x_wconf 95' lang='grc'>.</span> 
     </span>
    </p>

    <p class='ocr_par' dir='ltr' id='par_1_5' title="bbox 56 1226 1036 1493">
     <span class='ocr_line' id='line_1_12' title="bbox 100 1226 1036 1312; baseline 0.002 -22"><span class='ocrx_word' id='word_1_72' title='bbox 100 1254 112 1289; x_wconf 80' lang='lat' dir='ltr'><strong>s</strong></span> <span class='ocrx_word' id='word_1_73' title='bbox 130 1233 160 1292; x_wconf 76' lang='lat' dir='ltr'><strong>b·</strong></span> <span class='ocrx_word' id='word_1_74' title='bbox 171 1229 219 1292; x_wconf 79' lang='lat' dir='ltr'><strong>dn</strong></span> <span class='ocrx_word' id='word_1_75' title='bbox 241 1231 432 1293; x_wconf 76' lang='lat' dir='ltr'><strong>sententiam</strong></span> <span class='ocrx_word' id='word_1_76' title='bbox 448 1231 574 1294; x_wconf 90' lang='lat' dir='ltr'><strong>divortii</strong></span> <span class='ocrx_word' id='word_1_77' title='bbox 586 1232 684 1312; x_wconf 87' lang='lat' dir='ltr'><strong>possit</strong></span> <span class='ocrx_word' id='word_1_78' title='bbox 698 1226 782 1293; x_wconf 88' lang='lat' dir='ltr'><strong>licite</strong></span> <span class='ocrx_word' id='word_1_79' title='bbox 796 1231 887 1306; x_wconf 88' lang='lat' dir='ltr'><strong>ierre,</strong></span> <span class='ocrx_word' id='word_1_80' title='bbox 905 1231 1036 1311; x_wconf 90' lang='lat' dir='ltr'><strong>quando</strong></span> 
     </span>
     <span class='ocr_line' id='line_1_13' title="bbox 57 1319 1034 1404; baseline -0.006 -18"><span class='ocrx_word' id='word_1_81' title='bbox 57 1321 146 1386; x_wconf 90' lang='lat' dir='ltr'><strong>nulla</strong></span> <span class='ocrx_word' id='word_1_82' title='bbox 169 1319 328 1383; x_wconf 75' lang='lat' dir='ltr'><strong>intercidit</strong></span> <span class='ocrx_word' id='word_1_83' title='bbox 351 1335 391 1382; x_wconf 89' lang='lat' dir='ltr'><strong>ex</strong></span> <span class='ocrx_word' id='word_1_84' title='bbox 414 1319 459 1382; x_wconf 86' lang='lat' dir='ltr'><strong>eis</strong></span> <span class='ocrx_word' id='word_1_85' title='bbox 488 1319 667 1383; x_wconf 88' lang='lat' dir='ltr'><strong>rationibus</strong></span> <span class='ocrx_word' id='word_1_86' title='bbox 681 1320 822 1404; x_wconf 78' lang='lat' dir='ltr'><strong>quasise</strong></span> <span class='ocrx_word' id='word_1_87' title='bbox 844 1319 1034 1382; x_wconf 87' lang='lat' dir='ltr'><strong>canonicum</strong></span> 
     </span>
     <span class='ocr_line' id='line_1_14' title="bbox 56 1407 1036 1493; baseline -0.006 -19"><span class='ocrx_word' id='word_1_88' title='bbox 56 1409 190 1493; x_wconf 85' lang='lat' dir='ltr'><strong>requirit</strong></span> <span class='ocrx_word' id='word_1_89' title='bbox 211 1426 269 1491; x_wconf 87' lang='lat' dir='ltr'><strong>pro</strong></span> <span class='ocrx_word' id='word_1_90' title='bbox 282 1408 481 1490; x_wconf 85' lang='lat' dir='ltr'><strong>separatione</strong></span> <span class='ocrx_word' id='word_1_91' title='bbox 495 1407 601 1489; x_wconf 87' lang='lat' dir='ltr'><strong>quoad</strong></span> <span class='ocrx_word' id='word_1_92' title='bbox 618 1417 723 1471; x_wconf 87' lang='lat' dir='ltr'><strong>torum</strong></span> <span class='ocrx_word' id='word_1_93' title='bbox 737 1417 768 1469; x_wconf 87' lang='lat' dir='ltr'><strong>et</strong></span> <span class='ocrx_word' id='word_1_94' title='bbox 781 1407 1036 1472; x_wconf 75' lang='lat' dir='ltr'><strong>habitationem?</strong></span> 
     </span>
    </p>

    <p class='ocr_par' dir='ltr' id='par_1_6' title="bbox 54 1495 1037 1831">
     <span class='ocr_line' id='line_1_15' title="bbox 100 1495 1036 1580; baseline -0.001 -22"><span class='ocrx_word' id='word_1_95' title='bbox 100 1525 114 1558; x_wconf 77' lang='lat' dir='ltr'><strong>s</strong></span> <span class='ocrx_word' id='word_1_96' title='bbox 130 1497 160 1560; x_wconf 76' lang='grc' dir='ltr'><strong>3ο</strong></span> <span class='ocrx_word' id='word_1_97' title='bbox 177 1498 224 1560; x_wconf 79' lang='lat' dir='ltr'><strong>dn</strong></span> <span class='ocrx_word' id='word_1_98' title='bbox 239 1514 322 1560; x_wconf 90' lang='lat' dir='ltr'><strong>onus</strong></span> <span class='ocrx_word' id='word_1_99' title='bbox 332 1497 584 1580; x_wconf 80' lang='lat' dir='ltr'><strong>dignitatemque</strong></span> <span class='ocrx_word' id='word_1_100' title='bbox 598 1498 742 1578; x_wconf 78' lang='lat' dir='ltr'><strong>praesidis</strong></span> <span class='ocrx_word' id='word_1_101' title='bbox 753 1498 922 1561; x_wconf 90' lang='lat' dir='ltr'><strong>tribunalis</strong></span> <span class='ocrx_word' id='word_1_102' title='bbox 935 1495 1036 1560; x_wconf 88' lang='lat' dir='ltr'><strong>civilis</strong></span> 
     </span>
     <span class='ocr_line' id='line_1_16' title="bbox 55 1585 1037 1672; baseline -0.004 -20"><span class='ocrx_word' id='word_1_103' title='bbox 55 1588 155 1672; x_wconf 89' lang='lat' dir='ltr'><strong>possit</strong></span> <span class='ocrx_word' id='word_1_104' title='bbox 168 1595 341 1666; x_wconf 79' lang='lat' dir='ltr'><strong>acceptare,</strong></span> <span class='ocrx_word' id='word_1_105' title='bbox 354 1605 428 1649; x_wconf 88' lang='lat' dir='ltr'><strong>oum</strong></span> <span class='ocrx_word' id='word_1_106' title='bbox 445 1593 644 1668; x_wconf 88' lang='lat' dir='ltr'><strong>perspectum</strong></span> <span class='ocrx_word' id='word_1_107' title='bbox 658 1586 774 1650; x_wconf 88' lang='lat' dir='ltr'><strong>habeat</strong></span> <span class='ocrx_word' id='word_1_108' title='bbox 784 1585 869 1668; x_wconf 92' lang='lat' dir='ltr'><strong>quod</strong></span> <span class='ocrx_word' id='word_1_109' title='bbox 888 1585 962 1648; x_wconf 91' lang='lat' dir='ltr'><strong>inde</strong></span> <span class='ocrx_word' id='word_1_110' title='bbox 978 1588 1037 1648; x_wconf 88' lang='lat' dir='ltr'><strong>erit</strong></span> 
     </span>
     <span class='ocr_line' id='line_1_17' title="bbox 54 1675 1035 1756; baseline -0.006 -14"><span class='ocrx_word' id='word_1_111' title='bbox 54 1678 247 1742; x_wconf 85' lang='lat' dir='ltr'><strong>constitutus</strong></span> <span class='ocrx_word' id='word_1_112' title='bbox 267 1675 301 1736; x_wconf 90' lang='lat' dir='ltr'><strong>in</strong></span> <span class='ocrx_word' id='word_1_113' title='bbox 328 1675 475 1738; x_wconf 85' lang='lat' dir='ltr'><strong>strictiori</strong></span> <span class='ocrx_word' id='word_1_114' title='bbox 492 1675 677 1738; x_wconf 87' lang='lat' dir='ltr'><strong>necessitate</strong></span> <span class='ocrx_word' id='word_1_115' title='bbox 692 1675 814 1740; x_wconf 83' lang='lat' dir='ltr'><strong>serendi</strong></span> <span class='ocrx_word' id='word_1_116' title='bbox 830 1677 947 1756; x_wconf 85' lang='lat' dir='ltr'><strong>saepius</strong></span> <span class='ocrx_word' id='word_1_117' title='bbox 961 1694 1035 1738; x_wconf 91' lang='lat' dir='ltr'><strong>sen-</strong></span> 
     </span>
     <span class='ocr_line' id='line_1_18' title="bbox 56 1761 378 1831; baseline -0.028 -1"><span class='ocrx_word' id='word_1_118' title='bbox 56 1766 187 1831; x_wconf 90' lang='lat' dir='ltr'><strong>tentiam</strong></span> <span class='ocrx_word' id='word_1_119' title='bbox 200 1761 349 1826; x_wconf 77' lang='lat' dir='ltr'><strong>divortii?</strong></span> <span class='ocrx_word' id='word_1_120' title='bbox 363 1787 378 1821; x_wconf 78' lang='lat' dir='ltr'><strong>s</strong></span> 
     </span>
    </p>

    <p class='ocr_par' dir='ltr' id='par_1_7' title="bbox 53 1851 1033 2008">
     <span class='ocr_line' id='line_1_19' title="bbox 94 1851 1033 1934; baseline 0.001 -17"><span class='ocrx_word' id='word_1_121' title='bbox 94 1853 151 1917; x_wconf 85' lang='lat' dir='ltr'><strong>Cui</strong></span> <span class='ocrx_word' id='word_1_122' title='bbox 164 1869 300 1934; x_wconf 90' lang='lat' dir='ltr'><strong>sequens</strong></span> <span class='ocrx_word' id='word_1_123' title='bbox 311 1871 512 1934; x_wconf 88' lang='lat' dir='ltr'><strong>responsum,</strong></span> <span class='ocrx_word' id='word_1_124' title='bbox 524 1852 577 1916; x_wconf 89' lang='lat' dir='ltr'><strong>dis</strong></span> <span class='ocrx_word' id='word_1_125' title='bbox 587 1852 706 1932; x_wconf 75' lang='lat' dir='ltr'><strong>injutii</strong></span> <span class='ocrx_word' id='word_1_126' title='bbox 722 1853 797 1918; x_wconf 78' lang='lat'><strong>{88¹1</strong></span> <span class='ocrx_word' id='word_1_127' title='bbox 807 1852 848 1917; x_wconf 91' lang='lat' dir='ltr'><strong>ab</strong></span> <span class='ocrx_word' id='word_1_128' title='bbox 864 1852 940 1916; x_wconf 80' lang='lat' dir='ltr'><strong>Euro</strong></span> <span class='ocrx_word' id='word_1_129' title='bbox 955 1851 986 1916; x_wconf 91' lang='lat' dir='ltr'><strong>S.</strong></span> <span class='ocrx_word' id='word_1_130' title='bbox 999 1852 1033 1918; x_wconf 91' lang='lat'><strong>0.</strong></span> 
     </span>
     <span class='ocr_line' id='line_1_20' title="bbox 53 1941 426 2008; baseline -0.008 -1"><span class='ocrx_word' id='word_1_131' title='bbox 53 1942 229 2008; x_wconf 82' lang='lat' dir='ltr'><strong>secretario</strong></span> <span class='ocrx_word' id='word_1_132' title='bbox 242 1941 352 2004; x_wconf 87' lang='lat' dir='ltr'><strong>datum</strong></span> <span class='ocrx_word' id='word_1_133' title='bbox 363 1950 426 2004; x_wconf 85' lang='lat' dir='ltr'><strong>est:</strong></span> 
     </span>
    </p>

    <p class='ocr_par' dir='ltr' id='par_1_8' title="bbox 48 2029 1035 2826">
     <span class='ocr_line' id='line_1_21' title="bbox 98 2029 1033 2115; baseline 0.002 -25"><span class='ocrx_word' id='word_1_134' title='bbox 98 2057 115 2090; x_wconf 74' lang='lat' dir='ltr'><strong>s</strong></span> <span class='ocrx_word' id='word_1_135' title='bbox 135 2029 255 2094; x_wconf 78' lang='lat' dir='ltr'><strong>obtata</strong></span> <span class='ocrx_word' id='word_1_136' title='bbox 263 2031 441 2112; x_wconf 86' lang='lat' dir='ltr'><strong>suntSupr.</strong></span> <span class='ocrx_word' id='word_1_137' title='bbox 454 2031 690 2115; x_wconf 78' lang='lat' dir='ltr'><strong>buicCongreg.</strong></span> <span class='ocrx_word' id='word_1_138' title='bbox 701 2030 732 2096; x_wconf 89' lang='lat' dir='ltr'><strong>S.</strong></span> <span class='ocrx_word' id='word_1_139' title='bbox 741 2031 776 2098; x_wconf 91' lang='lat'><strong>0.</strong></span> <span class='ocrx_word' id='word_1_140' title='bbox 788 2032 897 2095; x_wconf 64' lang='lat' dir='ltr'><strong>litterae</strong></span> <span class='ocrx_word' id='word_1_141' title='bbox 905 2031 1033 2113; x_wconf 73' lang='lat' dir='ltr'><strong>imptis.</strong></span> 
     </span>
     <span class='ocr_line' id='line_1_22' title="bbox 53 2119 1033 2204; baseline -0.002 -17"><span class='ocrx_word' id='word_1_142' title='bbox 53 2124 131 2188; x_wconf 81' lang='lat' dir='ltr'><strong>Tusa</strong></span> <span class='ocrx_word' id='word_1_143' title='bbox 148 2120 208 2184; x_wconf 90' lang='lat' dir='ltr'><strong>sub</strong></span> <span class='ocrx_word' id='word_1_144' title='bbox 231 2120 282 2182; x_wconf 90' lang='lat' dir='ltr'><strong>die</strong></span> <span class='ocrx_word' id='word_1_145' title='bbox 304 2120 342 2181; x_wconf 77' lang='lat' dir='ltr'><strong>itt</strong></span> <span class='ocrx_word' id='word_1_146' title='bbox 363 2120 473 2202; x_wconf 86' lang='lat' dir='ltr'><strong>aprilis</strong></span> <span class='ocrx_word' id='word_1_147' title='bbox 498 2139 583 2184; x_wconf 85' lang='lat' dir='ltr'><strong>curr.</strong></span> <span class='ocrx_word' id='word_1_148' title='bbox 613 2140 680 2198; x_wconf 76' lang='lat' dir='ltr'><strong>arn,</strong></span> <span class='ocrx_word' id='word_1_149' title='bbox 704 2119 820 2204; x_wconf 91' lang='lat' dir='ltr'><strong>quibus</strong></span> <span class='ocrx_word' id='word_1_150' title='bbox 834 2121 932 2185; x_wconf 87' lang='lat' dir='ltr'><strong>dubis</strong></span> <span class='ocrx_word' id='word_1_151' title='bbox 952 2140 1033 2184; x_wconf 92' lang='lat' dir='ltr'><strong>non·</strong></span> 
     </span>
     <span class='ocr_line' id='line_1_23' title="bbox 52 2207 1029 2294; baseline -0.001 -17"><span class='ocrx_word' id='word_1_152' title='bbox 52 2212 145 2277; x_wconf 90' lang='lat' dir='ltr'><strong>nulla</strong></span> <span class='ocrx_word' id='word_1_153' title='bbox 162 2210 314 2291; x_wconf 85' lang='lat' dir='ltr'><strong>proponis</strong></span> <span class='ocrx_word' id='word_1_154' title='bbox 340 2207 510 2272; x_wconf 76' lang='lat' dir='ltr'><strong>infaustam</strong></span> <span class='ocrx_word' id='word_1_155' title='bbox 540 2209 667 2273; x_wconf 81' lang='lat' dir='ltr'><strong>divortii</strong></span> <span class='ocrx_word' id='word_1_156' title='bbox 692 2210 791 2294; x_wconf 77' lang='lat' dir='ltr'><strong>legem</strong></span> <span class='ocrx_word' id='word_1_157' title='bbox 816 2211 1029 2293; x_wconf 88' lang='lat' dir='ltr'><strong>respicientia.</strong></span> 
     </span>
     <span class='ocr_line' id='line_1_24' title="bbox 53 2296 1034 2381; baseline 0 -18"><span class='ocrx_word' id='word_1_158' title='bbox 53 2299 176 2378; x_wconf 82' lang='lat' dir='ltr'><strong>Quibus</strong></span> <span class='ocrx_word' id='word_1_159' title='bbox 190 2296 318 2372; x_wconf 86' lang='lat' dir='ltr'><strong>auditis,</strong></span> <span class='ocrx_word' id='word_1_160' title='bbox 342 2297 412 2374; x_wconf 81' lang='lat' dir='ltr'><strong>Emi</strong></span> <span class='ocrx_word' id='word_1_161' title='bbox 429 2297 491 2363; x_wconf 87' lang='lat' dir='ltr'><strong>bb.</strong></span> <span class='ocrx_word' id='word_1_162' title='bbox 508 2299 690 2364; x_wconf 81' lang='lat' dir='ltr'><strong>Cardinales</strong></span> <span class='ocrx_word' id='word_1_163' title='bbox 706 2319 769 2363; x_wconf 88' lang='lat' dir='ltr'><strong>una</strong></span> <span class='ocrx_word' id='word_1_164' title='bbox 785 2319 908 2364; x_wconf 88' lang='lat' dir='ltr'><strong>mecum</strong></span> <span class='ocrx_word' id='word_1_165' title='bbox 925 2297 1034 2381; x_wconf 92' lang='lat' dir='ltr'><strong>lnqui-</strong></span> 
     </span>
     <span class='ocr_line' id='line_1_25' title="bbox 51 2382 1035 2470; baseline -0.002 -15"><span class='ocrx_word' id='word_1_166' title='bbox 51 2392 166 2456; x_wconf 85' lang='lat' dir='ltr'><strong>sitores</strong></span> <span class='ocrx_word' id='word_1_167' title='bbox 179 2385 341 2470; x_wconf 81' lang='lat' dir='ltr'><strong>generales</strong></span> <span class='ocrx_word' id='word_1_168' title='bbox 352 2387 427 2450; x_wconf 88' lang='lat' dir='ltr'><strong>ieris</strong></span> <span class='ocrx_word' id='word_1_169' title='bbox 441 2382 480 2450; x_wconf 82' lang='lat' dir='ltr'><strong>tv</strong></span> <span class='ocrx_word' id='word_1_170' title='bbox 501 2389 551 2452; x_wconf 92' lang='lat' dir='ltr'><strong>die</strong></span> <span class='ocrx_word' id='word_1_171' title='bbox 567 2387 606 2450; x_wconf 82' lang='lat' dir='ltr'><strong>ab</strong></span> <span class='ocrx_word' id='word_1_172' title='bbox 621 2407 708 2452; x_wconf 84' lang='lat' dir='ltr'><strong>corr.</strong></span> <span class='ocrx_word' id='word_1_173' title='bbox 728 2407 824 2451; x_wconf 86' lang='lat' dir='ltr'><strong>mens.</strong></span> <span class='ocrx_word' id='word_1_174' title='bbox 842 2400 1035 2453; x_wconf 87' lang='lat' dir='ltr'><strong>censuerunt</strong></span> 
     </span>
     <span class='ocr_line' id='line_1_26' title="bbox 50 2476 1034 2558; baseline -0.004 -13"><span class='ocrx_word' id='word_1_175' title='bbox 50 2477 258 2545; x_wconf 81' lang='lat' dir='ltr'><strong>excitandum</strong></span> <span class='ocrx_word' id='word_1_176' title='bbox 285 2493 352 2540; x_wconf 88' lang='lat' dir='ltr'><strong>esee</strong></span> <span class='ocrx_word' id='word_1_177' title='bbox 375 2495 578 2558; x_wconf 86' lang='lat' dir='ltr'><strong>summopere</strong></span> <span class='ocrx_word' id='word_1_178' title='bbox 593 2479 633 2538; x_wconf 91' lang='lat' dir='ltr'><strong>ab</strong></span> <span class='ocrx_word' id='word_1_179' title='bbox 644 2477 751 2558; x_wconf 76' lang='lat' dir='ltr'><strong>Ampl.</strong></span> <span class='ocrx_word' id='word_1_180' title='bbox 766 2476 831 2540; x_wconf 85' lang='lat' dir='ltr'><strong>&#39;lua</strong></span> <span class='ocrx_word' id='word_1_181' title='bbox 842 2477 981 2557; x_wconf 86' lang='lat' dir='ltr'><strong>judicem</strong></span> <span class='ocrx_word' id='word_1_182' title='bbox 995 2480 1034 2541; x_wconf 90' lang='lat' dir='ltr'><strong>de</strong></span> 
     </span>
     <span class='ocr_line' id='line_1_27' title="bbox 50 2563 1032 2652; baseline -0.003 -20"><span class='ocrx_word' id='word_1_183' title='bbox 50 2587 121 2652; x_wconf 91' lang='lat' dir='ltr'><strong>quo</strong></span> <span class='ocrx_word' id='word_1_184' title='bbox 132 2567 247 2647; x_wconf 80' lang='lat' dir='ltr'><strong>agitur,</strong></span> <span class='ocrx_word' id='word_1_185' title='bbox 274 2573 307 2626; x_wconf 89' lang='lat' dir='ltr'><strong>ut</strong></span> <span class='ocrx_word' id='word_1_186' title='bbox 322 2565 355 2627; x_wconf 88' lang='lat' dir='ltr'><strong>in</strong></span> <span class='ocrx_word' id='word_1_187' title='bbox 375 2563 481 2628; x_wconf 86' lang='lat' dir='ltr'><strong>cilicio</strong></span> <span class='ocrx_word' id='word_1_188' title='bbox 498 2573 686 2648; x_wconf 87' lang='lat' dir='ltr'><strong>perseveret,</strong></span> <span class='ocrx_word' id='word_1_189' title='bbox 701 2566 815 2630; x_wconf 89' lang='lat' dir='ltr'><strong>stando</strong></span> <span class='ocrx_word' id='word_1_190' title='bbox 828 2566 1032 2631; x_wconf 88' lang='lat' dir='ltr'><strong>resolutioni-</strong></span> 
     </span>
     <span class='ocr_line' id='line_1_28' title="bbox 49 2651 1031 2739; baseline -0.001 -16"><span class='ocrx_word' id='word_1_191' title='bbox 49 2657 116 2723; x_wconf 89' lang='lat' dir='ltr'><strong>bus</strong></span> <span class='ocrx_word' id='word_1_192' title='bbox 126 2657 192 2739; x_wconf 85' lang='lat' dir='ltr'><strong>jam</strong></span> <span class='ocrx_word' id='word_1_193' title='bbox 218 2653 299 2718; x_wconf 85' lang='lat' dir='ltr'><strong>datis</strong></span> <span class='ocrx_word' id='word_1_194' title='bbox 313 2672 331 2716; x_wconf 93' lang='lat' dir='ltr'><strong>a</strong></span> <span class='ocrx_word' id='word_1_195' title='bbox 346 2651 377 2718; x_wconf 88' lang='lat' dir='ltr'><strong>S.</strong></span> <span class='ocrx_word' id='word_1_196' title='bbox 397 2653 477 2718; x_wconf 86' lang='lat' dir='ltr'><strong>Sede</strong></span> <span class='ocrx_word' id='word_1_197' title='bbox 488 2663 518 2716; x_wconf 89' lang='lat' dir='ltr'><strong>et</strong></span> <span class='ocrx_word' id='word_1_198' title='bbox 531 2655 683 2720; x_wconf 84' lang='lat' dir='ltr'><strong>adhibitis</strong></span> <span class='ocrx_word' id='word_1_199' title='bbox 695 2656 825 2720; x_wconf 86' lang='lat' dir='ltr'><strong>cautelis</strong></span> <span class='ocrx_word' id='word_1_200' title='bbox 840 2673 911 2738; x_wconf 81' lang='lat' dir='ltr'><strong>quae</strong></span> <span class='ocrx_word' id='word_1_201' title='bbox 935 2675 950 2718; x_wconf 88' lang='lat' dir='ltr'><strong>a</strong></span> <span class='ocrx_word' id='word_1_202' title='bbox 968 2659 1031 2722; x_wconf 89' lang='lat' dir='ltr'><strong>vir·</strong></span> 
     </span>
     <span class='ocr_line' id='line_1_29' title="bbox 48 2743 546 2826; baseline -0.016 -14"><span class='ocrx_word' id='word_1_203' title='bbox 48 2756 122 2812; x_wconf 87' lang='lat' dir='ltr'><strong>tute</strong></span> <span class='ocrx_word' id='word_1_204' title='bbox 136 2743 314 2826; x_wconf 79' lang='lat' dir='ltr'><strong>prudentiss</strong></span> <span class='ocrx_word' id='word_1_205' title='bbox 327 2744 512 2807; x_wconf 86' lang='lat' dir='ltr'><strong>suadentur.</strong></span> <span class='ocrx_word' id='word_1_206' title='bbox 530 2769 546 2804; x_wconf 77' lang='lat' dir='ltr'><strong>s</strong></span> 
     </span>
    </p>

    <p class='ocr_par' dir='ltr' id='par_1_9' title="bbox 90 2833 989 2918">
     <span class='ocr_line' id='line_1_30' title="bbox 90 2833 989 2918; baseline 0.003 -20"><span class='ocrx_word' id='word_1_207' title='bbox 90 2835 127 2898; x_wconf 82' lang='grc' dir='ltr'><strong>6ο</strong></span> <span class='ocrx_word' id='word_1_208' title='bbox 147 2833 330 2912; x_wconf 81' lang='lat' dir='ltr'><strong>Responsum</strong></span> <span class='ocrx_word' id='word_1_209' title='bbox 345 2833 376 2897; x_wconf 90' lang='lat' dir='ltr'><strong>S.</strong></span> <span class='ocrx_word' id='word_1_210' title='bbox 389 2834 497 2897; x_wconf 81' lang='lat' dir='ltr'><strong>Pccuit.</strong></span> <span class='ocrx_word' id='word_1_211' title='bbox 513 2835 553 2898; x_wconf 88' lang='lat' dir='ltr'><strong>ud</strong></span> <span class='ocrx_word' id='word_1_212' title='bbox 565 2833 748 2918; x_wconf 81' lang='lat' dir='ltr'><strong>Episcopum</strong></span> <span class='ocrx_word' id='word_1_213' title='bbox 762 2836 989 2901; x_wconf 78' lang='lat' dir='ltr'><strong>Luatoseasem.</strong></span> 
     </span>
    </p>

    <p class='ocr_par' dir='ltr' id='par_1_10' title="bbox 41 2920 1033 3635">
     <span class='ocr_line' id='line_1_31' title="bbox 92 2920 1033 3006; baseline 0.005 -19"><span class='ocrx_word' id='word_1_214' title='bbox 92 2923 181 2988; x_wconf 89' lang='lat' dir='ltr'><strong>ldem</strong></span> <span class='ocrx_word' id='word_1_215' title='bbox 207 2920 396 2984; x_wconf 81' lang='lat' dir='ltr'><strong>coricludere</strong></span> <span class='ocrx_word' id='word_1_216' title='bbox 425 2922 469 2986; x_wconf 84' lang='lat' dir='ltr'><strong>ias</strong></span> <span class='ocrx_word' id='word_1_217' title='bbox 505 2935 551 2987; x_wconf 91' lang='lat' dir='ltr'><strong>est</strong></span> <span class='ocrx_word' id='word_1_218' title='bbox 577 2924 681 3006; x_wconf 92' lang='lat' dir='ltr'><strong>quoad</strong></span> <span class='ocrx_word' id='word_1_219' title='bbox 706 2925 858 3006; x_wconf 81' lang='lat' dir='ltr'><strong>Syudicos</strong></span> <span class='ocrx_word' id='word_1_220' title='bbox 884 2947 919 2990; x_wconf 87' lang='lat' dir='ltr'><strong>ex</strong></span> <span class='ocrx_word' id='word_1_221' title='bbox 968 2947 1033 2992; x_wconf 87' lang='lat' dir='ltr'><strong>res·</strong></span> 
     </span>
     <span class='ocr_line' id='line_1_32' title="bbox 46 3007 1033 3097; baseline 0.006 -20"><span class='ocrx_word' id='word_1_222' title='bbox 46 3027 156 3097; x_wconf 89' lang='lat' dir='ltr'><strong>ponso</strong></span> <span class='ocrx_word' id='word_1_223' title='bbox 170 3008 202 3074; x_wconf 86' lang='lat' dir='ltr'><strong>S.</strong></span> <span class='ocrx_word' id='word_1_224' title='bbox 221 3007 466 3074; x_wconf 84' lang='lat' dir='ltr'><strong>Poenitentierias</strong></span> <span class='ocrx_word' id='word_1_225' title='bbox 483 3011 522 3074; x_wconf 73' lang='lat' dir='ltr'><strong>bd</strong></span> <span class='ocrx_word' id='word_1_226' title='bbox 541 3021 623 3095; x_wconf 91' lang='lat' dir='ltr'><strong>sept.</strong></span> <span class='ocrx_word' id='word_1_227' title='bbox 643 3013 732 3090; x_wconf 87' lang='lat' dir='ltr'><strong>l88&#39;l,</strong></span> <span class='ocrx_word' id='word_1_228' title='bbox 751 3013 908 3097; x_wconf 84' lang='lat' dir='ltr'><strong>Episcopo</strong></span> <span class='ocrx_word' id='word_1_229' title='bbox 923 3019 1033 3083; x_wconf 82' lang='lat' dir='ltr'><strong>Lucio</strong></span> 
     </span>
     <span class='ocr_line' id='line_1_33' title="bbox 45 3098 1033 3187; baseline 0.005 -21"><span class='ocrx_word' id='word_1_230' title='bbox 45 3102 160 3166; x_wconf 90' lang='lat' dir='ltr'><strong>nensi.</strong></span> <span class='ocrx_word' id='word_1_231' title='bbox 178 3098 258 3161; x_wconf 83' lang='lat' dir='ltr'><strong>Cum</strong></span> <span class='ocrx_word' id='word_1_232' title='bbox 281 3101 367 3162; x_wconf 89' lang='lat' dir='ltr'><strong>enim</strong></span> <span class='ocrx_word' id='word_1_233' title='bbox 383 3101 522 3181; x_wconf 90' lang='lat' dir='ltr'><strong>quodam</strong></span> <span class='ocrx_word' id='word_1_234' title='bbox 551 3103 732 3184; x_wconf 87' lang='lat' dir='ltr'><strong>particulari</strong></span> <span class='ocrx_word' id='word_1_235' title='bbox 745 3123 820 3168; x_wconf 87' lang='lat' dir='ltr'><strong>casu</strong></span> <span class='ocrx_word' id='word_1_236' title='bbox 835 3120 976 3187; x_wconf 76' lang='lat' dir='ltr'><strong>urgente,</strong></span> <span class='ocrx_word' id='word_1_237' title='bbox 1007 3112 1033 3172; x_wconf 93' lang='lat' dir='ltr'><strong>si</strong></span> 
     </span>
     <span class='ocr_line' id='line_1_34' title="bbox 44 3187 1032 3276; baseline 0.007 -22"><span class='ocrx_word' id='word_1_238' title='bbox 44 3191 209 3273; x_wconf 83' lang='lat' dir='ltr'><strong>Syndicus</strong></span> <span class='ocrx_word' id='word_1_239' title='bbox 224 3187 396 3256; x_wconf 79' lang='lat' dir='ltr'><strong>divortium</strong></span> <span class='ocrx_word' id='word_1_240' title='bbox 424 3193 632 3273; x_wconf 88' lang='lat' dir='ltr'><strong>pronuntiare</strong></span> <span class='ocrx_word' id='word_1_241' title='bbox 644 3204 830 3272; x_wconf 88' lang='lat' dir='ltr'><strong>recusasset,</strong></span> <span class='ocrx_word' id='word_1_242' title='bbox 847 3199 1032 3276; x_wconf 73' lang='lat' dir='ltr'><strong>magistratu</strong></span> 
     </span>
     <span class='ocr_line' id='line_1_35' title="bbox 43 3279 1031 3364; baseline 0.007 -21"><span class='ocrx_word' id='word_1_243' title='bbox 43 3279 208 3364; x_wconf 85' lang='lat' dir='ltr'><strong>spoliatus</strong></span> <span class='ocrx_word' id='word_1_244' title='bbox 222 3289 305 3347; x_wconf 89' lang='lat' dir='ltr'><strong>certe</strong></span> <span class='ocrx_word' id='word_1_245' title='bbox 328 3280 448 3358; x_wconf 87' lang='lat' dir='ltr'><strong>luisset,</strong></span> <span class='ocrx_word' id='word_1_246' title='bbox 477 3281 562 3363; x_wconf 89' lang='lat' dir='ltr'><strong>quod</strong></span> <span class='ocrx_word' id='word_1_247' title='bbox 590 3290 622 3346; x_wconf 88' lang='lat' dir='ltr'><strong>et</strong></span> <span class='ocrx_word' id='word_1_248' title='bbox 636 3283 670 3345; x_wconf 93' lang='lat' dir='ltr'><strong>in</strong></span> <span class='ocrx_word' id='word_1_249' title='bbox 695 3284 739 3346; x_wconf 88' lang='lat' dir='ltr'><strong>rei</strong></span> <span class='ocrx_word' id='word_1_250' title='bbox 756 3285 919 3350; x_wconf 84' lang='lat' dir='ltr'><strong>catholicae</strong></span> <span class='ocrx_word' id='word_1_251' title='bbox 934 3290 1031 3350; x_wconf 83' lang='lat' dir='ltr'><strong>‹letri-</strong></span> 
     </span>
     <span class='ocr_line' id='line_1_36' title="bbox 43 3370 1030 3456; baseline 0.007 -24"><span class='ocrx_word' id='word_1_252' title='bbox 43 3376 199 3432; x_wconf 86' lang='lat' dir='ltr'><strong>mentum</strong></span> <span class='ocrx_word' id='word_1_253' title='bbox 216 3388 378 3436; x_wconf 87' lang='lat' dir='ltr'><strong>cessurum</strong></span> <span class='ocrx_word' id='word_1_254' title='bbox 395 3376 473 3444; x_wconf 82' lang='lat' dir='ltr'><strong>erat,</strong></span> <span class='ocrx_word' id='word_1_255' title='bbox 490 3370 697 3451; x_wconf 79' lang='lat' dir='ltr'><strong>interrogavit</strong></span> <span class='ocrx_word' id='word_1_256' title='bbox 713 3372 889 3456; x_wconf 84' lang='lat' dir='ltr'><strong>Episcopus</strong></span> <span class='ocrx_word' id='word_1_257' title='bbox 917 3376 1030 3439; x_wconf 89' lang='lat' dir='ltr'><strong>Lucio·</strong></span> 
     </span>
     <span class='ocr_line' id='line_1_37' title="bbox 41 3457 1030 3544; baseline 0.006 -23"><span class='ocrx_word' id='word_1_258' title='bbox 41 3457 171 3534; x_wconf 90' lang='lat' dir='ltr'><strong>nensis,</strong></span> <span class='ocrx_word' id='word_1_259' title='bbox 188 3477 229 3523; x_wconf 92' lang='lat' dir='ltr'><strong>an</strong></span> <span class='ocrx_word' id='word_1_260' title='bbox 253 3467 380 3544; x_wconf 89' lang='lat' dir='ltr'><strong>propter</strong></span> <span class='ocrx_word' id='word_1_261' title='bbox 403 3458 605 3541; x_wconf 77' lang='lat' dir='ltr'><strong>gravissimas</strong></span> <span class='ocrx_word' id='word_1_262' title='bbox 631 3460 885 3525; x_wconf 86' lang='lat' dir='ltr'><strong>circumstantias</strong></span> <span class='ocrx_word' id='word_1_263' title='bbox 912 3483 1030 3540; x_wconf 83' lang='lat' dir='ltr'><strong>rerum,</strong></span> 
     </span>
     <span class='ocr_line' id='line_1_38' title="bbox 43 3546 1032 3635; baseline 0.008 -28"><span class='ocrx_word' id='word_1_264' title='bbox 43 3554 235 3628; x_wconf 78' lang='lat' dir='ltr'><strong>temporum</strong></span> <span class='ocrx_word' id='word_1_265' title='bbox 248 3567 284 3612; x_wconf 89' lang='lat' dir='ltr'><strong>ac</strong></span> <span class='ocrx_word' id='word_1_266' title='bbox 306 3547 461 3623; x_wconf 84' lang='lat' dir='ltr'><strong>locorum,</strong></span> <span class='ocrx_word' id='word_1_267' title='bbox 479 3547 529 3610; x_wconf 80' lang='lat' dir='ltr'><strong>ille</strong></span> <span class='ocrx_word' id='word_1_268' title='bbox 541 3546 696 3630; x_wconf 81' lang='lat' dir='ltr'><strong>Syndicus</strong></span> <span class='ocrx_word' id='word_1_269' title='bbox 712 3552 809 3633; x_wconf 90' lang='lat' dir='ltr'><strong>possit</strong></span> <span class='ocrx_word' id='word_1_270' title='bbox 826 3553 1032 3635; x_wconf 85' lang='lat' dir='ltr'><strong>pronuntiare</strong></span> 
     </span>
    </p>
   </div>
   <div class='ocr_carea' id='block_1_3' title="bbox 152 3651 952 3715">
    <p class='ocr_par' dir='ltr' id='par_1_11' title="bbox 152 3651 952 3715">
     <span class='ocr_line' id='line_1_39' title="bbox 152 3651 952 3715; baseline 0.009 -7"><span class='ocrx_word' id='word_1_271' title='bbox 152 3663 183 3708; x_wconf 81' lang='lat' dir='ltr'><strong>a.</strong></span> <span class='ocrx_word' id='word_1_272' title='bbox 199 3664 242 3709; x_wconf 90' lang='grc' dir='ltr'><strong>ιιι.</strong></span> <span class='ocrx_word' id='word_1_273' title='bbox 914 3651 952 3715; x_wconf 77' lang='grc'><strong>23</strong></span> 
     </span>
    </p>
   </div>
   <div class='ocr_carea' id='block_1_4' title="bbox 0 0 1254 3966">
    <p class='ocr_par' dir='ltr' id='par_1_12' title="bbox 0 0 1254 3966">
     <span class='ocr_line' id='line_1_40' title="bbox 0 0 1254 3966; baseline 0 5"><span class='ocrx_word' id='word_1_274' title='bbox 0 0 1254 3966; x_wconf 95' lang='lat' dir='ltr'><strong> </strong></span> 
     </span>
    </p>
   </div>
  </div>
 </body>
</html>
