2474 3946
392 185 477 234 amru
497 183 655 232 cremnos.
952 169 1006 228 311

46 311 58 350 ι
82 279 730 364 exsententiliCongregationisdixitperhoc
742 281 904 342 Decretum
921 277 1014 357 (idest

45 400 59 436 ι
82 373 175 452 uid.)
191 373 324 436 ablatum
338 371 454 434 censeri
470 369 721 450 impedimentum
736 386 858 450 quoque
875 384 1014 447 superve-

45 486 60 524 ι
83 459 596 542 niensaffinitatlspostcontraotum
605 455 1013 520 matrimonium.Concilium

44 575 60 614 a
84 549 202 614 sustulit
212 550 335 613 tortitun
349 554 379 611 et
391 554 533 630 quartum
548 545 693 628 gradum,
708 564 781 629 ergo
794 545 826 610 in
839 545 1009 608 omnibusn

45 639 178 704 sustulit:
194 657 243 720 ap.
259 639 291 700 S.
307 636 443 718 Liguon,
459 635 512 698 lib.
528 640 568 714 6,
584 653 618 696 n·
631 638 720 697 1070.

83 731 170 791 rtur.
192 726 367 809 Disputatur
389 743 429 788 an
457 741 529 787 casu
551 741 614 804 quo
632 722 742 786 mulier
764 721 820 785 tuit
849 723 970 805 cognita
996 724 1014 786 l

18 824 21 828 ’
48 815 269 896 consanguineo
291 812 365 892 riri,
388 820 472 876 metu
494 811 574 894 graii
594 817 716 888 coacta,
738 810 870 892 privetur
880 811 948 893 jura
962 829 1014 893 pe-

51 903 142 966 tendi:
158 901 341 984 probabilior
363 907 394 964 ct
419 900 611 963 communior
633 900 783 962 sententia
806 905 916 982 negat,
945 899 1018 980 qnia

49 1000 141 1054 metus
154 991 268 1074 gravis,
283 989 360 1056 sicut
375 997 497 1052 excusat
509 992 528 1052 t
539 989 605 1070 lege
618 985 829 1068 ecdeuauict,
842 988 883 1052 ita
895 989 913 1050 a
928 989 1017 1069 poent

49 1081 84 1142 nb
96 1079 159 1160 ipst
174 1079 323 1160 impositl.
340 1081 386 1158 (S.
403 1078 540 1160 lignun,
554 1076 610 1154 ila,
625 1085 660 1138 n·
674 1076 780 1157 tort.)

83 1171 173 1231 1008.
196 1170 244 1229 An
258 1173 359 1230 autem
375 1165 543 1248 ignorantia
556 1173 678 1228 excuset
687 1167 704 1227 t
713 1165 792 1229 dicto
801 1165 1016 1248 impedimento

48 1254 304 1339 petendidebitum
312 1255 437 1318 l-t⁰si
448 1254 658 1336 sitignorantia
667 1254 742 1336 iuris
751 1274 805 1317 seu
820 1254 893 1337 legis
906 1255 1017 1319 dictam
1123 1269 1127 1279 ·

50 1363 165 1423 pennum
187 1342 390 1426 imponentis,
407 1341 592 1426 probabilius
613 1342 677 1406 haec
698 1350 841 1422 excusat,
865 1343 971 1408 saltem
984 1345 1016 1407 in

46 1432 109 1494 loro
121 1433 263 1510 iuterno;
278 1435 310 1494 2·
324 1431 349 1494 si
365 1431 534 1514 ignorantia
543 1433 581 1494 sit
590 1430 669 1508 lacti,
680 1450 789 1515 nempe
800 1432 823 1494 si
838 1433 906 1514 quis
919 1435 1017 1498 sciens

47 1520 156 1584 dictam
173 1521 270 1601 legem
285 1521 398 1584 nesciat
411 1539 570 1603 personam
585 1519 728 1602 adquam
743 1520 856 1583 accedit
870 1541 935 1586 esse
948 1542 1018 1586 con·

49 1612 243 1684 sunguineam
257 1611 406 1691 coniugis,
416 1615 502 1688 tunc,
513 1609 566 1672 etsi
576 1610 744 1690 ignorantia
758 1610 794 1671 sit
808 1629 918 1689 crassa,
934 1631 1017 1674 com-

48 1713 140 1769 mune
153 1705 199 1760 est
214 1716 276 1760 non
291 1698 403 1765 incurri
412 1697 660 1780 impedimentum
672 1716 679 1758 :
689 1697 1018 1762 incurrereturecontra

49 1783 71 1846 ti
95 1787 264 1867 ignorantia
288 1793 366 1848 esset
390 1783 613 1862 affectata-,hoc
635 1785 829 1847 communius
848 1785 973 1848 babetur
991 1795 1020 1849 et

49 1875 233 1956 probabilius
247 1877 289 1951 (S.
308 1876 443 1956 liguum,
458 1875 510 1936 lib.
526 1877 563 1946 6,
579 1875 614 1936 n⁰
629 1874 742 1952 lll'l3);
758 1875 791 1935 3ο
804 1873 828 1934 si
853 1873 1019 1956 ignorantia
1100 1937 1105 1945 ,

50 1964 82 2024 sit
97 1965 191 2026 solius
206 1962 429 2044 impedimenti,
445 1963 675 2025 controvertitur
688 1979 727 2024 an
748 1959 812 2024 haeo
825 1963 915 2024 etiam
928 1981 1019 2026 excu-

49 2059 88 2113 set
101 2051 141 2113 ab
156 2052 396 2133 impctlintent03
412 2051 593 2114 sententiam
607 2047 807 2112 affirmantem
827 2057 872 2114 sat
885 2052 1021 2134 probabi·
1146 2081 1151 2088 ·

50 2139 103 2204 lem
117 2148 207 2203 vocat
221 2143 252 2200 ὃ.
270 2137 533 2219 liguoriuslibid,
550 2150 583 2200 n⁰
598 2139 699 2220 turc).

83 2233 176 2292 1200.
201 2230 299 2310 Super
314 2229 393 2291 (licto
408 2227 624 2310 impedimento
636 2227 772 2292 debitum
786 2230 924 2312 petendi,
939 2250 1021 2296 com·

48 2317 227 2380 nrunissimb
240 2317 350 2380 (locent
366 2319 425 2378 00.
435 2335 524 2399 posse
538 2317 702 2399 Episcopos
716 2336 836 2400 semper
848 2328 877 2383 et
886 2321 1021 2386 absolute

47 2407 233 2488 rtispcnsare,
245 2407 349 2468 saltem
364 2425 401 2468 ex
416 2405 653 2482 consuetudine3
669 2407 731 2469 imo
740 2407 820 2470 banc
828 2409 1021 2490 dispensandi

49 2493 219 2558 facultatem
236 2502 371 2576 possunt,
384 2495 551 2557 nonsolirm
562 2493 592 2556 in
604 2497 774 2577 particulari
783 2515 855 2559 casu
864 2499 918 2560 sed
932 2501 1022 2560 etiam

50 2583 242 2662 generaliter,
257 2583 323 2646 aliis
336 2583 486 2666 delegare.
502 2585 545 2662 (S.
558 2583 691 2665 Liguor.,
705 2585 771 2660 lib,
787 2588 817 2659 6,
834 2597 867 2644 n⁰
882 2589 982 2663 1016.)

86 2678 178 2736 tritt).
204 2677 251 2733 An
267 2679 298 2735 ct
320 2681 469 2753 quatenus
487 2691 578 2754 super
590 2671 698 2735 eodem
722 2671 939 2753 impedimento
962 2674 1023 2734 disn

49 2779 175 2840 pensare
189 2762 310 2823 valcant
323 2761 497 2824 confessarii
511 2761 675 2843 regulares,
687 2759 755 2823 ride
766 2760 846 2842 apud
858 2761 888 2822 S.
900 2761 1022 2842 liguor..

52 2851 116 2926 til.)
129 2860 161 2912 et
175 2851 254 2914 inlra
268 2854 383 2929 (4405t3
401 2869 463 2914 non
477 2858 579 2914 autem
597 2848 627 2911 id
642 2855 769 2932 possunt
787 2849 938 2931 simplices
955 2869 1025 2914 con-

50 2937 175 3008 fossant.
192 2938 343 3020 quidquid
356 2939 436 3002 dicat
448 2939 536 3003 cord.
552 2941 597 3003 De
610 2939 652 3000 La
665 2939 811 3019 Lucerue,
826 2957 874 3024 up.
891 2939 1024 3006 Carriere

51 3023 104 3099 <tn
118 3025 273 3102 Mutrr'rn„
290 3029 325 3090 11⁰
339 3031 420 3110 titt).

88 3119 181 3180 taur.
198 3115 280 3180 rl'otc
303 3135 340 3180 ex
363 3120 395 3181 S.
418 3119 539 3200 liguor.
563 3116 630 3196 (10..
654 3119 688 3180 n⁰
704 3121 790 3198 luri)
805 3118 1025 3202 qubdscienter

51 3205 263 3269 corrupticolas
283 3223 355 3270 cum
374 3207 591 3290 impedimento
612 3208 879 3291 consanguinitatis
896 3211 940 3273 vel
962 3210 1025 3272 alli·

51 3293 152 3356 nitatis
166 3298 325 3359 incurrant
337 3296 683 3382 excommunicationem
697 3297 762 3380 ipso
780 3297 877 3378 lacto,
892 3305 927 3362 ut
939 3299 1027 3365 habe·

53 3383 101 3442 tur
116 3383 148 3444 in
162 3385 259 3448 Clem.
276 3402 342 3462 un.,
365 3384 400 3448 de
421 3387 693 3468 consummitate,
713 3386 765 3450 ubi
788 3387 870 3450 idem
890 3392 1027 3453 statuitur

52 3467 90 3530 tle
103 3471 269 3553 religiosis,
280 3473 463 3538 monialibus
476 3481 507 3537 et
518 3474 635 3538 clericis
649 3475 681 3538 in
695 3476 787 3538 sacris
800 3477 1027 3540 matrimonium

53 3559 321 3642 connubentibus,
340 3564 393 3644 qui
416 3561 541 3641 insopor
559 3569 630 3629 sunt
650 3561 848 3634 denuntiandi
868 3583 906 3628 cx
923 3565 1028 3626 Edicto
