2416 3954
402 185 488 232 uam
509 183 666 234 accusans.
953 169 1010 232 tao

94 281 174 345 4747.
188 312 224 329 ·-
237 284 270 344 ¹1·
292 282 325 344 tn
346 278 446 344 medio
468 279 630 344 coemeterii
643 297 717 344 crux
732 279 791 343 alta
811 279 883 363 poni
900 279 1009 344 debet:

66 389 76 424 r
94 368 259 433 Coemeteria
270 371 375 446 muris,
389 369 475 432 lassis
490 376 540 431 aut
552 368 673 450 sepibus
687 369 724 430 ita
736 369 965 446 concludantur,
979 375 1010 433 ul

60 475 70 512 r
92 459 186 538 equis,
200 460 317 538 vaccis,
332 461 443 541 porcis,
456 458 581 538 aliisque
593 457 740 520 similibus
751 459 931 522 animalibus
944 459 1011 522 nut-

59 564 72 600 7
93 544 134 608 lus
143 557 237 628 pateat
251 567 415 612 accessus»
434 567 441 609 :
457 549 531 629 Syn.
545 547 686 610 Mechtin.
700 550 726 610 It
740 547 784 610 tit.
801 552 853 626 tt,
869 568 896 611 c.
912 553 960 611 76.
977 551 1012 611 17

58 632 307 701 eisnullacultura
320 635 385 700 lieri
396 636 508 718 dehet,
525 655 581 700 nec
604 637 634 698 in
651 637 696 700 ais
717 635 839 698 arbores
859 637 1011 720 frugiferae

57 730 119 784 nm
134 727 312 807 plantandae
332 728 394 790 imd
417 726 532 789 loenum
551 726 582 788 in
603 725 646 788 eis
659 743 835 788 excrescens
851 743 912 788 non
923 728 1013 791 dehet

57 813 118 874 meti
129 823 179 878 aut
188 817 288 884 vendi.
299 821 333 879 ut
345 815 456 898 pabulo
467 815 563 879 detur.
577 814 620 878 lbi
633 814 748 877 fabrilia
760 833 851 896 opera
863 819 1010 895 exerceri,

55 895 108 962 ludi
120 906 269 982 constitui,
282 911 447 968 conventus
461 903 576 987 prolani
588 904 749 986 civilesque
764 901 1013 984 proclamationes

56 985 111 1051 lieri
124 993 274 1058 nonlicet.
289 997 331 1058 tta
349 995 517 1071 (tarentus,
541 992 678 1056 Manuale
697 993 851 1075 Episcop,
864 1001 893 1054 7ο
908 992 1015 1058 077777-

55 1080 151 1142 terium
160 1103 172 1154 ‚·
194 1083 359 1147 Calatonno
383 1084 414 1144 in
430 1081 549 1144 Bilaoli
567 1085 691 1144 llomooo
707 1083 738 1160 (t.
757 1087 788 1152 7,
804 1083 849 1144 tit.
863 1085 898 1160 8,
910 1100 939 1145 o.
953 1086 1012 1162 37).

53 1163 120 1230 tide
131 1171 209 1252 apud
225 1174 268 1235 De
283 1172 374 1234 iterdt
385 1175 465 1254 (pars
478 1175 515 1248 o,
529 1180 562 1232 77ο
575 1174 629 1248 33,
643 1173 723 1249 Vlli,
736 1170 794 1254 8⁰).

85 1261 173 1324 ttae.
189 1296 226 1307 -
239 1263 270 1325 8·
286 1261 492 1336 Constructio,
512 1261 715 1336 manutentio,
737 1260 890 1342 ampliatio
910 1267 939 1324 et
956 1280 1015 1325 res·

50 1345 170 1408 77777777
183 1349 356 1414 communis
366 1349 516 1431 sepulchri
537 1368 590 1412 seu
605 1350 766 1412 coenreterii
786 1349 851 1411 fieri
863 1351 952 1413 debet
967 1371 1015 1413 ex-

48 1451 144 1511 pensis
163 1437 415 1518 parochianorum
432 1446 461 1501 et
483 1456 545 1500 oon
557 1438 677 1520 parochi
693 1458 700 1500 :
715 1439 785 1519 quis
799 1441 870 1500 edm
883 1439 911 1501 id
924 1443 1015 1522 respi-

47 1522 101 1584 ciat
129 1527 291 1610 utilitatem
310 1528 582 1609 parochianorum,
599 1529 651 1608 qui
668 1529 800 1590 sentiunt
819 1529 1015 1594 commodum

44 1618 72 1672 et
91 1632 172 1678 onus
197 1615 309 1679 sentire
331 1617 452 1680 debent.
487 1616 572 1694 (Vide
603 1617 753 1696 Ferraria,
779 1628 810 1678 v⁰
831 1617 1009 1700 Sepultura,

45 1709 75 1761 n⁰
87 1706 170 1788 207.)

78 1797 170 1858 4743.
188 1828 231 1843 -
241 1797 273 1859 9·
286 1795 370 1858 Circo
380 1803 472 1860 situm
483 1803 512 1859 et
523 1796 749 1878 dispositionem
761 1799 1013 1873 coemeteriorum,

41 1884 200 1963 sequentia
209 1885 335 1948 sancivit
345 1886 426 1966 apud
438 1905 494 1948 nos
505 1886 552 1948 lex
562 1885 655 1947 civilis
669 1904 676 1946 :
694 1887 844 1969 ‹rD'apres
857 1888 930 1950 l'art.
945 1889 1014 1953 8du

39 1989 54 2026 r
78 1974 191 2037 Decret
202 1979 253 2053 (77
268 1975 335 2054 juin
349 1977 451 2056 7804),
470 1975 567 2056 inquit
580 1977 640 2035 DD.
658 1975 739 2038 Affrc
755 1975 928 2059 (strepente
942 1978 1015 2040 l’cd-

39 2081 52 2114 r
76 2063 214 2124 ministr.
233 2071 365 2146 tempor„
381 2071 452 2143 etc,
467 2084 497 2146 p.
513 2067 596 2142 208),
609 2063 1016 2147 lesoinretieresplacesdans

39 2169 53 2206 7
76 2150 469 2234 l’cnceintedesbourgs...
484 2154 810 2234 peuventcontinuerd
831 2159 1016 2220 recevoirles

37 2260 51 2298 7
76 2241 292 2304 inhumations
304 2242 342 2302 de
356 2241 436 2304 leurs
447 2241 610 2318 habitants3
623 2245 697 2305 mais
708 2245 745 2322 si,
759 2263 835 2326 pour
846 2265 906 2308 uno
916 2248 1015 2309 raison

38 2349 51 2383 7
75 2332 296 2412 quelconque,
316 2329 359 2393 las
375 2349 554 2394 communes
576 2341 643 2394 sont
665 2333 798 2413 obligees
817 2333 856 2396 de
875 2337 1016 2396 777777777-

35 2439 49 2476 7
73 2420 202 2483 donner
205 2465 267 2482 .....
276 2466 285 2492 ,
308 2420 336 2482 le
357 2439 494 2484 nouveau
514 2422 740 2484 cimetreredoit
757 2427 820 2483 etro
838 2424 925 2484 etalrti
947 2441 1016 2484 con-

36 2529 50 2562 7
74 2508 269 2572 iormdment
279 2527 337 2572 aux
351 2510 448 2590 regies
461 2511 631 2573 suivantcs:
648 2517 676 2572 1⁰
691 2511 717 2572 le
729 2510 841 2572 conseil
854 2512 1016 2592 municipal

33 2619 46 2653 a
71 2597 137 2660 doit
151 2597 269 2660 choisir
283 2597 325 2660 les
339 2599 466 2660 terrains
481 2599 522 2660 les
537 2599 604 2680 pius
618 2599 714 2660 clevos
725 2606 752 2659 ot
766 2599 858 2660 situes
870 2617 906 2659 au
922 2601 1015 2675 nord3

34 2707 48 2740 v
72 2689 106 2748 2·
123 2687 165 2749 ils
183 2686 309 2750 doivent
322 2689 385 2749 etre
407 2689 425 2748 o
448 2686 476 2748 la
496 2687 629 2748 distance
650 2686 688 2748 do
710 2690 748 2748 35
770 2689 966 2748 altimetres
980 2707 1017 2750 uu

31 2797 44 2832 s
70 2777 184 2844 moins
203 2775 243 2836 de
262 2775 418 2838 l'rnoeiote
438 2775 491 2838 des
507 2775 611 2854 vilice,
634 2775 747 2856 bourgs
769 2793 809 2837 ou
826 2776 1015 2856 villages....;

31 2885 44 2920 7
69 2869 103 2928 3⁰
128 2865 171 2928 iis
195 2863 316 2926 doivent
335 2868 397 2927 etre
425 2865 487 2927 clos
508 2863 582 2926 d’un
603 2883 671 2926 mur
693 2864 731 2926 de
751 2864 831 2927 deux
849 2867 960 2928 nietves
980 2885 1018 2930 au

26 2975 41 3010 a
68 2955 184 3018 moins
202 2953 379 3014 d'c'levation
396 2975 404 3032 ;
420 2972 460 3016 on
481 2953 543 3014 doit
563 2974 582 3036 y
600 2954 672 3015 laire
690 2953 743 3016 des
763 2955 960 3036 plantations,
980 2976 1018 3020 en

27 3065 41 3100 o
67 3046 215 3125 prenanl
223 3040 277 3102 dos
286 3042 682 3124 precautionsoonvenairies
696 3061 772 3125 pour
783 3063 821 3105 nc
832 3043 915 3126 point
927 3048 1019 3125 gener

23 3155 37 3192 r
63 3131 94 3196 la
108 3129 302 3196 circulation
313 3129 351 3192 de
364 3130 427 3194 i'air
441 3134 507 3208 (art.
528 3135 547 3193 2
559 3139 589 3192 et
600 3135 628 3210 3)
641 3152 648 3208 ;
671 3137 702 3194 4·
715 3131 760 3194 s'il
776 3151 795 3214 y
807 3151 824 3194 a
840 3132 893 3194 des
906 3144 1018 3215 protes-

22 3245 37 3280 7
64 3229 156 3284 tants
173 3219 255 3282 dans
267 3219 295 3282 la
309 3221 461 3302 paroisse,
476 3239 517 3282 on
534 3221 596 3283 doit
610 3220 682 3282 laice
696 3239 734 3284 en
749 3227 829 3284 sorte
840 3223 929 3302 qu'ils
940 3225 1021 3286 aient

19 3331 36 3370 n
63 3330 110 3374 nn
128 3311 296 3374 cimetierc
307 3311 431 3392 separe;
447 3310 493 3372 s’il
507 3317 554 3372 est
568 3329 732 3385 commun,
748 3311 769 3371 it
780 3311 843 3372 doit
854 3315 917 3372 etro
928 3311 1020 3375 divise

18 3424 34 3460 u
61 3421 126 3483 par
140 3415 214 3462 une
229 3397 296 3460 huie
308 3445 317 3476 ,
331 3417 373 3462 un
387 3418 455 3462 mur
472 3419 512 3462 ou
528 3419 571 3462 un
591 3400 689 3478 losse,
707 3400 745 3462 de
758 3401 892 3462 maniere
906 3419 966 3480 que
978 3401 1021 3461 tes

17 3511 33 3550 r
60 3488 254 3573 sepultures
267 3485 320 3548 des
341 3488 527 3570 catholiques
549 3488 650 3550 eides
668 3495 849 3570 protestante
869 3488 1022 3548 nescient

15 3602 29 3638 ι
56 3579 161 3660 point
178 3575 408 3640 conlondues...
422 3579 492 3657 (art.
512 3579 576 3655 ts).
