2434 3940
132 217 191 281 226
353 231 491 279 nunnius
511 231 611 279 ronne
631 232 713 278 runis
733 230 879 281 neronior.

133 325 219 393 rendi
234 327 351 394 occultu
368 349 375 391 :
395 351 411 388 n
425 330 455 391 Si
466 330 548 404 verb,
564 330 661 410 inquit
674 330 705 392 S.
722 331 857 410 Lignor,
877 347 968 393 censa
980 327 1032 394 un
1046 348 1110 393 non

133 443 148 479 ι
173 420 267 500 possit
279 437 380 481 coram
392 417 493 497 judice
507 418 638 500 probari,
650 418 805 482 necetiom
817 417 938 482 subtevi
949 419 1112 481 auotoritas

134 531 147 568 o
171 508 281 583 judicis
294 507 463 588 exigitur..;
479 525 549 568 casu
560 515 659 570 autem
670 505 875 588 quodeiectus
885 505 1111 589 atteriuspertis

134 619 148 657 o
171 597 233 674 jem
249 596 367 678 probari
382 595 490 677 possit,
502 594 553 656 sed
564 596 603 656 sit
617 595 768 665 occuitus,
781 594 870 658 debet
883 614 952 676 pars
963 595 1111 658 innocens

135 706 148 742 n
174 686 297 748 atteram
312 701 506 747 commonere
519 691 548 745 et
564 684 672 745 minari
691 682 772 765 quod
789 681 991 746 manifestabit
1008 683 1062 748 det
1096 719 1110 730 -

136 798 149 831 »
175 780 239 836 tum
248 796 255 850 ;
265 781 294 836 et
308 773 333 834 si
347 773 411 855 ipso
422 791 483 834 non
493 772 657 854 acquiescit
667 771 807 834 solutioni
818 773 1015 854 sponsalium,
1030 772 1112 836 ticitb

135 886 150 920 n
176 861 285 944 poterit
297 860 448 923 deiectum
462 859 657 940 adjudicium
670 859 788 923 deterre
801 881 832 922 n.
845 859 920 938 (Lib.
935 864 967 934 6,
982 864 1109 941 n⁰878).

175 955 264 1014 4040.
286 949 390 1022 Quoad
404 951 474 1012 verb
492 955 631 1010 naturam
650 949 836 1030 probationis
855 949 1025 1030 requisitae,
1047 950 1111 1013 dis·

135 1039 333 1120 tinguendum
347 1047 410 1101 est:
426 1037 472 1100 vel
486 1039 584 1119 egitur
598 1037 635 1100 de
650 1037 805 1119 probando
816 1038 1034 1119 impedimento
1047 1047 1111 1101 tem

135 1130 294 1191 dirimente
318 1130 410 1208 quim
433 1127 635 1208 impediente,
658 1135 688 1188 et
708 1132 782 1189 tunc
800 1126 910 1188 suflicit
924 1146 1005 1189 unus
1027 1129 1112 1190 testis

134 1219 249 1296 juratus
262 1224 291 1278 et
304 1216 451 1293 oculatus,
466 1224 526 1276 tam
542 1215 645 1278 intoro
660 1223 783 1278 externo
793 1219 886 1297 quim
901 1219 1020 1278 interno
1029 1219 1108 1298 (cap.

137 1306 235 1386 Super
248 1304 360 1374 eodem,
378 1304 412 1364 de
423 1311 488 1365 test.
505 1307 668 1382 etaient),
685 1306 739 1366 etsi
754 1305 793 1366 sit
801 1303 994 1382 criminosus,
1005 1311 1036 1367 et
1048 1324 1111 1366 non

137 1394 243 1455 citatus
257 1393 310 1453 sed
323 1395 340 1453 b
354 1400 437 1474 parte
452 1392 634 1472 productus:
651 1394 724 1474 quie
738 1411 819 1455 unus
833 1395 916 1455 testis
928 1394 1066 1456 oculatus
1080 1401 1113 1456 et

135 1483 250 1559 juretus
263 1481 359 1562 magis
373 1481 478 1562 probat
493 1485 585 1562 quim
598 1482 695 1558 tama,
711 1501 779 1564 quae
793 1487 894 1544 tamen
908 1483 988 1544 certe
1001 1482 1113 1544 sufficit

137 1570 174 1630 ed
188 1569 330 1632 solvende
343 1571 493 1651 sponsetia
509 1573 599 1631 etiam
611 1572 725 1649 jurata,
742 1569 833 1644 modo
846 1577 947 1633 tamen
962 1570 1012 1634 itte
1026 1571 1113 1633 testis

139 1677 198 1720 non
213 1660 250 1721 sit
265 1678 391 1741 persono
404 1659 488 1720 vitis:
506 1677 576 1720 nem
590 1660 657 1720 totis
672 1677 808 1741 personae
822 1661 1027 1721 testimouium
1043 1660 1113 1721 sui-

139 1748 228 1810 beerc
246 1768 308 1810 non
335 1755 450 1831 potest,
474 1747 530 1809 nisi
554 1765 625 1810 essu
648 1766 709 1828 quo
732 1747 983 1828 impedimentum
1005 1749 1044 1810 ita
1065 1756 1112 1811 est

138 1839 288 1901 oecultum
304 1845 337 1900 ut
350 1837 435 1899 oiiter
449 1837 567 1918 probari
587 1855 649 1898 non
670 1836 775 1898 valeat.
797 1837 829 1898 S.
847 1838 981 1919 bignon,
1002 1837 1053 1898 lib.
1070 1841 1110 1916 6,

141 1926 179 1984 n¹⁸
194 1931 268 1999 906,
284 1931 353 1988 997.

178 2017 267 2075 4044.
292 2015 321 2074 Si
336 2015 406 2075 verb
420 2019 525 2094 agatur
538 2013 576 2075 de
591 2013 745 2095 probando
766 2013 822 2076 atto
837 2016 928 2080 causo
943 2013 1112 2076 dissolutio

140 2103 185 2162 nis
199 2120 266 2182 quae
281 2119 342 2162 non
357 2103 394 2162 sit
408 2101 669 2182 impedimentum,
681 2123 710 2164 v.
723 2123 767 2182 g,
782 2102 939 2166 fornicatio
953 2103 998 2165 vet
1009 2102 1111 2166 detor-

140 2191 226 2250 mitas
239 2207 374 2270 sponsae,
397 2191 582 2250 conveniunt
595 2192 656 2252 DD.
673 2191 754 2273 qubd
769 2192 800 2253 in
814 2191 879 2253 foro
897 2193 1016 2256 interno
1031 2191 1112 2254 suffi-

139 2279 197 2337 ciat
219 2279 309 2338 etiam
332 2295 411 2339 unus
437 2277 519 2338 testis
532 2277 591 2340 fide
605 2279 735 2361 dignus,
760 2286 787 2342 et
801 2280 963 2342 testiticeus
977 2279 1015 2342 de
1030 2285 1110 2344 certi

141 2366 262 2426 scientit
273 2387 281 2442 ;
302 2366 378 2428 sicut
400 2365 488 2427 etiarn
511 2367 619 2430 sufficit
639 2369 669 2429 io
691 2367 749 2430 hoc
763 2368 848 2448 foro,
865 2369 1057 2451 probabilitas
1072 2371 1110 2433 de

140 2455 315 2516 subiciendo
328 2471 436 2516 cause.
453 2457 511 2518 Pro
525 2455 589 2519 toro
604 2465 703 2519 autem
713 2465 853 2535 externo,
866 2457 979 2540 duplex
993 2465 1111 2522 estsen-

140 2544 250 2605 tentie:
267 2543 315 2606 atii
338 2544 420 2605 enim
443 2545 636 2608 communius
656 2546 733 2614 duos
755 2554 844 2608 testes
866 2548 1045 2628 requirunt;
1060 2549 1109 2611 etii

141 2631 244 2694 dicunt
264 2632 400 2696 sufficere
413 2651 531 2712 unum,
546 2634 636 2696 modb
650 2635 688 2696 sit
707 2635 766 2698 tide
779 2635 889 2717 dignus
904 2655 914 2697 ε
935 2640 966 2698 et
983 2637 1109 2700 istorum

141 2723 242 2803 opinio
256 2725 327 2786 satis
340 2723 501 2805 probabitis
518 2723 634 2785 videtur
653 2731 755 2787 sancto
773 2723 929 2806 Ligurino,
956 2723 1109 2807 loquendo

139 2812 176 2871 de
192 2812 386 2874 fornicatione
401 2830 529 2893 sponsae.
548 2812 625 2893 (Lib.
642 2815 681 2890 6,
698 2825 731 2874 n⁰
745 2817 829 2894 878.)

560 2986 641 3057 tut.
664 2985 698 3048 n.

382 3121 418 3167 os
438 3122 598 3168 prunorum
620 3125 873 3176 roocunuunouu.

179 3251 268 3311 4044.
291 3252 354 3312 Vox
370 3251 503 3312 Bannurn
519 3255 537 3314 b
551 3255 708 3318 Germanis
716 3263 852 3322 mutuatu
865 3257 922 3324 tuit
935 3265 965 3324 et
976 3265 1108 3345 promul·
1207 3279 1208 3324 t

141 3337 292 3415 gationem
313 3338 400 3400 edicti
428 3348 514 3401 sonet
532 3361 540 3400 ε
555 3341 605 3402 bic
629 3351 731 3406 autern
760 3349 891 3411 sumitur
914 3369 969 3432 pro
988 3353 1107 3434 publicd

141 3422 356 3486 denuntiatione
362 3427 462 3500 futuri
470 3427 669 3504 Matrimonii,
681 3435 858 3498 anctoritate
865 3437 1008 3502 Ecclesioe
1013 3441 1104 3520 soced.
1207 3431 1208 3466 ¹

181 3513 414 3592 Antiquissimus
437 3515 554 3576 videtur
575 3522 680 3579 sottem
700 3523 801 3601 quoad
822 3524 1018 3590 substanttam
1041 3547 1106 3592 mos

142 3599 259 3671 publice
274 3599 401 3660 faciendi
416 3599 517 3662 tuturo
529 3605 669 3682 coniugio
684 3623 693 3666 z
708 3607 817 3688 tegitur
836 3611 920 3675 enim
937 3613 969 3676 in
982 3615 1105 3698 epistott
