2434 3940
175 255 230 315 {88
392 259 530 316 naubare
550 270 651 314 nurus
671 268 752 312 mars
773 265 918 312 canumet.

174 369 342 443 licentiam;
367 367 418 428 sed
442 365 626 448 probabilius
650 382 711 426 non
734 369 834 444 posset
855 361 1025 424 ministrare
1046 364 1139 442 pastor

174 453 468 530 excommunicatum
495 453 688 535 probabiliter
715 453 783 514 verb
810 457 911 532 posset
936 467 1099 532 suspensus
1117 447 1140 511 sl

174 545 250 608 alius
263 543 381 606 deesset
396 563 404 604 ι
420 561 506 606 secus
516 550 616 604 tamen
636 541 737 624 plures
750 541 903 620 sentiunt,
917 557 971 621 ap.·
979 541 1012 602 S.
1024 539 1139 621 liquor.

176 633 239 712 [lib.
255 637 286 708 6,
303 633 426 710 nl'ltll).

216 724 305 786 3933.
323 720 583 784 Extrema-Unctlo
598 723 693 800 potest
705 716 904 780 administrari
920 717 951 778 in
961 717 1142 794 necessitate,

178 812 243 874 sine
258 810 473 892 respondente,
490 827 547 871 nec
557 807 668 870 lamina
682 813 756 869 tunc
768 813 813 868 est
827 805 1014 880 adhibenda;
1030 805 1144 887 quodsi

178 908 279 963 umen
298 899 398 976 lieret,
418 907 495 962 esset
509 897 607 960 solbm
623 896 756 968 reniale,
779 895 857 957 sicut
877 893 1062 976 probabilius
1075 900 1146 956 esset

179 991 270 1052 eliam
302 989 401 1052 solbm
429 987 544 1050 reniale
567 985 736 1049 ministrare
763 983 829 1046 sine
848 983 1051 1066 respondente
1070 991 1148 1046 extra

180 1097 285 1140 casum
300 1075 497 1139 necessitatis.

220 1169 308 1228 3934.
332 1167 452 1228 Certum
470 1170 624 1226 estunam
643 1163 828 1226 sacerdotem
844 1161 981 1226 sufficere
1002 1159 1040 1224 ad
1055 1159 1149 1224 admi·

129 1331 130 1334 Ἴ
181 1253 364 1316 nistrandam
375 1252 761 1328 Extremam-Unctionem‚
773 1251 827 1314 etsi
839 1251 868 1314 in
882 1251 1024 1332 Apostolq
1037 1249 1152 1313 dicatur

181 1341 302 1402 indicat
323 1341 533 1422 presbyteros,
560 1341 630 1422 quia
658 1339 722 1403 hac
747 1339 837 1403 rerba
864 1339 1059 1421 intelligenda
1086 1349 1153 1401 sunt

182 1431 266 1511 quasi
281 1429 452 1492 diceretur:
475 1427 600 1491 lnducat
621 1446 717 1491 unum
730 1448 766 1491 ex
788 1427 988 1512 presbyteris;
1008 1427 1067 1490 hoc
1081 1427 1153 1490 des·

183 1519 256 1580 nirit
280 1517 447 1581 Alexander
465 1519 503 1578 lll
526 1517 557 1579 in
578 1535 645 1599 cap.
669 1517 832 1594 Quaesivit,
854 1516 890 1582 de
912 1517 995 1579 verbi
1013 1517 1153 1600 amalfia,

183 1607 234 1670 ubi
249 1607 358 1671 dicitur
373 1627 382 1670 a
402 1609 528 1670 aNos...
543 1606 686 1670 duximus
698 1606 944 1690 respondendum
958 1605 1041 1689 qudd
1056 1624 1157 1670 sacer·

184 1719 198 1759 r
222 1697 314 1760 dos...
330 1699 422 1760 etiam
435 1697 518 1760 solus
533 1701 630 1778 potest
643 1695 800 1759 infirmum
815 1715 929 1778 ungere
943 1715 980 1772 e;
998 1696 1062 1758 imd
1076 1703 1157 1758 extra

183 1805 288 1850 casum
308 1784 492 1850 necessitatis
512 1791 591 1848 esset
613 1792 771 1866 peccatum
793 1785 919 1848 nrormle
938 1786 1040 1867 plures
1059 1803 1157 1848 sacer-

184 1876 268 1939 dotes
281 1875 420 1941 adhibere
437 1876 468 1938 in
478 1875 610 1938 Ecclesia
622 1876 738 1950 Latina,
751 1877 822 1956 quia
836 1875 946 1938 bocest
955 1883 1060 1937 contra
1071 1895 1159 1938 usum

184 1965 344 2027 Ecclesia:
360 1982 447 2027 secus
460 1964 484 2026 si
499 1964 617 2026 adesset
630 1965 807 2040 necessitas,
819 1984 847 2025 r.
864 1984 907 2046 g.,
925 1984 948 2026 st
961 1983 1043 2026 mors
1057 1967 1159 2028 inruti-

185 2060 279 2113 neret.
295 2052 373 2113 Olim
389 2059 508 2129 tamen,
523 2052 613 2114 etiam
630 2052 659 2112 in
677 2053 808 2114 Ecclesia
821 2053 943 2122 Latina,
959 2052 1061 2134 plures
1074 2045 1160 2116 adbi-

185 2139 332 2201 bebantur
352 2139 532 2216 sacerdotes
557 2148 591 2202 ut
609 2140 710 2202 videre
729 2149 774 2202 est
795 2141 875 2222 apud
898 2141 1008 2204 Bened.
1024 2145 1091 2204 xlv
1108 2144 1162 2216 (Ile

185 2227 313 2308 Spacdo.
330 2226 381 2288 lib.
397 2231 428 2304 8,
444 2245 472 2290 c.
485 2232 515 2294 l,
529 2237 563 2288 n·
577 2231 631 2306 V);
647 2236 677 2290 et
690 2229 780 2291 etiam
794 2249 876 2292 nunc
890 2231 996 2308 Graei,
1007 2231 1115 2293 saltem
1131 2234 1162 2294 in

184 2314 321 2397 pluribus
328 2315 412 2391 locis,
423 2315 567 2378 adhibent
578 2321 693 2398 septem
701 2317 888 2382 sacerdotes:
904 2319 956 2382 sed
970 2319 1082 2382 Bened.
1096 2324 1163 2384 xm

184 2405 228 2466 eis
241 2404 389 2466 concessit
406 2410 440 2467 ut
452 2423 532 2466 unus
546 2405 636 2468 etiam
651 2411 745 2487 possit
767 2425 881 2488 ungere
901 2408 1024 2490 quando
1044 2417 1162 2491 septem

184 2493 230 2554 vel
245 2499 304 2555 tres
319 2510 379 2554 non
402 2497 530 2576 possunt
542 2493 654 2556 baberi.
673 2496 748 2557 Casu
764 2505 864 2558 autem
879 2515 940 2578 quo
959 2497 1061 2579 plures
1074 2498 1162 2560 adbi-

184 2582 294 2645 bcntur
316 2581 502 2658 secerdotes,
515 2601 576 2644 non
588 2589 684 2663 potest
698 2602 777 2646 unus
789 2585 937 2668 inungere
946 2587 1081 2668 aliquem
1090 2605 1161 2650 sen-

185 2689 253 2733 sum
263 2719 272 2746 ‚
282 2673 394 2734 etalter
404 2670 531 2732 sormam
540 2672 826 2752 correspondentem
841 2676 1048 2755 pronuntiare,
1060 2693 1162 2756 neque

67 2813 70 2822 ,
147 2793 151 2802 «
186 2779 266 2823 unus
286 2779 383 2824 unum
401 2761 525 2823 oculum
548 2768 578 2822 et
597 2761 671 2822 alter
692 2762 907 2838 alterunr;sed
927 2762 1006 2826 idem
1020 2765 1163 2828 sacerdos

68 2899 77 2902 ,.
98 2881 101 2885 .
185 2849 274 2910 debet
286 2857 378 2911 totam
398 2851 571 2912 unctionem
588 2867 729 2930 peragere
744 2858 773 2911 et
788 2851 877 2914 simul
896 2851 1024 2914 sormam
1042 2873 1161 2916 corres-

187 2937 369 3019 pondentem
386 2939 583 3017 pronuntiare
595 2939 720 3014 (bened.
732 2941 810 3015 XIV,
825 2941 869 3002 De
878 2941 969 3023 Syn„
981 2943 1047 3006 loco
1057 2945 1161 3020 citato,

162 3099 163 3102 Ἴ
187 3045 220 3086 nr
234 3023 320 3102 Vlll).
335 3025 421 3096 Quod
439 3025 464 3086 si
486 3025 565 3087 idem
586 3027 724 3090 sacerdos
744 3045 804 3090 ηοη
824 3031 918 3110 possit
931 3031 1092 3112 progredi,
1109 3050 1162 3114 per

186 3114 312 3174 alterum
341 3132 410 3193 quau
446 3122 609 3194 supersunt
642 3124 732 3179 erunt
760 3118 947 3198 supplenda;
974 3128 1005 3182 et
1031 3121 1056 3182 si
1084 3123 1161 3182 alius

186 3201 285 3261 statim
308 3200 401 3276 adsit,
429 3219 490 3262 non
512 3210 582 3264 sunt
607 3204 750 3268 iterandae
770 3208 929 3269 unctiones
949 3209 1033 3289 pribs
1056 3207 1158 3283 lactae;

186 3305 272 3350 secus
286 3289 309 3351 si
334 3289 372 3352 ab
386 3290 444 3352 alio
457 3299 521 3373 post
532 3292 663 3373 aliquem
679 3313 795 3357 moram
809 3297 970 3359 notabilem
984 3343 992 3374 ‚
1008 3307 1079 3380 puta
1094 3305 1161 3380 post

187 3377 382 3462 quadrantem
394 3429 399 3449 .
412 3381 623 3462 suppleantur;
635 3391 708 3446 tunc
719 3387 800 3446 onim
812 3403 920 3448 omnes
930 3387 1089 3449 unctiones
1103 3386 1160 3447 sub

187 3465 359 3529 conditione
372 3477 444 3530 sunt
457 3469 637 3551 repetendae.
652 3473 694 3548 (S.
710 3473 843 3553 Lignea,
859 3473 911 3538 lib.
926 3477 956 3545 6,
973 3483 1007 3536 η’)
1021 3479 1106 3554 724.)

225 3557 316 3618 3935.
340 3557 486 3618 accurate
512 3557 656 3620 servanda
683 3569 754 3623 sunt
782 3563 1008 3645 prescriptam
1038 3561 1161 3627 Rituelr'

188 3641 316 3704 Romano
332 3661 389 3724 pro
406 3643 497 3720 hujus
514 3649 691 3708 sacramenti
715 3648 972 3716 administratione
990 3671 998 3716 a
1020 3654 1159 3715 omittere

187 3731 269 3796 enim
282 3730 433 3796 orationes
448 3729 558 3791 ibidem
569 3743 747 3824 praeceptas,
757 3745 841 3803 extra
853 3757 958 3802 casum
973 3743 1159 3806 trecesutetis
