2482 3944
451 144 537 190 uiam
559 145 717 192 sscuuoos.
1006 132 1041 194 52

118 241 335 332 352350uaenit
348 246 401 305 lt·
412 246 459 304 An
470 244 646 325 capellanus
659 249 808 327 agrotans
817 250 955 308 teneatur
966 245 1042 308 inte·

74 329 134 390 rim
145 330 320 410 stipendium
334 331 409 393 dare
422 331 507 394 alteri
524 339 557 394 ut
571 333 676 395 missas
689 333 821 396 celebret
834 333 850 395 ‘l

114 420 199 498 Resp.
215 419 245 480 si
255 419 464 482 iufirmitassit
480 421 593 494 breuis,
609 439 772 486 commune
782 430 827 484 est
841 423 922 503 qudd
933 421 969 485 ad
984 422 1041 486 hoc

74 524 136 566 non
149 512 281 569 teneatur
294 508 488 589 capellanus,
505 511 561 572 nisi
583 508 724 572 fundator
743 511 868 573 voluerit
883 531 944 573 non
965 511 1040 574 deti-

27 679 29 684 .
72 611 142 655 cene
155 595 272 658 missam
289 597 320 656 in
334 598 385 658 tali
401 597 488 660 loco:
510 599 655 679 quietam
671 601 772 662 stricte
795 618 834 661 ne
847 599 962 662 domini
978 601 1042 680 qui-

26 685 29 718 ῑ
72 682 143 744 dem
151 683 263 748 honesti
277 703 349 748 cum
361 683 482 749 famulis
490 693 597 768 agunt:
607 705 695 750 secus
708 695 809 748 tamen
824 695 868 748 est
878 688 1042 750 dicendum

71 769 111 832 de
125 773 159 834 iis
170 774 220 854 qui
235 793 341 837 curam
355 777 525 838 animarum
539 774 685 838 habentes
705 781 848 839 tenentur
861 794 915 856 pro
931 777 1043 857 populo

72 860 234 936 celebrare,
248 865 294 926 uti
308 863 441 925 diximus
454 882 546 945 supra
564 865 681 944 (ltus).

112 953 196 1013 sset.
214 951 526 1024 Quandonamautem
541 951 702 1015 infirmitas
714 953 866 1016 censenda
880 951 1039 1024 sitdrenis,

71 1039 121 1102 alii
133 1040 236 1102 dicunt
250 1041 274 1100 si
289 1041 326 1101 sit
340 1040 514 1122 quindecim
525 1040 663 1124 dierum3
679 1041 729 1102 alii
745 1043 835 1104 unius
848 1043 978 1118 mensis;
993 1041 1042 1103 alii

72 1129 190 1191 tandem
203 1129 371 1191 extendunt
384 1128 422 1190 ad
442 1127 519 1191 duos
533 1147 663 1191 menses.
680 1131 793 1193 Omnes
808 1131 870 1193 lstae
885 1131 1043 1211 opiniones

73 1218 238 1299 probabiles
257 1217 401 1280 dicuntur
423 1219 440 1279 d
461 1219 493 1280 S.
510 1219 670 1298 Liguori0;
693 1227 722 1281 et
739 1219 876 1282 decisum
896 1219 950 1281 suit
971 1222 988 1281 a
1009 1221 1039 1280 S.

73 1309 178 1390 congr.
191 1309 284 1370 Cone.
299 1309 334 1366 tl
348 1325 415 1368 nov.
429 1309 505 1370 1695
516 1355 524 1386 ‚
535 1315 615 1370 certa
625 1307 745 1370 breuem
760 1325 824 1370 esse
839 1305 1042 1370 infirmitatem

74 1397 108 1457 l5
123 1396 253 1458 dierum.
270 1394 356 1472 (Vide
371 1397 402 1458 S.
414 1395 548 1475 Lignea..
565 1395 617 1456 lib.
634 1399 663 1466 6,
682 1408 715 1458 n⁰
728 1399 810 1474 333.)

123 1485 198 1548 Utile
213 1484 356 1546 ducimus
369 1482 415 1545 his
428 1483 558 1562 adjicere
571 1501 636 1565 cap.
655 1483 880 1567 Siqnificatum,
900 1485 936 1547 de
953 1487 1041 1548 Pre-

72 1573 193 1636 deadis:
215 1571 454 1653 asigniticatum
477 1579 522 1634 est
543 1571 650 1646 nobis,
673 1572 771 1654 iuquit
795 1573 962 1636 Alexander
984 1576 1041 1648 lll,

70 1685 84 1722 s
107 1663 190 1744 qudd
215 1661 339 1726 euidam
360 1659 505 1722 sacerdoti
527 1660 721 1742 praebendam
748 1679 843 1724 unam
866 1661 898 1722 in
919 1661 1041 1724 ecclesia

71 1775 86 1810 a
107 1753 205 1814 vested
219 1749 377 1812 communi
390 1749 542 1811 uoluntate
561 1747 699 1826 dedistis,
723 1756 753 1810 et
774 1749 856 1830 qudd
871 1749 993 1810 missam
1006 1749 1045 1809 de

70 1864 84 1898 n
107 1843 138 1903 S.
160 1839 255 1902 illaria
273 1838 343 1914 (nisi
361 1837 491 1919 eorporis
510 1837 691 1918 infirmitate
708 1844 848 1916 qrovatos
866 1835 921 1915 sit)
939 1835 1047 1896 debeat

72 1953 84 1988 a
105 1929 243 2012 quotidie
256 1927 465 1990 celebrare...:
481 1942 575 2008 quam
590 1924 809 1985 institutionem
823 1930 947 1986 eatenus
969 1941 1045 1985 oon·

71 2041 84 2074 ι
107 2018 285 2093 firmamus,
300 2021 334 2078 ut
347 2013 506 2096 predictus
519 2010 659 2074 sacerdos
675 2012 747 2092 (nisi
756 2011 933 2093 infimitate
944 2031 1044 2094 eorpo-

71 2130 83 2164 ι
105 2109 151 2168 ris
173 2105 273 2186 suen't
294 2102 460 2185 impeditus)
483 2101 601 2164 assidue
624 2099 731 2162 debeat
753 2100 933 2181 obsequium
955 2121 1043 2164 suum

68 2219 82 2254 ι
105 2194 287 2276 impendens
310 2191 443 2254 ecclesiae
462 2197 650 2262 memoratae,
674 2194 705 2250 et
724 2191 837 2270 quantd
858 2188 1044 2272 frequentius

68 2307 83 2343 a
106 2287 210 2365 potest
223 2281 314 2358 (salsa
323 2280 477 2342 honestate
487 2281 541 2340 sue
551 2285 580 2339 et
593 2277 693 2339 debita
702 2277 871 2356 devotione)
885 2279 1044 2340 missarum

67 2395 82 2433 ι
105 2371 258 2436 solemnia
266 2369 456 2431 celebrare...
472 2390 487 2427 n

105 2463 202 2524 3525.
218 2458 343 2532 duent.
359 2460 409 2518 13⁰
426 2459 473 2518 An
486 2456 540 2537 qui
553 2455 640 2521 binas
652 2455 756 2516 recitat
770 2455 876 2517 missas
891 2455 922 2516 in
938 2455 1044 2518 eedem

65 2535 118 2600 die
131 2551 230 2616 possu
242 2535 379 2614 duplum
394 2536 534 2614 recipere
551 2534 740 2616 stipendium
755 2533 771 2593 ‘l

106 2626 179 2686 lam
197 2624 271 2686 hoio
286 2624 386 2686 dubio
397 2622 450 2684 lut
463 2621 662 2686 satisfactum
682 2622 776 2690 :vide
788 2637 886 2700 supra
897 2620 1013 2702 (1369).

108 2721 155 2786 De
170 2724 254 2806 turpi
271 2721 476 2798 mercimonio
493 2739 660 2783 missarum
676 2717 838 2796 videepp.
856 2715 905 2778 lll.

520 2913 600 2994 siv.

209 3061 252 3124 De
288 3061 487 3140 applicatione
505 3059 629 3139 [ructate
646 3055 791 3136 sacrificii
810 3055 916 3117 misse.

109 3211 200 3274 3526.
218 3211 345 3286 Quaem.
361 3213 390 3274 l·
402 3213 498 3294 Cujus
513 3210 552 3272 sit
566 3205 725 3290 applicare
738 3207 874 3271 fructum
890 3208 1058 3274 sacrilieii?

109 3311 202 3392 Resp.
227 3311 272 3374 nd
289 3312 391 3373 solum
408 3310 631 3378 celebrantem,
645 3307 719 3386 qnia
733 3319 778 3368 est
790 3317 878 3371 actus
898 3312 1058 3389 potestatis

66 3401 299 3476 sacerdotalis3
320 3411 352 3462 et
374 3403 390 3461 a
408 3400 554 3478 religioso
571 3395 671 3458 valiae
684 3397 729 3469 m,
749 3401 805 3458 etsi
819 3399 937 3474 illicite,
963 3401 1057 3460 etiam

67 3503 180 3556 contra
194 3490 391 3552 voluntatem
409 3479 902 3567 P1·aelati‚juxtacommunionem
932 3499 962 3547 et
990 3505 1059 3563 nro·

67 3578 261 3644 habiliorem
280 3581 480 3642 sententiam.
507 3577 584 3640 lide
596 3575 628 3638 S.
648 3575 773 3655 liguor.
794 3577 861 3658 (lib.
882 3577 913 3654 6,
926 3585 958 3639 n⁰
973 3577 1058 3650 till).

11 3869 152 3891 Μ.-
