2434 3940
449 219 535 268 traua
556 220 715 271 sscuuous.
984 205 1043 271 lbb

90 317 163 382 betur
185 339 277 384 unum
304 319 475 385 Miserere:
495 319 548 384 sed
576 321 731 384 Rosoriam
755 322 790 386 B.
813 321 966 405 Virginis,
988 323 1044 386 etsi

88 428 207 492 quinque
230 410 378 474 decadum
401 412 567 487 duntaxat,
594 411 720 474 minime
744 413 868 476 materia
887 413 959 476 leuis
984 410 1043 476 dici

89 507 180 578 potest,
194 501 486 583 quandoimponitur
500 519 554 583 pro
565 501 741 564 mortalibus
751 502 886 565 nondum
898 503 1041 566 remissis.

120 591 201 652 3835.
224 591 304 654 Noto
317 595 348 654 1⁰
364 591 452 672 longe
463 589 647 672 probabilius
663 597 692 651 et
706 593 898 654 communius
911 611 977 654 esse
991 607 1040 672 pei

88 677 164 742 rerba
184 679 328 763 quidquid
342 679 408 741 boni
424 681 546 760 feceris,
564 679 667 740 omnia
680 679 759 742 bona
773 699 863 762 opera
876 681 1045 761 poenitentis

87 767 180 830 elevari
194 769 231 832 acl
244 770 369 833 effectus
380 768 587 832 soilsluollonis
602 769 835 832 sacramentalis.
852 772 894 848 (S.
911 770 1044 850 Lignum,

88 856 130 919 uu.
145 863 181 936 s,
198 869 231 920 ns
244 861 329 937 sor.)

119 947 192 1010 rl'olo
205 953 237 1011 2⁰
252 967 288 1012 ex
297 947 548 1012 communissima
562 948 710 1016 sententie
721 995 730 1025 ,
740 949 946 1030 poenitentiam
960 967 1048 1030 posse

86 1037 171 1102 adbuc
192 1039 312 1120 injungi
333 1038 506 1100 immediate
522 1045 590 1120 post
606 1037 838 1102 absolutionem.
854 1041 896 1118 (S.
912 1038 1047 1122 Lignor„

87 1124 128 1188 lib.
145 1132 180 1204 6,
196 1138 228 1189 n⁰
244 1131 306 1190 sill
329 1129 362 1188 in
376 1125 458 1208 fine.)

118 1220 200 1280 3836.
223 1217 349 1291 Quaerit.
368 1219 399 1279 1σ
413 1221 460 1278 Λη
475 1235 547 1279 casu
561 1235 623 1298 quo
636 1217 787 1298 poenitens
801 1217 902 1282 statim
916 1225 982 1302 posl
996 1218 1034 1282 ab

86 1305 252 1370 solutionem
276 1307 376 1369 desert
397 1307 478 1369 uliud
500 1315 675 1389 peceatum,
697 1307 824 1371 sufficiat
846 1307 888 1371 illi
909 1309 1049 1374 eamdem

86 1395 229 1478 imponere
243 1396 476 1481 poenitentiam‘l

118 1489 201 1570 llesp.
227 1488 390 1550 Affirmant
410 1487 562 1549 Bouaclnu
588 1493 617 1550 el
637 1488 724 1550 Croix
744 1507 753 1550 ε
773 1488 864 1570 quia.
885 1497 1048 1571 inquiunt,

84 1583 170 1657 polest
183 1578 301 1659 imponi
314 1595 390 1658 opus
400 1575 473 1638 alliis
482 1575 618 1638 debitum
631 1597 639 1653 ;
651 1577 703 1638 sed
718 1577 825 1640 merito
844 1577 874 1638 id
890 1581 1051 1660 reprobant

85 1667 181 1729 Palaus
199 1675 230 1730 et
254 1666 436 1748 bonogilo,
457 1665 556 1746 inquit
570 1669 601 1726 S.
621 1667 781 1747 Liguorius
794 1665 857 1743 (lib.
874 1671 908 1742 6,
925 1676 957 1726 n⁰
972 1671 1050 1745 513,
1069 1715 1072 1722 .

84 1753 144 1818 iat.
162 1760 228 1837 Pl:
250 1779 266 1816 n
286 1773 358 1818 narn
380 1754 447 1818 licet
467 1773 543 1836 opus
563 1755 636 1816 aliis
651 1761 835 1836 praeceptum
860 1753 938 1816 bene
961 1757 1053 1836 possit

84 1867 96 1902 s
118 1845 231 1928 injungi
258 1847 290 1907 in
314 1843 572 1927 poenitentiam...
589 1863 652 1905 non
666 1849 766 1904 tamen
780 1861 857 1923 opus
870 1851 1052 1926 praeceptum

83 1954 97 1994 r
118 1935 222 1998 eodem
237 1933 329 1996 titulo
344 1931 552 1997 satisfactionis
566 1929 800 1994 sacramentalis.
815 1951 831 1990 a

118 2029 204 2089 ³837.
230 2023 355 2097 Quaerit.
365 2026 448 2084 ibin
458 2022 592 2103 etqualis
601 2020 639 2083 sit
647 2019 802 2101 obligatio,
813 2037 849 2084 ex
864 2028 947 2106 parle
960 2021 1055 2107 poeni·

85 2115 174 2193 tentis,
186 2115 358 2194 injunctam
374 2109 580 2193 poenitentiam
588 2109 761 2192 acceptandi
771 2117 801 2174 et
810 2112 1015 2194 adimplendi?

118 2209 205 2288 ltesp.
223 2209 260 2265 l⁰
271 2204 361 2264 iusta
378 2216 575 2264 communem
590 2205 619 2262 et
632 2215 733 2261 uerum
748 2202 947 2280 sententiam,
964 2225 1053 2286 regu-

88 2291 176 2356 lariter
189 2291 345 2376 poenitens
362 2297 481 2352 tenetur
502 2287 560 2352 sub
575 2287 655 2370 gravi
669 2295 823 2371 acceptare
846 2295 875 2354 et
891 2292 1055 2376 adimplere

85 2384 187 2462 iustam
213 2380 424 2462 poenitentiam
447 2381 465 2442 b
487 2375 669 2442 confessario
692 2377 888 2460 impositam:
913 2385 989 2447 ratio
1010 2389 1057 2448 est

86 2475 165 2556 quis,
181 2481 217 2537 ut
238 2470 328 2533 docet
342 2467 454 2532 Bened.
475 2468 542 2532 xiv
557 2465 587 2530 in
602 2467 761 2552 Encyolict
775 2469 859 2532 later
868 2475 1051 2553 praeteritos,

86 2561 374 2627 sicatooniessurlus
391 2561 502 2640 justam
521 2563 641 2620 mnetur
662 2559 819 2640 injungere
834 2562 1054 2644 poenitentium,

86 2651 123 2716 ita
135 2653 289 2734 punimus
303 2649 384 2712 illam
397 2655 550 2732 acceptare
560 2653 589 2710 et
600 2643 765 2728 adimplere
779 2654 909 2712 terretur.

122 2745 215 2807 3838.
240 2739 358 2802 Dictum
377 2741 423 2801 esi
447 2741 477 2800 1⁶
492 2737 607 2819 justam
618 2733 844 2819 penitentiam:
869 2735 939 2817 quia
963 2737 988 2800 si
1011 2739 1061 2803 illa

86 2839 162 2896 esset
172 2834 258 2912 iusto
272 2823 581 2910 gruui01·,uutvirlbus
595 2821 769 2907 poenitentis
779 2815 1060 2906 improportionem,

87 2927 115 2986 et
129 2921 225 2984 nollet
242 2917 324 2980 illam
343 2915 499 2980 moderare
520 2911 740 2992 conlessarius,
755 2911 908 2994 probabile
921 2919 966 2978 est
979 2915 1061 2997 qubd

90 3011 240 3092 paenitens
254 3013 371 3091 posset,
386 3005 451 3069 siue
466 3003 547 3088 gravi
562 3003 666 3085 culpi,
682 3001 835 3068 discedere
852 2997 965 3089 absque
979 3003 1063 3069 abso-

90 3099 220 3173 lutione,
236 3097 371 3160 atalium
385 3095 468 3158 adire
482 3093 709 3158 confessarium.

128 3193 221 3254 38392
235 3187 351 3250 ilicium
365 3189 398 3248 2⁰
410 3183 591 3266 reputoriter
602 3181 655 3244 sub
667 3183 754 3266 praui
760 3205 770 3247 :
782 3187 851 3249 sunl
865 3185 948 3249 enim
961 3185 1064 3270 plures

91 3291 180 3343 susus
194 3279 225 3340 in
244 3275 355 3358 quibus
368 3274 473 3338 saltem
487 3277 532 3336 est
545 3271 698 3355 probabile
711 3271 792 3355 quod
808 3273 980 3356 poenitentia
1002 3294 1064 3341 non

92 3370 207 3450 obliget
220 3367 276 3429 uisi
290 3366 347 3429 sub
363 3360 422 3427 levi
436 3381 448 3426 :
462 3376 573 3444 nempe
586 3367 616 3423 l·
630 3363 654 3424 si
671 3363 808 3444 lmpnslta
822 3364 860 3426 sit
873 3384 927 3447 pro
941 3363 1064 3430 veniali-

93 3457 151 3520 bus
171 3463 223 3520 aut
242 3455 418 3518 mortalibus
432 3451 564 3516 remissis
582 3465 588 3512 ε
606 3458 635 3513 et
649 3451 706 3514 boc
729 3453 818 3514 etism
838 3461 883 3516 est
901 3461 1017 3518 certum
1040 3459 1065 3519 si

95 3547 318 3630 poenitentiasit
330 3544 448 3607 tanllun
464 3541 533 3604 leuis
549 3589 557 3619 ‚
573 3543 802 3604 controvertitur
814 3547 916 3604 aulem
930 3545 953 3604 si
970 3545 1067 3621 gravis

97 3635 271 3716 panorm
284 3633 375 3698 luent
388 3629 663 3713 imposilazrideS.
676 3627 797 3710 liguor.
811 3625 923 3707 (libs,
937 3631 1065 3695 ΜΠ»
