2462 3972
376 198 462 246 arasa
483 197 640 244 secururs.
937 180 991 244 lot

19 298 207 377 exsequendi
236 296 317 380 quod
345 296 394 358 alii
427 295 623 376 neglexerunt
650 314 657 357 r
680 295 718 358 ita
741 295 831 359 etiarn
856 297 995 376 expresse

17 383 190 450 Concilium
207 385 340 450 Trident.
357 388 440 464 (sess.
457 389 495 446 2¹2
509 431 518 453 ‚
533 401 600 464 cap.
614 389 648 462 8,
663 383 698 446 de
712 383 865 466 reform),
881 383 933 446 ubi
952 384 995 446 di·
1025 419 1026 424 κ

16 471 98 536 citur
122 474 239 556 quod«
260 474 420 556 Episcopi,
441 473 532 536 etiam
551 477 696 554 tanquam
717 473 802 536 Sedis
819 472 995 554 spostolicae

15 583 30 619 a
56 561 211 644 delegati,
233 562 265 626 in
289 562 408 626 casibus
428 564 445 624 t
466 562 533 641 jure
547 561 719 639 concessis,
734 562 860 623 emnium
877 561 994 644 piarum

16 671 30 708 a
56 649 296 732 dispositionum
308 657 371 713 tam
386 651 417 712 in
432 649 537 714 ultima
552 650 704 713 voluntate
718 653 811 732 quam
825 651 994 715 interrivos

15 759 30 796 a
55 739 121 815 sint
134 747 320 804 executores.
336 761 352 799 a
370 739 446 801 Vide
466 738 545 803 dicta
569 757 659 820 supra
673 743 782 819 (1048,
806 742 897 819 eto.);
914 739 994 802 idem

16 828 170 890 sancitum
185 837 230 892 est
243 832 260 891 t
272 829 339 909 jure
357 827 436 890 cirili
451 827 482 889 in
505 827 600 889 Gallit
625 847 632 889 :
656 827 723 890 vide
743 835 798 890 art.
821 833 859 891 29
878 831 993 892 Decreti

15 919 55 979 ³0
68 917 228 980 decembr.
247 921 334 982 rsus.

53 1008 151 1069 5³69.
174 1005 261 1080 Ouod
283 1005 392 1069 dicitur
411 1005 449 1068 da
475 1005 632 1086 Episcopis
654 1005 773 1068 extendi
795 1005 886 1070 etiam
906 1007 995 1072 debet

14 1093 51 1154 ad
68 1093 218 1158 Praelatos
236 1095 405 1171 inferiores,
421 1093 564 1156 babentes
580 1093 760 1158 territorium
774 1103 943 1176 separatum
965 1103 995 1160 et

12 1182 262 1259 jurisdictionem
276 1182 594 1266 quasi-episcopalem.
616 1183 650 1243 ln
675 1181 882 1264 probationem
902 1187 994 1248 Bene

13 1270 87 1332 dict.
108 1273 175 1334 xlv
190 1273 250 1354 (De
264 1271 355 1356 Sym,
370 1271 423 1332 lib.
439 1275 476 1333 l3
491 1290 576 1352 ‚cap
592 1271 661 1348 ult,
677 1272 710 1332 n⁰
723 1275 752 1349 Ξ)
764 1271 855 1334 relert'
866 1275 993 1338 Decisio

14 1377 86 1421 nem
105 1361 136 1423 S.
152 1363 262 1442 Congr.
279 1361 401 1424 Concilii
417 1360 447 1421 in
463 1359 548 1421 causd
562 1358 755 1438 ditissimae,
772 1364 809 1424 l5
822 1381 886 1444 apr.
905 1367 991 1442 lest,

14 1447 42 1508 in
59 1452 126 1529 qut
146 1449 257 1513 dicitur
278 1449 430 1512 vicarium
448 1447 648 1530 Capitularem
668 1447 756 1512 dictae
774 1451 913 1515 Ecclesiae
932 1472 992 1516 non

14 1538 111 1599 modd
125 1538 260 1620 potuisse
274 1537 327 1600 sed
340 1537 479 1600 debuisse
502 1555 629 1598 examen
652 1536 872 1620 adimpletionis
894 1543 993 1606 orreris

12 1627 182 1689 missarum
197 1645 235 1689 ex
248 1625 346 1689 officio
360 1625 493 1708 aggredi.

51 1719 148 1778 5370.
173 1715 213 1780 Ut
234 1723 335 1778 autem
355 1715 523 1778 accuratius
546 1714 768 1795 adimpleantur
790 1716 990 1796 fundationes,

12 1805 176 1866 Innocent.
193 1807 246 1866 llll
260 1804 291 1866 in
305 1803 430 1866 Constit.
447 1806 500 1864 sut
519 1802 568 1864 cui
587 1802 707 1865 initium
725 1803 861 1886 Nuperd
878 1827 993 1892 caepae

12 1895 134 1972 pulione
148 1893 176 1974 (ᾖ
189 1897 227 1956 26
241 1901 271 1956 et
284 1897 344 1972 27),
365 1890 490 1953 sancivit
509 1898 540 1953 ut
558 1891 589 1952 in
604 1891 731 1973 singulis
750 1894 884 1958 ecclesiis
896 1899 992 1960 conli-

12 1989 136 2045 ceretur
152 1982 306 2064 catalogus
320 1999 374 2044 seu
389 1979 498 2043 tabella
515 1997 645 2042 onerum
669 2001 737 2062 quae
759 1983 788 2046 in
812 1992 993 2067 perpetuum

12 2072 57 2132 rel
72 2072 113 2134 ad
127 2077 249 2134 certum
260 2077 380 2152 tempus
394 2069 467 2151 ipsis
476 2068 616 2150 imposita
630 2067 763 2150 luerunt,
779 2091 815 2136 ac
829 2077 993 2157 respective

18 2166 170 2242 acceptata
185 2179 194 2236 3
210 2168 304 2242 utque
318 2157 420 2222 itidem
436 2158 468 2220 in
482 2157 612 2221 sacrario
620 2157 682 2221 duo
692 2169 915 2229 asservarentur
925 2166 992 2230 libri

14 2247 44 2309 in
60 2266 196 2331 quorum
207 2247 300 2312 altero
310 2245 991 2338 perpetuaveltemporariahujusmodionera‚

11 2337 41 2398 in
56 2339 159 2402 altero
171 2339 242 2400 verb
255 2337 356 2400 missae
369 2336 525 2399 manuales
538 2341 569 2398 et
581 2335 748 2402 adventitiae
758 2341 994 2410 inscriberentur

9 2424 73 2486 und
88 2441 167 2485 cum
184 2423 268 2484 ltuen
284 2440 320 2483 ac
333 2426 479 2487 distincta
495 2426 700 2488 adnotatione
719 2433 895 2485 subsecutae
911 2435 997 2483 utro·

7 2509 998 2593 rumqueimpletionis¹.UtinsuperlecilibspossitEpiseopus

7 2598 193 2662 executioni
206 2595 430 2661 fundationum
448 2601 625 2680 invigilare,
637 2599 752 2660 tabella
772 2598 928 2678 generalis
942 2616 995 2658 ea·

7 2701 164 2766 rum‚pr0
178 2689 241 2748 told
255 2685 381 2748 dioecesi
397 2688 512 2750 conlici
529 2701 645 2767 posset,
663 2695 811 2749 annotata
823 2685 994 2748 distinctim

7 2795 77 2858 prae
97 2791 132 2836 se
150 2777 252 2835 terens
267 2785 416 2854 perpetua
430 2785 461 2836 et
475 2779 666 2855 temporaria
681 2793 790 2838 aarum
806 2791 917 2848 onera,
936 2779 1000 2834 una

7 2884 88 2928 cum
100 2862 294 2924 indicatione
305 2865 482 2926 testamenti
497 2873 554 2925 aut
567 2863 698 2926 alterius
708 2863 817 2942 tragalis
827 2868 938 2924 actosa
949 2863 1001 2942 pio

7 2949 585 3030 lundatoreexarati,eldesignatione
600 2953 701 3014 lociin
713 2951 1002 3033 quosacraaurat.

40 3098 62 3142 ¹.
82 3092 125 3140 Sic
142 3089 189 3140 lert
202 3090 297 3140 llacret.
311 3089 380 3140 18⁰9.
395 3112 406 3136 a
419 3090 517 3142 arato.
533 3093 569 3142 lln
582 3093 672 3143 extrait
695 3093 729 3143 du
741 3095 860 3144 sommicr
877 3095 920 3146 des
934 3096 1001 3144 titus

7 3183 17 3212 ι
38 3166 186 3212 contenent
195 3161 232 3210 les
244 3161 384 3210 laudaticos
394 3160 439 3222 qni
450 3161 549 3212 doivent
559 3165 611 3212 ttre
623 3163 760 3215 desservies
771 3167 881 3228 pendant
896 3167 919 3215 le
932 3181 1003 3214 cours

7 3255 15 3282 ι
38 3237 78 3282 du
104 3232 236 3290 trimestre.
252 3245 307 3280 sara
332 3231 421 3281 allielrt
432 3235 494 3282 dans
508 3235 532 3282 la
546 3236 666 3293 sacristis,
687 3250 719 3284 au
744 3242 956 3286 commencemenl
973 3239 1002 3284 (lc

7 3329 18 3363 a
38 3307 146 3364 cbaqus
163 3303 295 3362 trimestre,
307 3318 365 3354 avec
386 3306 421 3353 les
431 3318 501 3354 noma
517 3306 549 3354 du
561 3305 692 3356 loudateur
705 3310 731 3356 sl
745 3309 775 3357 ds
801 3306 1003 3372 t'acelesiasttqus

7 3399 15 3424 e
40 3375 90 3438 spui
106 3373 245 3432 acrasittsra
262 3377 356 3436 chaque
373 3375 512 3424 laudatior.

41 3467 55 3492 a
78 3445 97 3493 ll
112 3459 167 3494 scu
181 3447 257 3495 reuda
272 3446 396 3509 complet
412 3447 435 3495 la
461 3445 495 3496 lm
510 3445 540 3495 de
553 3447 649 3508 chaque
663 3447 795 3510 trimestre,
808 3463 851 3511 par
866 3450 888 3498 lc
901 3451 957 3498 curt
972 3465 1003 3498 ou

7 3541 17 3560 ι.
46 3519 212 3572 desserrant,
228 3531 259 3565 au
281 3519 373 3566 bureau
389 3517 433 3566 des
460 3516 635 3580 marpuilliers,
652 3519 695 3568 des
714 3519 854 3569 laudatione
866 3520 1004 3581 acquitte'es

8 3611 17 3633 a
42 3587 164 3652 pendant
177 3587 200 3636 le
215 3601 287 3637 caum
304 3589 337 3637 du
351 3587 482 3638 trimestre.
502 3604 514 3631 s
