2416 3954
197 189 255 253 oto
415 208 552 255 aaronis
572 207 673 254 rorros
693 205 774 254 ronta
794 203 941 257 aaronica
1186 177 1187 260 1

198 306 297 368 iocum
321 305 428 373 habeat
450 305 585 370 officium
615 305 750 370 ecclesiae
772 304 978 386 particularia
1004 303 1154 368 secundmn

199 393 317 456 Oratinis
331 413 383 456 sen
404 394 589 476 Religionis,
604 395 726 458 tertium
740 391 902 471 Dioecesis3
916 397 1061 478 qnarbrm
1073 392 1158 455 Erote
1186 439 1187 478 3

200 484 250 544 siae
263 483 448 546 universalis.
465 485 495 546 S.
512 485 548 544 R.
565 485 612 559 G.,
626 487 665 545 22
675 502 740 564 apr.
759 485 848 545 trit.

240 573 271 631 tn
284 571 478 634 translatione
491 573 562 635 verb
577 571 721 634 festorum
736 571 819 653 pribs
836 571 901 634 beri
914 571 1005 636 debet
1018 573 1056 636 de
1071 573 1156 636 officio

203 660 232 719 in
246 659 418 721 kalendario
433 662 516 742 priirs
535 659 701 742 descripto,
718 660 801 724 nullo
826 659 928 722 habito
941 667 1079 743 respectu
1092 659 1157 743 quot

201 749 333 810 ntiicium
357 749 395 810 sit
413 749 554 811 Ecclesiae
577 749 768 825 universatis,
790 747 947 824 NationiS,
970 751 1104 826 Ordinis,
1123 750 1158 808 ret

205 836 343 900 t=3rciesiae
365 837 552 918 particularis
565 839 607 916 (S.
628 837 739 919 Congr.
764 839 871 916 Rit.,5
891 837 964 899 maii
987 842 1086 918 1736).
1100 838 1158 900 tide

205 925 343 988 Ordinem
368 924 526 1004 Valentio,
539 945 596 1009 pro
611 945 687 987 anno
703 931 792 990 1861.

243 1019 333 1078 taos.
356 1014 460 1089 Quoad
475 1016 605 1096 primam
618 1034 655 1078 ex
670 1013 875 1079 sanctionibus
886 1016 1000 1080 Indulti
1015 1015 1159 1081 cardinatis

206 1105 305 1184 Legati
320 1105 581 1186 supramemorati
597 1105 713 1183 (1906),
730 1103 809 1166 idem
820 1105 1007 1184 Cardinaiis,
1022 1113 1159 1188 expetente

207 1192 358 1254 Gubernio
372 1194 452 1273 tegre
466 1192 580 1254 serente
601 1192 684 1274 quod
702 1192 735 1254 in
749 1192 930 1274 quibusdam
948 1194 1112 1258 Provinciis
1122 1211 1159 1252 re·
1187 1245 1188 1276 ,

206 1280 382 1344 viviscerent
403 1279 477 1343 testa
491 1299 668 1362 suppressa,
683 1280 721 1342 ad
735 1281 900 1362 Episcopos
918 1283 964 1344 sic
977 1282 1160 1364 rescripsit
1187 1279 1188 1366 t

205 1369 259 1447 jnt.
279 1373 356 1432 1806
372 1388 380 1430 :
400 1367 595 1450 nPuisqu’on
609 1369 678 1430 s'est
694 1387 805 1450 spercu
821 1387 881 1450 que
895 1369 938 1432 les
952 1389 1106 1433 annonoes
1122 1368 1162 1427 des

208 1479 222 1513 n
249 1457 321 1519 tetes
343 1458 531 1540 supprimees
553 1458 798 1520 occasionnaient
819 1458 873 1520 des
899 1459 1088 1540 e'quiroqnes
1107 1457 1163 1519 dnn

209 1567 222 1602 a
248 1545 267 1606 il
283 1548 405 1626 ponveit
422 1545 548 1608 resulter
561 1545 615 1607 des
628 1546 723 1624 abus,
739 1545 759 1607 il
775 1549 871 1627 parsit
891 1546 1056 1627 expedient
1069 1564 1123 1629 qne
1134 1545 1164 1604 to

208 1657 223 1692 n
248 1637 336 1698 cures
354 1641 384 1698 et
401 1641 501 1698 autres
522 1635 763 1716 ecclesiastiqucs
788 1634 1005 1698 s'abstiennent
1018 1635 1089 1698 d'en
1109 1633 1165 1694 taire

210 1746 223 1780 n
249 1723 292 1786 les
312 1742 481 1799 annonces;
497 1723 536 1785 dc
554 1723 597 1786 les
618 1723 758 1805 indiquer
777 1723 806 1785 ta
827 1722 914 1786 veille
931 1725 1030 1804 parte
1054 1743 1107 1786 son
1125 1722 1166 1782 des

211 1835 224 1872 n
249 1813 385 1890 cioches,
400 1817 431 1875 et
444 1813 513 1875 d’en
527 1811 600 1875 inire
614 1811 747 1875 celebrer
769 1810 874 1874 l’office
888 1830 960 1875 avec
983 1811 1014 1875 la
1028 1829 1135 1895 pompe
1145 1815 1166 1870 et

210 1925 225 1962 n
251 1901 404 1984 l’appareil
425 1903 574 1965 exterieur
587 1901 680 1982 qu’on
694 1900 757 1962 doit
775 1899 929 1982 employer
944 1901 1096 1965 anxietas
1111 1918 1167 1962 con-

210 2011 225 2048 a
250 1992 405 2054 seroces...
429 1991 468 2052 tls
488 1997 618 2071 peurent
638 2008 670 2052 se
688 1989 799 2052 bornen
821 1993 839 2052 a
862 2007 1019 2054 annonocr
1041 1990 1087 2052 tes
1110 1989 1167 2050 icto

210 2101 225 2136 n
250 2078 426 2140 conservees
439 2085 467 2140 et
482 2080 543 2140 ten
557 2077 786 2140 recommander
795 2075 965 2142 auxfideles
974 2075 1166 2142 l’obsenntion

210 2187 224 2224 n
250 2165 279 2224 la
293 2167 360 2244 ptus
374 2172 486 2227 exacto.
503 2187 518 2224 n

249 2255 338 2401 111οξ.
361 2253 484 2326 Quaerit.
500 2255 531 2316 3ο
545 2255 705 2326 Quomodo
713 2255 897 2320 observanda
910 2256 972 2318 sint
981 2255 1057 2320 tosta
1066 2257 1104 2321 de
1114 2273 1168 2339 pra

210 2345 298 2421 copto
1188 2353 1189 2424 t

253 2429 342 2512 Resp.
359 2429 406 2492 Ad
420 2431 633 2496 sanctificanda
647 2433 720 2496 testa
734 2433 773 2496 de
786 2439 956 2516 praecepto,
972 2435 1111 2516 quereiam
1120 2449 1167 2495 ees*
1188 2445 1189 2452 ¹

211 2519 362 2599 facienda,
377 2519 517 2601 quaedam
530 2524 603 2586 verb
617 2521 792 2585 omittenda.

251 2612 275 2672 I.
297 2609 341 2674 De
363 2609 498 2693 operibus
516 2611 658 2693 faciendis
676 2612 709 2673 in
727 2611 867 2694 [estisne
884 2620 1031 2694 precepto
1049 2635 1060 2674 :
1079 2612 1170 2676 diebos

179 2729 182 2736 ·
212 2698 379 2762 Dominicis
392 2705 422 2762 et
435 2700 530 2764 Festis
542 2707 587 2763 est
606 2700 748 2783 obligatio
761 2701 819 2764 sub
833 2701 913 2783 gnari
927 2702 1107 2776 assistendi,
1121 2701 1170 2761 mo

212 2789 266 2850 mli
290 2788 402 2867 modo,
424 2789 571 2852 sacrificio
591 2789 692 2853 missae
712 2809 720 2852 ε
742 2789 773 2852 id
795 2795 911 2854 constat
930 2808 968 2853 ex
986 2809 1055 2873 cap.
1083 2791 1170 2855 Omns

212 2877 323 2954 fideles,
338 2882 367 2940 et
380 2896 446 2959 cap.
463 2877 579 2955 Missos,
594 2877 631 2940 de
639 2880 792 2954 consecr„
810 2878 879 2942 dist.
895 2883 914 2941 2
923 2899 932 2954 ;
949 2879 1033 2942 unde
1047 2881 1168 2942 damnata

214 2971 258 3026 est
271 2965 309 3027 ab
326 2967 503 3030 Innocentio
516 2969 575 3046 XI,
591 2971 610 3029 2
624 2973 712 3029 mart.
737 2969 825 3040 t679,
841 2967 1009 3049 propositio
1030 2981 1165 3051 sequens:

218 3057 323 3114 n...52.
336 3054 523 3133 Praeceptum
537 3055 674 3118 servandi
682 3057 768 3117 Festa
783 3073 845 3117 non
858 3055 970 3138 obligat
982 3056 1042 3120 sub
1055 3052 1166 3120 mortali.

213 3161 228 3199 n
253 3139 381 3222 seposito
395 3140 553 3221 scandalo,
570 3145 594 3206 si
609 3143 686 3206 absit
698 3147 899 3226 contemptus.
916 3166 931 3204 n

177 3225 180 3231 '
252 3231 342 3292 1910.
365 3228 430 3292 Inrb
450 3237 607 3311 peccatum
629 3238 708 3295 esset
729 3231 871 3312 mortale,
891 3234 979 3314 juxta
1005 3233 1166 3299 sententian

214 3333 305 3395 quarn
326 3317 357 3378 S.
375 3317 495 3398 Lignor.
521 3327 607 3382 vocat
629 3321 878 3402 probabiliorem,
901 3323 927 3386 si
949 3323 1020 3405 quis
1037 3324 1166 3387 omitteret

214 3402 336 3464 missam
358 3405 505 3486 usquead
528 3408 693 3487 Epistotam
716 3411 876 3489 inclusiva,
892 3413 1032 3493 quamvis
1050 3431 1110 3476 non
1122 3411 1165 3472 in·

215 3487 398 3567 probabilem
405 3492 517 3572 judicet
525 3495 654 3558 aliorum
664 3499 1166 3582 Doctorumopinionemquidicunt

214 3582 285 3636 tunc
298 3575 397 3640 soltrm
418 3587 574 3659 peccatum
594 3601 660 3647 esse
674 3605 764 3666 grave
781 3589 904 3670 quando
922 3589 1073 3654 omittitur
1093 3589 1164 3650 misr
