2498 3966
250 263 337 309 trouu
359 263 518 308 sacunons
553 279 585 292 -·
609 259 796 305 arrennrccs.
960 241 1013 298 751

59 383 155 430 merus
180 373 359 452 congeritur
382 387 478 452 quam
504 369 589 448 justa
618 369 785 432 necessitas
815 367 923 450 exigit,
947 367 1019 431 ideo

61 457 145 518 iidem
160 457 227 523 Emi
244 462 357 533 Patres,
370 460 557 522 inhaerentes
570 458 827 540 dispositionibus
843 455 1020 520 aliomanis

60 535 263 616 Pontificibus,
273 561 309 603 ac
323 541 496 620 praesertim
510 539 550 601 ab
561 539 687 601 Urbano
710 537 774 600 vttl
795 537 1020 602 etlnuoceutio

61 623 120 687 Xili
135 627 165 689 in
180 639 275 694 const.
293 631 369 694 Cum
385 647 461 711 supe
481 628 643 708 continuat,
660 627 736 689 aiias
751 627 841 702 datis,
864 626 1019 708 subgravi

59 715 400 800 obedientiaepraecepto
414 720 587 781 decernunt
602 735 638 779 ac
653 717 813 794 mandant,
830 726 863 778 ut
878 717 910 778 in
922 725 1021 797 poste-

60 820 122 862 runi
143 822 250 870 omnes
278 814 309 869 ct
338 805 454 888 singuli
482 805 600 887 ubique
628 804 767 868 iocorum
791 803 967 867 beneficiati
991 813 1021 866 et

59 893 318 960 administratores
327 897 449 978 piarum
465 912 632 958 causarum
646 901 699 956 aut
710 904 880 975 utcumque
891 893 928 956 ad
947 895 1022 956 rnis-

60 999 156 1045 sarum
184 1002 278 1048 onera
303 984 465 1067 implenda
492 983 635 1064 obligati,
657 983 932 1046 sireecciesiastici
947 985 1019 1058 sint,

59 1067 116 1131 sive
129 1071 209 1148 iaici,
227 1075 258 1134 in
274 1075 337 1136 iinc
355 1072 524 1151 cujuslibet
540 1075 614 1135 anni
633 1073 798 1133 missarum
818 1089 926 1148 onera,
952 1091 1022 1154 quae

59 1157 170 1240 reliqua
185 1173 271 1238 sunt,
295 1171 325 1226 et
339 1161 456 1244 quibus
479 1161 623 1223 nondum
644 1159 860 1235 satisfecerint,
887 1163 1023 1243 propriis

59 1241 221 1313 Ordinariis
246 1251 373 1314 tradent
398 1250 487 1330 juxta
520 1249 649 1314 modum
677 1249 770 1314 abiis
791 1247 1022 1314 definiendum.

59 1331 205 1402 Ordinarri
236 1349 339 1403 autern
367 1351 510 1420 acceptas
540 1339 706 1400 missarum
733 1339 922 1401 intentiones
949 1359 1023 1403 cum

60 1422 175 1490 adnexo
190 1428 348 1511 stipendio
375 1428 513 1509 primurn
540 1425 730 1490 distribuent
752 1427 833 1488 inter
849 1429 1025 1492 sacerdotes

60 1511 111 1572 sibi
128 1516 346 1595 subiectosqui
357 1517 401 1578 eit
411 1515 553 1594 indigere
566 1517 711 1578 noverint
724 1534 733 1592 3
750 1516 826 1577 aiios
841 1515 954 1580 deinde
971 1527 1025 1580 aut

59 1597 86 1659 S.
102 1603 180 1682 Sedi,
210 1613 267 1668 aut
288 1603 358 1667 aliis
384 1605 557 1668 ordinariis
580 1606 789 1677 committent,
814 1607 1025 1680 autetiam,si

59 1691 158 1764 uelint,
174 1693 391 1757 sacerdotibus
415 1692 748 1768 aliarumdioeceseou,
773 1694 946 1756 dummodo
965 1697 1024 1758 sibi

60 1783 118 1841 noti
133 1784 206 1860 sint,
230 1783 380 1862 omnique
399 1782 581 1861 exceptione
597 1781 740 1861 majores,
765 1792 795 1842 et
817 1781 954 1860 legitima
968 1784 1025 1847 do·

60 1884 196 1935 cumenta
211 1871 306 1934 edant
326 1874 407 1932 inter
422 1870 584 1952 praeiirrum
611 1887 783 1948 congruum
803 1877 926 1950 ternpus
953 1875 1026 1954 qui-

59 1953 112 2018 bus
119 1958 157 2023 de
167 1969 274 2023 exacta
287 1978 396 2022 earum
412 1956 623 2021 satisfactione
635 1965 766 2020 constet.

94 2047 242 2132 Denique,
259 2049 411 2112 revocatis
427 2047 681 2127 quibuscumque
696 2045 831 2110 induitis
845 2054 876 2109 et
897 2049 1027 2129 privile·

61 2133 112 2210 uiis
126 2155 226 2220 usque
245 2155 332 2200 nunc
347 2136 510 2210 concessis,
526 2153 596 2216 quae
613 2136 775 2216 prusenus
790 2137 905 2200 decreti
921 2138 1027 2220 dispo·

62 2221 218 2290 titionibus
237 2235 408 2307 utcumque
432 2224 647 2298 adversentur,
665 2223 696 2286 S.
715 2225 921 2305 congregatio
944 2247 1027 2292 curae

60 2315 198 2379 etoisrcio
212 2314 410 2396 singulorum
435 2312 674 2377 Ordincrioruru
691 2315 871 2386 committit,
891 2325 927 2377 ut
949 2335 1027 2400 prae-

60 2417 123 2464 sens
149 2406 310 2468 decretum
339 2403 489 2466 omnibus
507 2402 724 2464 ecclesiasticis
738 2421 803 2463 suae
816 2401 1027 2481 jurisdictioni

60 2488 211 2570 subjectis,
228 2492 360 2572 aiiisque
370 2509 504 2572 quorum
519 2509 556 2552 ex
569 2489 757 2570 pr'aescriptis
766 2490 906 2568 interest,
918 2501 1028 2554 notum

60 2577 1027 2661 scilicitefaciant,nequisinposterumignorantiamailegare,

59 2675 108 2729 aut
124 2671 267 2751 abircius
281 2669 395 2732 decreti
409 2667 607 2730 observantia
619 2683 653 2729 se
675 2667 1029 2746 excusarequomodotr.

60 2753 108 2816 bet
117 2761 225 2838 possit,
236 2766 267 2821 et
280 2758 408 2838 iusuper
423 2765 457 2820 ut
471 2761 535 2820 sive
551 2758 582 2818 iu
598 2773 684 2818 sacra
698 2753 881 2818 visitatione
895 2755 959 2816 sire
975 2774 1029 2816 ex-

61 2851 102 2904 tra
113 2846 222 2909 seduio
232 2847 360 2928 vigilent
374 2863 414 2908 ne
426 2845 543 2908 abusus
553 2844 613 2906 hac
628 2845 661 2906 in
676 2863 709 2905 re
720 2843 832 2904 iterum
844 2843 1027 2906 inolescant.

96 2932 187 2998 Facta
199 2945 303 2998 autem
314 2935 353 2996 de
369 2933 736 2997 bisornnibusreletione
753 2929 873 2996 SSNJ).
884 2934 920 2996 N.
934 2932 1029 2999 Leoni

61 3017 111 3082 PP.
129 3021 261 3104 Xiilper
272 3022 505 3100 infrascriptum
518 3021 549 3085 S.
566 3021 1027 3102 CongregationisPraeiectum‚

60 3107 209 3174 Sanctitas
222 3112 284 3175 Sua
305 3111 522 3175 bocEmoruua
537 3111 663 3172 Patruna
677 3111 839 3174 decretum
853 3119 955 3172 ratum
970 3109 1030 3171 ha-

59 3193 135 3273 buit,
160 3199 360 3264 confirmarit
394 3207 490 3282 atque
509 3198 560 3262 edi
584 3200 756 3276 mandarit,
776 3199 942 3262 contrariis
960 3200 1031 3281 qui·

59 3281 253 3368 buscumque
274 3288 404 3352 minime
423 3288 632 3350 obstantibus.

96 3373 208 3440 batum
220 3378 336 3452 Rome,
354 3374 542 3438 dicaciter
567 3375 654 3438 1893.

345 3467 501 3539 incastus,
518 3465 608 3528 Gard.
623 3465 709 3546 Epus
723 3463 917 3542 Sabineosis,
929 3461 1030 3544 Pros.

335 3556 367 3616 L.
387 3553 527 3628 Servari,
550 3553 749 3618 secretarius.
