2498 3966
209 217 269 282 750
429 240 564 287 utuntur
585 243 686 290 rorrus
706 243 788 290 euers
808 243 956 292 eruemur.

424 384 454 446 2.
483 419 521 431 -
544 387 701 450 Decretum
726 386 764 449 25
792 389 871 452 lluir'
892 387 978 451 sset.

249 517 396 598 vigilanti
425 519 531 584 studia
551 520 765 585 convellendis
787 521 1050 602 enidicandisque
1075 523 1171 584 abusi·

209 609 269 671 leus
284 610 453 672 missurum
469 609 711 674 celebrationem
723 610 940 692 spectantibus
951 611 1066 692 jugiter
1092 611 1172 674 incu-

206 695 274 758 buit
291 696 358 760 brec
372 695 402 760 S.
420 696 466 773 G.,
484 691 638 780 pluraque
661 699 760 761 edidit
783 699 918 774 decreta,
944 701 1063 780 quibus
1089 719 1173 762 omne

206 786 266 848 hac
277 786 308 847 in
325 803 357 848 re
371 785 552 849 damnabile
576 787 700 851 luctum
726 789 878 850 removeri
910 787 1023 865 voluit,
1051 791 1173 870 piasque

206 875 386 938 testantium
424 877 601 939 uoluntates
639 884 670 938 et
703 876 883 939 obstrictam
928 877 1173 942 benefactoribus

206 965 300 1026 iidem
314 964 505 1028 adamussim
512 964 995 1046 serrarireligiosequecustodiri
1006 965 1171 1028 mandarit.

246 1055 440 1135 Quapropter
454 1053 493 1116 ad
508 1053 718 1119 cohibendum
731 1056 1079 1136 pravamquorumdam
1090 1055 1172 1118 licen-

206 1145 281 1206 tiam
298 1142 400 1224 quied
414 1143 644 1225 ephemerides,
662 1141 759 1206 libros
774 1145 915 1226 aliasque
930 1159 1051 1206 merces
1061 1141 1173 1208 lucilius

206 1251 277 1298 cum
294 1235 378 1296 clero
392 1233 628 1308 commutanda,
661 1233 899 1312 missarumope
911 1231 1095 1309 utebantur,
1106 1251 1173 1296 non·

206 1321 294 1384 nulle
308 1321 480 1395 constituit,
491 1338 601 1401 eaque,
612 1319 666 1383 Pio
681 1317 739 1384 PP.
754 1319 799 1383 tx
813 1319 869 1383 lel.
887 1339 953 1382 rec.
972 1321 1171 1401 approbante,

204 1411 254 1474 edi
276 1420 307 1472 et
321 1409 492 1473 Ordiueriis
508 1419 581 1472 nota
597 1409 665 1471 lieri
679 1410 801 1473 curavit
811 1418 845 1472 ut
859 1410 900 1470 ab
914 1409 1065 1472 omnibus
1078 1429 1173 1473 serra·

204 1510 323 1564 rentur.
341 1499 514 1580 Propositis
528 1518 664 1580 iramque
682 1501 761 1562 iuter
774 1497 835 1560 alia
849 1498 955 1562 dubiis
972 1517 980 1561 :

246 1613 261 1646 ι
277 1592 302 1653 1.
318 1589 365 1650 An
381 1597 473 1670 turpe
494 1589 734 1651 mercimonium
748 1590 849 1669 sapiat
864 1613 894 1666 e,
908 1597 967 1652 ete.
986 1590 1071 1671 (suut
1085 1588 1173 1652 dubia

204 1679 228 1753 l,
248 1677 285 1753 ll,
303 1677 353 1756 tlt,
371 1676 422 1751 tv,
436 1675 461 1741 v
475 1676 584 1756 ervit,
603 1696 674 1760 qum
688 1695 795 1759 supra,
812 1695 887 1739 eum
913 1679 1094 1760 respectiris
1113 1697 1173 1740 ree·

203 1766 436 1852 ponsionibus).

244 1857 305 1921 Sed
328 1873 401 1918 cum
428 1857 594 1936 postremis
617 1854 704 1917 bisce
725 1855 818 1916 annis
838 1855 1013 1918 constiterit
1028 1857 1172 1920 salutares

203 1944 387 2026 hujusmodl
417 1943 639 2025 dispositiones
665 1943 843 2022 ignorantia
867 1943 1172 2026 autmalitiasaepiua

203 2035 361 2117 neglectas
375 2032 481 2112 luisse,
493 2042 524 2094 et
540 2031 659 2094 abusus
679 2031 739 2094 hac
753 2035 782 2093 in
799 2051 832 2094 re
845 2033 938 2095 uelde
953 2034 1076 2114 lateque
1089 2035 1156 2095 inre

203 2125 308 2198 luisse,
338 2121 407 2183 Emi
437 2125 540 2183 Patres
560 2123 590 2183 S.
606 2121 638 2182 C.
655 2119 828 2182 Tridentini
844 2121 1031 2202 interpretes
1049 2141 1084 2185 ac
1106 2123 1168 2184 rin·

202 2213 300 2282 dices,
317 2211 411 2272 rebus
423 2210 573 2272 omnibus
586 2209 617 2270 in
646 2209 765 2288 duplici
787 2209 925 2290 generali
941 2222 1093 2272 consentu
1107 2227 1166 2271 ma·

203 2311 272 2362 ture
287 2299 460 2380 perpensis,
487 2299 584 2360 oiilcii
599 2299 646 2362 sui
662 2317 730 2361 esse
751 2299 921 2373 duxerunt,
946 2299 1033 2381 quod
1058 2301 1160 2381 pridem

201 2389 363 2452 decretum
379 2397 446 2450 arat
469 2387 502 2450 in
532 2389 717 2450 memorium
734 2386 929 2468 plenamque
948 2387 1159 2452 obserrantiam

203 2479 308 2542 denuo
321 2477 405 2559 apud
421 2494 531 2540 omnes
545 2495 701 2556 revocare,
718 2488 749 2538 et
763 2485 944 2557 opportune
953 2477 1079 2560 insuper
1085 2493 1167 2538 sanc»

202 2569 288 2631 tione
300 2567 435 2630 munire,

243 2657 386 2720 Praesenti
400 2655 507 2736 itaque
517 2653 642 2718 decreto
658 2661 813 2736 statuunt,
821 2655 1094 2736 utinposterumsi
1109 2655 1175 2736 quis

202 2765 239 2809 ex
254 2743 436 2810 sacerdotali
447 2739 674 2806 ordinecontre
685 2743 853 2806 enunciata
863 2742 989 2806 decreta
1000 2743 1175 2822 deliquerit,

202 2833 399 2917 suspensioni
413 2851 431 2894 a
446 2829 563 2895 divinis
581 2827 612 2894 S.
628 2831 699 2894 Sedi
721 2841 887 2895 reservatus
904 2841 935 2893 et
954 2832 1023 2913 ipso
1039 2831 1122 2894 lacto
1136 2833 1179 2894 iu·

201 2922 364 2986 currendo
375 2920 532 2984 obnoxius
559 2919 618 2982 sit:
634 2919 766 2982 clericus
787 2930 894 2983 eutem
909 2919 1086 2982 sacerdotio
1101 2939 1179 2984 uon·

200 3011 277 3074 dum
293 3012 433 3072 initiatus
446 3007 550 3070 eidem
561 3009 761 3088 suspensioni
774 3009 1181 3090 quoadsusoeptosordiuee

200 3099 344 3162 similiter
359 3098 529 3178 subjaceat,
546 3105 579 3160 et
598 3095 751 3160 inhabilis
766 3105 915 3178 preclarae
943 3097 998 3160 liat
1020 3099 1062 3161 ad
1085 3117 1182 3181 supe-

200 3188 297 3249 riores
317 3185 444 3248 ordiues
468 3185 710 3265 suscipiendos3
732 3185 804 3250 laici
818 3186 948 3250 demum
962 3189 1181 3250 excommuni-

199 3275 322 3336 catione
334 3273 406 3335 lerae
421 3274 916 3357 sententiaeEpircopisreservate
926 3273 1178 3355 obstringuntur.

238 3361 386 3422 Praeterea
407 3365 685 3444 cumexperientia
698 3363 853 3441 docuerit,
876 3363 962 3427 male
984 3381 1056 3444 queo
1069 3363 1180 3446 deplo

200 3457 352 3508 rentur-ex
362 3464 400 3510 eo
413 3449 614 3529 potissimum
627 3452 785 3532 'originem
794 3453 940 3533 viresque
949 3449 1076 3523 ducere,
1094 3454 1179 3535 quod

199 3532 231 3594 in
248 3534 460 3614 quorumdam
479 3537 672 3615 privatorum
688 3557 803 3604 marrus
814 3542 915 3623 maior
931 3540 1100 3604 missarum
1118 3561 1178 3605 uu·
