2434 3940
421 216 505 262 amm
526 217 683 267 arcunnua.
982 203 1036 268 tau

95 307 169 393 bnqo
182 315 314 396 {empore
327 313 417 378 luerit
430 316 602 393 coniecere,
617 323 648 378 et
664 313 863 380 verisimiliter
881 335 1042 400 praesuma·

92 403 130 460 tur
140 419 199 462 esse
213 403 242 464 in
256 403 392 481 mortali,
406 412 435 466 et
449 404 505 466 hoo
519 411 621 488 pastor
635 405 739 468 saltem
756 405 939 488 probabilius
952 406 1040 469 sciat:

90 487 122 550 ita
129 493 335 572 communiter,
346 493 426 575 apud
438 496 468 558 S.
485 494 606 576 Liguor.
619 494 682 571 (lib.
697 498 729 574 6,
743 505 779 558 n·
793 499 879 579 769),
895 497 947 578 qui
960 495 1043 560 addit

90 579 307 660 quod,ahaenta
327 583 478 665 parocho,
495 583 569 645 alter
590 587 728 646 tenemur
751 600 789 646 ex
807 583 968 663 charitate,
989 581 1039 647 sad

90 667 189 732 subieri
197 675 324 750 tantum,
333 673 389 734 nisi
404 677 534 754 egrotus
548 671 677 734 valdeeo
688 679 874 734 sacramento
885 671 1041 754 indigeret.

46 803 48 807 .
120 765 244 831 Diximus
253 787 345 852 supra
359 769 396 832 de
406 771 528 852 proprio
542 769 678 832 Ministro
690 771 869 832 sacramenti
883 771 1043 835 Extrema·

88 854 226 920 Unctionis
241 877 249 918 :
265 858 331 920 ride
346 877 438 941 supra
451 859 540 938 (1384
554 860 636 937 etc).
744 915 749 918 .

119 956 199 1018 tatu.
212 955 375 1037 Diligenter
384 955 527 1018 custodiri
535 954 624 1018 dehet
632 957 663 1018 S.
676 955 784 1019 Oleum
796 955 827 1018 in
837 954 905 1020 loco
914 955 1046 1020 nitirloet

88 1039 210 1106 deremm
223 1052 341 1122 ornato,
358 1045 470 1106 scilicet
485 1045 516 1105 in
527 1047 656 1108 sacrario
670 1063 725 1108 seu
740 1046 885 1122 sacristia,
896 1053 925 1108 et
939 1045 1047 1110 meiius

19 1173 20 1176 ,
88 1129 112 1190 in
129 1133 255 1213 quadam
274 1134 411 1196 custodit
428 1133 528 1196 altaris
550 1133 582 1196 in
597 1153 658 1215 quo
673 1133 847 1198 reconditur
861 1137 914 1198 SS.
940 1137 1045 1199 Sacra·

87 1231 226 1284 menturae:
244 1241 402 1305 nunquam
416 1229 519 1285 umen
533 1223 564 1283 in
579 1223 645 1306 ipso
656 1223 862 1302 tabernaculo,
877 1223 970 1289 sedin
982 1244 1047 1288 cus-

87 1311 154 1372 todit
166 1317 302 1393 separata
316 1314 346 1374 in
362 1313 494 1393 pariete,
510 1311 547 1374 ad
558 1330 654 1375 cornu
668 1313 808 1394 Epistola
821 1313 867 1378 vel
882 1315 1044 1397 Evangelii.

86 1399 108 1460 S.
132 1403 164 1461 lt.
190 1403 301 1484 cong„
337 1407 374 1464 lss
404 1403 470 1481 jun.
498 1405 574 1464 1663
607 1410 640 1463 n·
659 1405 758 1482 wll,
782 1403 863 1485 apud
888 1406 931 1468 De
955 1404 1048 1469 Herdt

85 1493 153 1570 {pars
170 1495 206 1570 6,
230 1504 266 1554 n⁰
295 1496 332 1555 la
353 1489 590 1571 Ill-Custodia
614 1489 704 1554 dehet
730 1493 762 1555 S.
791 1493 899 1556 Oleum
923 1493 955 1557 iu
979 1513 1048 1558 rasa

85 1589 212 1660 argenteo
226 1599 282 1644 seu
297 1589 434 1657 emoneo,
450 1587 483 1642 ut
498 1579 616 1642 Ilitaale
630 1581 804 1662 prescribit.

117 1679 265 1756 leracha,
285 1683 376 1742 etiam
398 1679 516 1740 timenti
535 1696 573 1741 nc
594 1685 685 1741 noctu
708 1685 832 1742 vocetur
853 1681 891 1743 ad
913 1701 1048 1762 aegrum,

85 1785 135 1829 non
150 1769 217 1832 licet
229 1769 361 1832 retinere
371 1768 453 1830 dorni
468 1786 588 1830 sacrum
602 1764 723 1830 oleum:
735 1768 787 1830 sed
799 1769 972 1832 hocdicunt
985 1774 1047 1835 DD.

84 1875 139 1920 esse
151 1862 270 1922 mutium
287 1865 444 1940 peccatum
459 1857 595 1935 veniale,
610 1857 635 1918 si
650 1856 701 1918 liat
715 1863 750 1919 ut
766 1857 934 1940 expeditius
953 1858 1050 1921 admi·

86 1947 236 2012 nistrentur
272 1947 440 2030 periculose
466 1946 700 2022 decumbentem
730 1946 792 2008 imo
821 1945 921 2028 plures
948 1947 1052 2012 dicunt

84 2039 191 2101 nullum
214 2055 283 2100 esse
302 2044 479 2118 peccatum,
501 2037 524 2097 si
547 2034 695 2118 parochus
715 2035 851 2098 crederet
873 2042 963 2100 noctu
985 2055 1051 2102 esse

84 2128 257 2206 amandum,
271 2134 303 2190 et
316 2125 484 2208 periculum
495 2125 571 2188 loret
580 2143 618 2188 ne
631 2132 752 2189 vocatus
765 2127 833 2190 sero
848 2126 1051 2192 veniretvide

84 2217 109 2276 S.
131 2218 255 2300 Lignor.
279 2214 345 2296 (ἑὸ.,
361 2224 393 2276 n⁰
416 2215 509 2295 730);
527 2217 570 2277 lle
588 2213 677 2277 Heruli
697 2217 782 2296 (pars
796 2219 835 2294 6,
852 2219 886 2277 ιιο
905 2219 943 2281 19
957 2219 1002 2297 Ι);
1022 2224 1052 2282 et

86 2303 172 2370 liceis.
189 2309 222 2370 S.
239 2309 278 2368 tt.
294 2305 340 2382 6.,
357 2307 393 2368 la
407 2303 545 2366 decemb.
562 2307 639 2367 1866
653 2303 697 2384 (ιιο
712 2309 811 2382 llll,
826 2305 864 2368 ad
878 2307 908 2384 3)
924 2311 945 2367 ¹.

117 2410 205 2469 tall.
217 2407 264 2466 De
280 2403 409 2485 globulis
418 2409 534 2484 stuppae
543 2401 588 2464 vel
603 2401 752 2466 bombacii
767 2405 878 2487 quihus
892 2406 1053 2471 unctiones

84 2500 238 2576 trrguntur
248 2494 293 2555 sic
300 2491 389 2554 hahet
403 2490 542 2554 Ritnule:
554 2491 750 2554 «Minister...
761 2493 784 2555 ai
796 2500 840 2554 est
851 2494 881 2554 in
893 2495 996 2573 sacris,
1008 2495 1053 2559 rel

83 2607 94 2639 r
119 2585 249 2667 ipsemet
261 2581 418 2658 sacerdos,
436 2587 503 2662 post
514 2581 678 2662 quamlibet
691 2581 866 2644 unctionem
881 2589 975 2662 tergat
990 2583 1055 2647 loca

85 2695 95 2730 r
119 2674 246 2736 inuncta
267 2689 345 2734 noro
364 2670 485 2751 globulo
499 2669 646 2732 bombacii
661 2669 706 2731 rel
722 2669 764 2731 rei
783 2669 907 2744 similis,
923 2688 1056 2750 eumque

84 2785 95 2822 r
119 2763 148 2825 in
164 2781 236 2825 vase
251 2759 367 2822 mundo
381 2765 523 2841 reponat,
541 2766 570 2822 et
584 2758 621 2820 ad
632 2757 791 2820 ecclesiam
807 2756 1032 2837 posteadelerat
1048 2805 1056 2836 ‚

84 2875 96 2909 ι
119 2853 297 2927 comburat,
312 2849 489 2929 cineresque
499 2849 633 2930 projiciat
649 2849 680 2908 in
696 2845 895 2908 sacrarium.»
909 2847 951 2908 lle
966 2845 1058 2908 Herdt

85 2949 182 3004 umen
196 2945 278 3022 (pars
292 2943 330 3018 6,
346 2947 379 3000 n⁰
393 2941 431 3000 22
440 2941 482 3012 9⁰)
496 2938 568 3000 uicit
582 2935 663 3018 quod
678 2935 790 3017 globuli
805 2934 927 2998 adhibiti
944 2935 974 2998 in
986 2955 1060 2999 unc·

85 3025 880 3111 tionibuspossintprojicistatiminignemsimulcum
889 3025 1060 3108 miclpanis

88 3127 113 3180 et
124 3123 207 3201 aqua
220 3117 402 3181 ablutionis:
419 3115 501 3198 qnod
517 3115 580 3176 lieri
600 3114 689 3178 debet
709 3133 758 3197 per
781 3117 944 3196 ipsummet
963 3134 1060 3183 sacar·

87 3207 205 3287 lotam,
220 3207 266 3270 vel
283 3224 336 3288 per
349 3205 534 3271 ministrum,
549 3219 612 3263 nun.
624 3205 694 3267 vero
708 3223 762 3286 per
776 3204 915 3270 famulos.

117 3359 125 3388 ¹
144 3356 195 3408 Pro
207 3353 387 3421 hicprorincil
399 3349 577 3412 hrenionensr,
591 3365 626 3401 nc
640 3353 743 3402 habetur
754 3351 777 3401 in
791 3352 900 3406 Concilio
914 3354 1060 3411 Provinciall

88 3429 156 3483 tata.
171 3443 197 3494 p.
217 3427 265 3478 50:
279 3445 290 3474 a
305 3426 435 3490 Nunquam
450 3423 553 3474 Sacrum
573 3421 659 3474 Oleum
677 3432 816 3475 asservetur
828 3432 895 3478 extra
914 3429 1059 3490 ecclesiam,

91 3517 100 3548 ι
117 3507 161 3551 aut
168 3499 316 3558 aethaliam,
326 3511 358 3548 ne
365 3496 389 3546 in
398 3497 499 3546 damaim
508 3493 606 3560 quidem
615 3495 724 3560 parochi.
734 3495 779 3546 nisi
788 3496 819 3546 de
826 3497 924 3548 licentii
935 3499 1060 3565 Episcopi;

89 3589 100 3621 ι
117 3586 166 3622 nee
177 3570 299 3634 qnantirm
311 3567 362 3620 lieri
374 3573 455 3634 pateat
468 3565 621 3632 permittatur
632 3565 692 3616 illud
705 3566 720 3616 a
731 3567 794 3617 laica
805 3568 903 3631 deterri,
914 3576 958 3620 aut
968 3571 998 3619 ab
1009 3569 1062 3629 ipso

91 3661 102 3691 ι
118 3643 145 3694 ia
158 3642 211 3709 ipat
222 3639 370 3694 recrementi
380 3636 590 3690 administratione
603 3637 734 3694 incultam
744 3637 871 3690 suaunari.
884 3655 897 3686 r
