2498 3966
206 275 264 340 θοι
425 291 565 342 sinnam
585 291 689 342 mnus
709 289 791 340 suen
809 291 958 342 cincun.

211 407 299 486 1880,
314 408 525 493 interpretans
540 416 659 474 textum
676 407 781 473 Consi.
800 409 976 490 spostolicae
986 407 1175 484 Selilaonae·

206 497 533 562 situmenimlueral:

207 609 211 616 ¹
247 611 262 643 a
268 632 329 650 .....
350 586 382 649 3·
415 587 554 650 Tandem
581 587 902 652 excommunicationi
930 585 1099 669 subjacere
1129 587 1175 650 de-

206 675 549 740 claranturellenantes
562 687 594 741 el
605 679 980 760 recipereprsesumenles
989 679 1075 740 bona
1088 677 1177 740 eccle

206 766 328 828 siastica
342 765 673 848 absqueBeneplacito
696 766 876 848 Apostolico
896 765 936 830 ad
963 765 1101 828 formem
1124 767 1176 827 Es·

205 858 396 933 travagantis
417 856 601 936 Ambitiosa,
629 856 772 920 daretem
794 855 1001 920 ecclesiasticis
1029 874 1093 920 eon
1113 859 1177 919 clis-

207 947 325 1008 nnnllla.
341 945 386 1008 Ex
410 947 555 1011 infaustis
570 965 646 1011 veno
664 946 792 1010 casibus
810 947 928 1028 quibus
942 947 983 1008 ab
1011 947 1104 1010 initio
1127 947 1178 1007 hu-

205 1036 256 1114 jus
273 1037 376 1098 saeculi
393 1035 478 1099 bona
499 1035 709 1100 ecclesiastiea
739 1034 973 1116 affligebantur,
988 1036 1133 1118 aliasque
1144 1036 1177 1098 oh

207 1124 479 1198 causes,subortae
501 1135 575 1188 sunt
597 1123 648 1187 vel
677 1124 918 1206 praetenduntur
940 1126 1179 1186 consuetudines

208 1231 296 1275 sacro
319 1212 384 1294 juli
409 1215 584 1290 contrariae,
609 1233 681 1296 ques
696 1230 929 1295 nonnunquam
952 1213 1126 1295 privilegiis
1141 1223 1180 1273 set

208 1303 336 1363 vetustis
346 1303 464 1364 firman
477 1304 633 1366 videnlur.

248 1415 263 1448 n
286 1391 373 1455 Circa
387 1393 455 1455 haec
471 1393 566 1474 igitur
577 1393 741 1474 sequentia
758 1391 856 1456 dubia
873 1391 1009 1475 proferri
1031 1392 1145 1454 liceat:

248 1505 263 1536 a
282 1481 326 1558 (A)
342 1480 388 1542 An
413 1483 479 1563 ipsa
495 1482 544 1544 lex
570 1482 762 1562 Beneplaciti
779 1481 1019 1564 Apostoliciper
1037 1485 1181 1543 constitu·

207 1571 323 1632 tionem
340 1588 423 1652 saepe
438 1581 645 1635 memoratam
657 1574 778 1656 (Apost.
794 1568 908 1651 Sedis),
928 1568 1004 1633 licet
1016 1569 1135 1633 lraeced
1149 1570 1182 1632 li-

208 1658 364 1722 mitandas
374 1679 524 1724 censuras
540 1660 611 1725 lelae
625 1659 998 1742 sententiaepotissimum
1015 1668 1085 1721 lum
1098 1678 1183 1739 spec-

207 1749 390 1828 lanit‚quasi
403 1749 442 1812 de
458 1769 540 1812 novo
561 1751 758 1833 promulgata
793 1759 850 1828 est,
871 1757 907 1811 ut
928 1765 985 1811 sua
1008 1748 1040 1810 vi
1062 1766 1184 1830 genem-

208 1839 279 1898 liter
293 1856 404 1901 omncs
417 1839 502 1918 liget,
526 1849 621 1922 alque
641 1844 737 1903 eliam
753 1838 864 1918 ligaret
880 1837 907 1901 si
930 1836 1118 1900 constitutio
1136 1836 1185 1898 illa

208 1927 501 2008 Ambitiosoetq'oam
520 1929 701 2008 cetemquln
716 1935 818 1990 ratam
836 1925 1028 2004 firmamque
1038 1926 1188 2005 declarat)

132 2093 135 2101 .
209 2018 256 2078 vel
274 2018 334 2078 alie
350 2018 462 2078 similis
476 2034 539 2078 non
566 2015 804 2098 processisset?
817 2014 908 2076 -ltr
935 2016 960 2076 si
983 2015 1184 2076 alili-maline:

250 2130 264 2162 s
280 2107 324 2184 (Β)
341 2107 386 2168 Αη
405 2109 432 2167 vi
450 2105 600 2169 clausula
615 2105 836 2186 derogatorlae‚
856 2122 946 2168 novae
963 2102 1185 2166 constitutioni

208 2197 369 2275 apposita,
381 2203 524 2260 revocata
539 2196 657 2258 censeri
677 2195 817 2266 debeant
828 2193 993 2275 privilegia
1004 2194 1136 2274 antiqua
1150 2193 1185 2255 ah

208 2281 1186 2362 ipsaapostolicasederileobtenta,alienandiscilicelehsque

208 2371 408 2452 Beneplacito
423 2373 625 2452 Apostolieot

249 2485 264 2516 a
280 2460 324 2542 (C)
341 2459 387 2520 ln
398 2461 556 2542 derogatio
567 2459 768 2525 haecextsndi
778 2461 873 2524 eliam
883 2460 997 2524 debeat
1008 2460 1049 2523 ad
1058 2479 1183 2524 consue

209 2549 334 2612 tudines
364 2551 572 2631 particulares
615 2549 677 2630 legi
714 2549 754 2612 de
783 2549 985 2631 Beneplacito
1010 2548 1181 2631 Apostolus

208 2639 280 2701 latae
295 2639 482 2712 contrarias,
499 2638 646 2720 quamvis
659 2637 954 2702 immemorabilesl

250 2754 264 2785 n
278 2728 325 2807 (D)
344 2728 451 2792 Ullum
475 2728 566 2790 cadat
598 2725 648 2790 lex
671 2726 866 2800 fundationis
890 2725 1025 2808 alicujus
1048 2727 1111 2791 loci
1135 2727 1186 2808 pii.

209 2819 257 2878 vel
273 2819 412 2879 instituti
428 2814 643 2892 ecclesiastici,
666 2818 698 2876 in
721 2824 876 2896 quantum
892 2816 974 2878 circa
992 2816 1076 2878 bone
1090 2816 1188 2895 legate

209 2906 447 2986 Beneplacitum
464 2903 684 2985 Apostolicum
697 2923 761 2967 una
778 2921 852 2968 cum
867 2917 1027 2967 consensu
1044 2904 1188 2985 Episcopi

209 3014 262 3056 seu
292 2991 449 3056 ordinarii
485 2992 637 3071 excludit,
659 2989 709 3057 vel
728 2991 882 3075 permittit
904 3009 1015 3055 eorum
1029 2991 1191 3056 bonorum

209 3082 435 3143 alienationem
451 3078 571 3162 absque
597 3081 653 3144 lali
680 3099 837 3144 consensu
852 3088 884 3144 el
908 3079 1117 3159 Beneplecito
1140 3081 1192 3160 lits

209 3169 293 3251 quod
310 3169 485 3243 Monecelli‚
514 3171 547 3232 iu
561 3187 620 3233 suo
633 3169 841 3244 formulario,
865 3187 905 3232 ex
928 3168 1032 3250 capite
1059 3168 1128 3231 Tun
1144 3188 1192 3231 nes

208 3257 351 3330 deduxit)
366 3276 375 3332 3
392 3277 431 3319 an
450 3257 522 3322 vero
539 3261 598 3322 ista
626 3260 677 3322 lar
692 3259 886 3323 fundationis
899 3257 1107 3339 starepossil‚
1135 3258 1192 3320 sol-

208 3350 272 3402 tem
293 3354 437 3423 respectu
451 3345 673 3410 institutorum
698 3367 770 3428 quae
785 3347 845 3409 sub
869 3346 1053 3410 immediata
1080 3365 1190 3428 regum

209 3432 402 3505 protectione
414 3443 490 3494 sunl
503 3437 616 3514 (Trio,
631 3453 703 3500 aeas.
714 3435 809 3512 xxti,
820 3433 1003 3518 capannas
1016 3435 1092 3516 res.)
1109 3437 1192 3514 regio

210 3515 304 3576 titulo
321 3519 481 3595 insignita,
513 3523 658 3586 libertale
684 3523 778 3605 legali
793 3524 842 3586 vel
862 3524 1042 3586 facultates
1064 3523 1193 3604 regibus

210 3599 436 3666 fundatoribus
452 3606 567 3670 donata
578 3610 708 3686 fuerint,
726 3611 908 3676 faciendide
922 3611 986 3674 suis
997 3610 1193 3694 bonisquid·
