2434 3940
371 268 456 315 tinen
476 267 635 315 secamus.
930 245 984 308 let
1062 219 1064 224 ’

49 371 101 418 uem
111 374 224 426 suatum
237 356 440 422 Bocleoiarum
450 359 567 422 Sancte
577 353 986 422 Sedtaxhtuaertmacdebt-

48 447 496 529 unijuramentumpraestiterint.
506 435 984 521 v.Ferr.,cttaritaadas,n⁰37.

76 538 148 598 3957.
169 537 368 618 lmpertienda
381 545 427 600 est
440 536 505 599 baec
518 535 686 599 benedictio
701 534 877 615 generaliter
891 531 987 593 ornni·

47 621 88 686 bus
100 645 151 688 non
166 626 449 702 excommunicatis,
466 643 522 688 nco
537 623 804 705 impoenitentibus,
821 620 870 684 eut
881 623 909 682 in
926 639 986 682 ma·

47 713 129 799 nilcslo
142 723 259 797 peccato
274 715 392 777 mortali
414 713 631 787 morientibus,
652 713 741 774 etium
758 711 859 792 pueris
877 710 987 790 quibus

46 803 221 870 ministrantur
236 805 386 868 absolutio
399 811 429 866 ot
442 801 718 878 Extrema-Unctio,
739 801 792 862 etsi
807 798 844 860 ad
859 799 987 880 primum

44 897 261 958 communionem
277 892 416 956 nondum
430 891 540 955 luerint
561 891 681 954 admissi
697 891 739 962 (S.
755 891 792 950 ll.
808 887 855 962 C.,
871 890 908 947 td
919 884 985 946 dcc.

48 984 111 1052 taes,
121 988 261 1062 n⁰tltt);
278 983 352 1046 item
361 1000 506 1046 sensuum
518 999 576 1044 usu
585 979 745 1055 destitutis,
757 975 868 1060 quibus
881 973 988 1036 eadem

43 1082 199 1137 strumenta
226 1074 459 1150 ministrantur,
487 1071 530 1134 uti
549 1068 714 1151 praescribit
735 1065 847 1128 Bencd.
872 1065 937 1126 xlv
957 1062 987 1124 in

44 1159 134 1224 mbrict
147 1163 236 1242 hujus
254 1160 486 1236 benedictionis;
509 1159 571 1220 imd
584 1166 613 1220 et
630 1156 779 1219 damnatis
793 1154 830 1216 ad
846 1163 984 1215 mortem.

44 1249 98 1312 lida
115 1253 250 1315 Analecta
268 1257 350 1330 (nov.
366 1257 395 1313 et
416 1248 554 1312 decemb.
573 1249 667 1322 1859,
682 1246 741 1308 ool.
758 1249 856 1318 5010,
873 1254 906 1326 n⁰
920 1242 985 1321 55).

70 1343 144 1405 3955.
165 1342 344 1406 Sacerdotes
356 1339 483 1420 delegati
502 1337 654 1419 impertire
669 1341 824 1415 nequeunt
843 1332 920 1394 hano
934 1331 987 1393 be·

42 1431 224 1495 relictionem
237 1432 298 1495 nisi
323 1431 407 1510 juxta
433 1429 541 1490 limites
568 1428 737 1508 respective
748 1421 984 1502 iurisdictionis:

41 1520 101 1584 ouda
116 1523 192 1585 illam
216 1521 374 1604 impertire
394 1536 456 1581 non
481 1517 580 1579 valent
602 1523 683 1577 extra
704 1512 857 1576 dioecesim
880 1511 936 1570 nisi
949 1509 987 1571 ab

39 1607 160 1694 Episcopo
168 1613 225 1675 looi
238 1611 435 1689 delegentur3
452 1607 530 1670 intra
539 1607 609 1668 vero
624 1604 731 1664 limites
742 1621 803 1664 suae
817 1601 987 1682 respectiva

37 1698 235 1776 jurisdictionis,
246 1697 523 1783 possuntomnibus
537 1691 776 1756 benedictionem
788 1690 865 1750 hane
875 1691 989 1768 impen-

38 1787 91 1852 dere
101 1789 358 1871 stvtettenigenis,
367 1789 427 1850 sire
437 1784 630 1860 monialibus,
642 1782 704 1844 sive
713 1778 912 1860 regularibus.
928 1777 990 1838 De·

38 1875 104 1958 legati
118 1890 216 1944 autem
231 1876 430 1958 subdelegare
445 1881 611 1956 nequeunt.

66 1973 141 2046 3959.
156 1971 229 2042 ¹Sub
244 1967 382 2052 periculo
397 1964 556 2032 nullitatis,
573 1957 759 2024 observanda
773 1963 816 2019 est
830 1955 990 2018 lormulal

38 2057 128 2123 bened.
143 2063 207 2123 lllV
230 2061 264 2122 in
281 2056 341 2118 line
354 2056 442 2119 dicta
459 2053 584 2116 Constit.
612 2051 670 2112 Pio
687 2057 783 2110 motet·
797 2047 987 2128 prescripta,

36 2163 142 2230 utaque
164 2148 319 2211 inuenitur
341 2145 373 2206 in
397 2143 574 2206 breviarios
602 2141 643 2201 ita
668 2139 698 2201 S.
730 2138 824 2218 Cong.
855 2134 987 2216 tndutg,

38 2235 121 2301 tirbr.
139 2243 235 2315 l8tt;
253 2235 356 2316 ibique
377 2235 468 2296 etiarn
482 2231 650 2294 declaratur
661 2226 810 2308 Confiteor
828 2243 893 2287 esse
908 2242 990 2304 repo·

38 2326 150 2405 tendum,
165 2328 236 2390 lieet
248 2326 312 2405 jam
327 2323 430 2387 luisset
443 2321 600 2384 recitatum
615 2324 683 2380 ante
698 2315 989 2378 administrationem

37 2411 119 2479 l'iatici
132 2425 160 2480 et
176 2411 517 2486 Extremae-Unctionis,
528 2410 586 2471 nisi
600 2405 760 2470 necessitas
770 2411 900 2486 urgeret.
916 2402 990 2465 Vide

36 2503 175 2577 Analecta,
194 2503 286 2580 ibid,
301 2503 359 2565 col.
374 2504 469 2576 2009,
485 2508 518 2560 n⁰
531 2501 581 2561 st.

64 2595 201 2665 Qaenam
214 2595 289 2656 verb
302 2591 398 2655 outitti
413 2587 527 2670 possint
541 2589 571 2650 in
587 2604 659 2650 casu
673 2583 779 2646 mortis
792 2579 990 2657 imminentis,

35 2679 165 2748 iudicatur
179 2686 213 2747 in
229 2681 359 2745 formata
376 2677 527 2741 Brevioric'
540 2675 586 2739 vel
603 2673 746 2736 liitaolis.

63 2775 91 2834 ln
104 2775 227 2838 rubrica
240 2780 341 2834 autem
356 2769 435 2832 illius
444 2767 581 2830 lormulae
596 2764 724 2843 legitur:
740 2757 795 2820 «Si
806 2760 936 2838 egrotus
945 2773 994 2818 vo·

33 2879 44 2918 a
64 2861 303 2937 lueritoonfiteri,
315 2846 992 2933 arrdratillum(socerdosletabsoluat3sicon·

33 2970 43 3006 t
64 2950 223 3016 lessionem
239 2969 300 3014 non
316 2955 407 3032 petat,
423 2949 532 3010 excitet
546 2945 631 3006 illum
645 2938 682 3002 ud
695 2935 876 3000 eliciendum
892 2943 993 2997 actum

34 3059 44 3094 r
63 3041 262 3117 contritionis;
273 3039 312 3102 de
322 3039 410 3116 buius
420 3032 638 3098 benedictionis
648 3025 780 3092 efficacit
793 3043 829 3088 ao
841 3027 958 3100 virtute,
969 3025 993 3086 si

33 3147 44 3184 ι
64 3133 179 3213 tempus
187 3129 273 3208 leret,
287 3125 600 3196 breviteradmoneet3
617 3128 682 3182 tum
694 3119 918 3196 instruatatque
929 3115 996 3176 lun·

33 3236 44 3272 1·
65 3224 137 3282 tetur
148 3227 184 3282 ut
193 3217 290 3279 morbi
306 3213 596 3292 incommodaatque
606 3209 724 3270 dolores
734 3207 915 3267 inanteactae
928 3207 994 3266 vilae

32 3327 44 3360 a
65 3294 995 3390 expiationemlibenterperlerat,Deoqueseseparatumolleret

32 3417 44 3452 r
65 3397 98 3458 ad
113 3399 193 3460 ultro
206 3394 426 3477 acceptandum
439 3388 586 3473 quidquid
602 3389 629 3450 ei
645 3385 809 3468 placuerit,
824 3391 854 3446 et
868 3395 995 3447 mortem

32 3505 44 3540 a
67 3485 160 3567 ipsam
175 3487 321 3570 patienter
338 3483 528 3557 obeundam,
543 3481 575 3540 in
591 3477 823 3540 satisfactionem
837 3493 996 3555 poenocurn

32 3595 45 3630 Ι
66 3595 139 3655 quas
152 3575 305 3659 peccando
320 3573 497 3657 promeruit.
513 3573 589 3631 Tum
602 3567 658 3649 piis
673 3567 775 3646 ipsum
817 3563 914 3624 verbis
927 3580 998 3620 con·

33 3685 46 3723 ι
67 3669 193 3746 soletur,
208 3666 242 3730 in
255 3683 342 3746 spem
355 3663 474 3744 erigens
487 3659 551 3729 lore
565 3666 600 3726 ut
611 3675 649 3722 ex
662 3655 770 3718 divinae
785 3645 998 3714 munificentius
