2420 3968
379 171 465 222 uram
484 176 641 228 saturnus.
929 174 989 238 539

41 263 88 327 uisi
111 267 140 330 in
162 268 242 332 lestis
261 272 460 336 patronorum
480 281 533 338 aut
551 279 729 344 Titularium
752 283 987 367 principalium:

39 367 108 415 annu
120 363 216 418 autmn
236 361 323 435 trel,
345 363 383 422 96
394 361 490 441 junii,
505 365 536 425 S.
552 365 585 426 C.
601 365 760 431 declaravit
771 371 990 441 observandam

38 456 93 504 esse
104 446 346 510 consuetudinem
359 449 517 528 cujusdam
529 452 599 532 loci,
614 455 666 516 obi
679 458 798 520 Patroni
813 462 989 529 Secundarii

39 532 142 594 nonnisi
158 534 216 597 ritu
237 535 350 618 duplici
367 538 479 601 minori
500 541 700 607 celebrantur.
727 547 813 625 (Vide
830 552 986 636 Analecta,

37 619 63 676 l⁰
74 618 130 698 lin,
143 622 199 684 col.
215 625 298 706 853.)

68 711 148 772 4949.
164 713 281 794 Duplici
294 722 396 780 autem
414 719 506 782 modo
526 718 600 783 testa
618 722 818 789 Patronorum
832 729 983 814 principa-

19 807 21 810 ·
37 793 97 857 lium
106 797 438 882 distinguunturirsestis
447 807 624 872 Titulariurn
632 811 858 894 principalium:
870 821 985 888 rationo

37 901 129 968 nempe
137 889 216 951 modi
226 893 501 974 quoinstituuntur,
512 905 541 959 et
549 899 752 962 rationemodi
764 920 825 982 quo
834 904 981 988 obligant:

67 975 94 1035 l·
111 977 254 1043 Titulares
279 983 474 1048 ecclesiarum
498 985 696 1052 instituuntur
717 990 854 1073 trapa,
876 995 902 1055 si
922 995 985 1062 illas

35 1078 56 1120 v.
69 1081 95 1143 g.
107 1065 195 1147 erigat
204 1069 236 1132 in
247 1071 450 1150 cathedrales,
462 1075 720 1156 Metropolitanus,
732 1084 803 1155 ato.;
815 1079 845 1141 in
860 1082 985 1148 Decreto

35 1151 101 1214 enim
118 1153 288 1235 hujusmodi
305 1162 507 1241 erectionum,
523 1165 600 1227 solet
616 1167 648 1227 S.
667 1167 803 1230 Pontifex
827 1169 985 1251 designare

34 1237 159 1306 titulares
171 1245 279 1309 harum
299 1249 510 1329 ecclesiarum,
526 1258 556 1313 et
575 1253 600 1314 si
620 1255 759 1318 Titularis
773 1257 811 1318 ab
825 1257 890 1340 ipso
904 1260 983 1323 desi·

34 1337 123 1404 gnatus
134 1331 248 1398 differat
262 1338 280 1398 9
294 1337 417 1402 'titulari
429 1340 492 1420 iam
505 1339 679 1420 hujusmodi
694 1344 828 1409 ecclesiis
839 1350 982 1430 praestito,

34 1421 161 1484 tuncistae
173 1425 308 1488 ecelesia·
327 1426 404 1490 duos
425 1431 512 1510 aeque
532 1431 700 1513 praecipuos
713 1433 826 1496 habent
838 1437 984 1502 Titularcs

33 1523 142 1583 quorum
151 1511 223 1576 festa
233 1507 292 1577 sub
305 1515 364 1578 ritu
376 1517 487 1600 duplici
500 1521 513 1579 4
524 1519 627 1581 classis
640 1527 711 1584 sunt
725 1523 902 1587 celebranda
911 1544 982 1590 cum

32 1591 120 1660 detaut
131 1602 282 1666 :eeclesiae
292 1602 983 1694 interioresTitularemcommuniteraccipiunt

33 1681 980 1774 rbOrdinariisquandoabipsisbenedicunturvelconseorantur.

32 1771 55 1832 ln
69 1773 116 1838 hoc
128 1778 216 1841 etiam
230 1798 304 1843 casu
315 1790 513 1863 possuntcsse
527 1784 629 1866 plures
642 1785 788 1849 Titulares
801 1792 887 1870 aeque
901 1793 983 1871 prin·

30 1859 137 1940 ripales,
155 1868 179 1930 si
193 1869 225 1930 in
242 1887 349 1932 eorum
363 1869 510 1933 honorem
524 1890 578 1953 per
592 1873 717 1935 modum
731 1877 823 1938 unius
836 1896 880 1940 eae
889 1881 982 1944 cocle·

30 1947 69 2010 sia
97 1953 282 2020 dedicentur.
305 1959 379 2020 Vide
395 1959 476 2039 apud
496 1961 540 2022 De
561 1961 655 2024 Herdt
674 1965 754 2044 (pars
773 1969 804 2044 5,
827 1983 860 2026 no
879 1970 918 2030 34
936 1971 981 2050 69

30 2035 108 2104 lleeis.
124 2047 152 2107 S.
168 2048 204 2106 tt.
221 2048 270 2124 G,
285 2051 324 2110 93
337 2047 414 2110 febr.
427 2051 515 2126 4839,
531 2062 566 2111 n·
577 2053 668 2114 4403.

58 2133 136 2194 tatto.
150 2135 283 2197 Econtra
297 2137 417 2198 Patroni
427 2137 487 2201 sive
500 2139 636 2202 illationis
648 2139 710 2203 sive
723 2143 906 2226 Provincia,
916 2147 979 2213 sive

30 2212 169 2302 Dioemsis,
192 2226 256 2288 sive
286 2225 430 2304 Civitatis,
454 2233 526 2307 cte,
550 2228 619 2310 eligi
645 2229 778 2312 primum
807 2231 918 2300 debent
940 2237 978 2300 ab

30 2297 113 2372 ineolis
132 2312 191 2376 sive
213 2313 361 2392 Nationis,
383 2315 444 2378 sive
457 2316 638 2397 Provinciae,
655 2317 716 2382 aiva
729 2319 890 2402 Dimcesis,
904 2331 975 2404 eto,

29 2389 50 2450 itt
64 2415 116 2475 quo
132 2403 303 2465 consentire
316 2402 427 2465 debent
444 2423 548 2469 earum
568 2408 634 2468 tium
656 2407 754 2470 clerus
777 2411 926 2472 saecularis
946 2419 978 2476 et

29 2485 149 2560 regutaris
184 2493 257 2553 eum
283 2491 450 2574 Episcopus
475 2495 522 2558 vel
548 2496 705 2576 Episcopi;
734 2495 843 2558 deinde
869 2517 977 2564 eorum

28 2567 112 2637 electio
125 2577 161 2640 ad
175 2581 206 2642 S.
224 2581 260 2641 tt.
276 2581 309 2641 G.
325 2579 456 2644 defertur
470 2602 555 2664 quae,
572 2602 605 2646 re
616 2583 773 2664 diligenter
786 2586 975 2667 examinata,

27 2665 149 2740 approbat
158 2669 204 2731 vel
216 2669 322 2750 rejicit.
333 2669 391 2732 Sed
399 2671 500 2733 Sancti
511 2689 573 2734 non
583 2677 653 2734 sunt
661 2669 791 2732 habendi
801 2672 973 2772 utPatroni,

27 2745 70 2808 nisi
86 2764 147 2833 post
166 2757 427 2820 confirmationem
445 2759 554 2822 factam
575 2761 592 2821 a
612 2761 644 2821 S.
665 2762 703 2820 ll.
718 2761 971 2840 Congregatrone:

27 2829 151 2906 itastatuit
160 2846 226 2909 ead.
238 2848 269 2910 S.
280 2847 388 2928 Congr.
401 2865 482 2910 anno
491 2852 578 2926 1630,
587 2847 771 2929 approbante
782 2847 973 2915 UrbanoVItl

26 2919 48 2982 St
61 2939 155 3010 agatur
168 2935 207 2998 de
221 2935 361 3017 eligendo
374 2937 505 2999 Patrono
515 2943 641 3019 prototo
654 2955 760 3018 regno,
771 2955 878 3001 ornnes
887 2939 972 3022 regni

25 3010 134 3082 deitates
154 3024 356 3086 convocandae
375 3031 465 3103 sunt;
485 3025 611 3107 delegati
633 3033 733 3089 autem
750 3025 908 3090 Civitatem
924 3031 972 3094 vel

25 3097 227 3176 l'totinciarum
242 3131 302 3176 non
314 3119 440 3195 possunt
452 3115 549 3178 valide
559 3114 631 3178 dare
644 3113 886 3198 suffragiumpro
895 3117 972 3184 elce·

24 3185 88 3256 tione
107 3197 241 3278 Patroni,
261 3202 319 3264 nisi
338 3203 356 3264 a
374 3201 488 3267 civibus
509 3203 638 3287 speciale
659 3203 698 3267 ad
719 3201 779 3266 hoo
798 3208 970 3288 acceperint

23 3283 186 3354 urendatum.
199 3291 292 3363 tidem
304 3293 489 3372 Decretum.)

54 3373 132 3439 4954.
153 3377 230 3462 utigr
252 3381 284 3442 in
297 3383 442 3444 Patronus
464 3387 619 3466 nequeunt
642 3383 699 3445 nisi
713 3385 765 3466 qui
784 3385 817 3448 in
834 3386 968 3451 Ecclesia

23 3457 159 3527 uniuersali
172 3466 320 3532 habentur
332 3475 365 3531 ut
388 3471 508 3548 Sancti,
524 3491 580 3534 nec
602 3471 710 3534 sufficit
729 3473 810 3554 qudd
828 3481 862 3536 ut
884 3477 966 3538 Beati

24 3545 138 3615 rotantur
147 3556 236 3636 tidem
244 3559 385 3640 Haeret).
397 3559 472 3623 Vide
481 3561 623 3624 Analecta
634 3562 694 3641 439α
704 3561 783 3642 liur.,
793 3561 850 3624 col.
864 3567 962 3639 1759).
