2416 3954
77 9 227 104 Γ

385 251 469 300 traca
490 253 646 302 succurras,
944 226 995 304 3t²rl

43 348 267 428 »caliditatem
291 351 315 411 si
337 350 588 434 impedimentum
612 351 736 414 alteram
754 358 870 435 partem
885 356 1002 418 tantbnr

43 456 55 492 r
78 438 232 519 respiceret
249 459 255 499 :
272 438 345 501 ratio
360 447 405 501 est
425 441 497 522 quia
510 459 677 504 consensus
705 442 783 503 illius
797 441 853 504 luit
866 443 905 505 ab
919 443 1003 508 initio

43 545 56 582 r
77 526 199 604 validus,
216 535 245 589 et
266 528 392 609 proinde
406 537 590 610 perseverat;
606 547 679 610 ergo
693 529 841 593 subiceret
852 533 1003 596 renovatio

43 633 56 670 r
77 619 238 678 eonsensbs
248 617 340 698 partis
354 617 522 681 inhabilis»
540 617 638 681 :banc
652 620 787 700 regulam
803 623 835 681 P.
854 621 936 702 Gury
949 639 1001 704 ap·

44 700 124 770 plicat
143 707 225 767 casui
248 723 309 786 qno
329 704 424 768 fidelis
436 705 572 769 duxisset
586 725 647 769 non
667 707 862 789 baptizatam,
876 709 998 792 disparia

45 791 101 852 tatis
113 793 209 856 cultas
219 793 469 876 impedimentum
484 797 684 877 ignorantem.

77 910 159 970 llll.
183 906 242 970 Sed
264 909 464 972 controversia
478 917 522 971 est
536 909 573 972 de
588 909 708 973 ensibus
728 908 884 992 inquibus
907 911 1003 994 impe-

45 991 200 1059 dimentum
230 998 321 1060 etiam
344 1003 459 1078 partem
481 999 603 1079 respicit
622 1017 691 1082 quae
710 997 784 1060 illud
810 999 950 1080 ignorat,
975 1009 1005 1064 et

45 1085 175 1162 queritur
198 1093 302 1153 utrum
325 1085 374 1148 illa
388 1105 456 1168 pars
470 1086 576 1149 debeat
595 1105 739 1150 renovare
761 1105 957 1166 consensum,
972 1095 1006 1150 ut

45 1172 162 1236 validum
176 1175 323 1238 efficiatur
333 1176 581 1238 matrimonium?
594 1209 635 1224 -·
648 1176 763 1257 Duplex
778 1183 824 1238 est
836 1177 1002 1238 sententia:

45 1279 94 1320 ano
113 1265 277 1343 affirmans,
293 1271 421 1346 quaeest
442 1266 654 1342 communior;
677 1265 882 1347 probaturque
896 1269 937 1348 ¹l·
952 1265 1005 1328 ista

45 1350 146 1414 ratione
168 1353 252 1434 qubd
274 1353 526 1436 impedimentum
540 1355 655 1416 tulleta
674 1353 822 1435 principio
843 1353 1004 1417 efficaciam

46 1443 214 1520 conamus,
231 1443 282 1524 qui
299 1441 425 1524 proinde
439 1451 573 1506 remanet
588 1441 742 1518 inefficax,
758 1442 814 1504 nisi
830 1451 1004 1522 renovetur,

47 1545 93 1589 nec
111 1529 214 1594 ellicax
238 1529 321 1592 reddi
346 1539 441 1614 potest
462 1549 515 1612 per
540 1531 708 1614 simplicem
728 1530 1003 1612 dispensationem,

47 1617 106 1678 ebm
125 1617 299 1700 hujusmodi
318 1619 502 1701 dispensatio
522 1639 584 1682 non
603 1627 688 1682 sanat
707 1621 813 1682 tilium
827 1620 909 1701 quod
932 1639 1006 1701 prae·

46 1707 136 1784 cessit,
151 1709 203 1771 sed
217 1717 317 1791 partes
331 1707 523 1771 solummodo
536 1708 633 1770 reddit
646 1725 771 1790 capaces
786 1709 816 1770 in
833 1714 1004 1790 posterum3

47 1797 72 1854 2⁰
91 1797 157 1878 quia
180 1797 344 1879 Rescriplis
366 1797 597 1860 Poenitentiariae
620 1797 711 1858 inseri
740 1797 817 1859 solet
838 1797 973 1859 clausula
996 1817 1006 1860 z

48 1883 132 1947 allani
152 1896 244 1970 purte
270 1885 305 1948 de
331 1886 471 1949 nullitate
487 1886 604 1968 primnis
628 1885 814 1948 matrimonii
835 1885 1006 1951 certiorate.

49 1971 127 2055 Ergo,
148 1983 205 2040 etc.

80 2085 180 2150 Altero
190 2107 299 2170 nepam
311 2135 319 2163 ,
331 2087 388 2151 bic
396 2087 512 2150 ratione
524 2087 592 2148 nixa
601 2085 684 2168 qudd
698 2105 713 2145 a
726 2085 808 2166 prior
821 2103 1006 2167 consensus,

49 2193 60 2229 r
82 2175 143 2240 licet
160 2198 216 2241 suo
232 2177 340 2240 effectu
354 2177 483 2240 caruerit
496 2177 536 2239 ob
550 2175 802 2258 impedimentum
818 2175 915 2255 ajure
927 2178 1007 2258 posi-

50 2284 61 2318 0
82 2265 136 2327 tiso
148 2266 338 2350 appositum,
350 2273 451 2328 tammr
465 2263 581 2344 dejure
592 2273 706 2326 uaturae
720 2262 774 2326 luit
787 2264 917 2335 validus,
935 2267 1007 2327 triam

51 2372 62 2405 r
83 2351 164 2418 luerit
183 2356 335 2439 praestitus
352 2373 423 2437 erga
437 2372 597 2436 personam
610 2353 648 2415 de
661 2354 728 2433 iure
748 2360 864 2416 naturae
876 2351 1008 2416 habilem

52 2443 116 2504 rad
136 2443 376 2508 contrabendum
399 2465 438 2520 »3
467 2443 548 2506 ande
575 2451 691 2505 remoto
713 2441 931 2522 impedimento
954 2459 1009 2521 per

52 2527 304 2613 dispensationem,
320 2539 526 2616 perseverante
533 2551 570 2594 ex
580 2535 642 2594 unt
655 2536 738 2611 parte
746 2529 845 2610 primo
858 2546 1009 2592 consensu

54 2623 175 2706 conjugis
188 2622 441 2706 impedimentum
457 2621 640 2704 ignorantis;
660 2625 691 2680 et
703 2635 741 2678 err
755 2617 812 2678 alia
826 2623 909 2697 parte
923 2633 1010 2677 aece-

54 2706 128 2774 110010
150 2732 228 2777 novo
241 2731 392 2776 consensu
415 2708 685 2789 internnconjugis
708 2705 789 2767 illius
803 2703 1011 2785 impedimenti

55 2802 170 2882 conscii,
184 2801 368 2866 sufficienter
379 2799 568 2864 manifestato
582 2815 635 2879 per
648 2793 901 2858 cohabitationem
919 2792 1011 2854 mari·
1055 2813 1067 2830 1

55 2889 148 2970 talem,
168 2895 336 2955 voluntates
349 2891 507 2972 utriusque
520 2889 564 2952 sie
577 2885 729 2948 moraliter
742 2882 889 2946 uniuntur
903 2888 932 2945 et
945 2881 1012 2944 elfi-

56 2975 126 3041 ciunt
138 2981 387 3044 matrimonium:
404 2979 444 3042 ita
463 2981 494 3041 S.
511 2980 632 3058 Lignor.
652 2973 714 3053 (lib.
730 2977 767 3050 6,
784 2983 817 3033 n⁰
833 2973 938 3053 ¹⁴¹5lt
954 2989 1012 3036 neo

55 3065 139 3130 obstat
155 3069 290 3134 clausula
310 3073 341 3133 S.
362 3066 614 3144 poenitentiariis,
634 3065 704 3146 quia
726 3081 787 3125 non
807 3069 853 3126 est
874 3060 1010 3127 habenda

58 3157 186 3238 tanquam
198 3159 343 3238 conditio,
359 3159 412 3221 sed
432 3165 466 3220 ut
485 3173 569 3218 mera
591 3153 758 3215 instructio.
783 3153 856 3213 llaec
878 3150 1012 3213 secunda

56 3250 189 3312 arentia
198 3248 364 3332 probafflia
381 3247 579 3310 vacaturas.
596 3243 717 3325 Lignor.
733 3241 799 3322 tib„
816 3249 847 3302 0ο
863 3243 963 3319 1116).

93 3368 221 3432 Attamen
239 3370 324 3450 juxta
338 3367 496 3442 eumdem,
512 3363 697 3448 probabilitas
716 3362 804 3424 docet
817 3361 930 3424 bened.
946 3365 1012 3426 lllV

58 3449 178 3539 (Nvlt'fic.
204 3463 262 3534 at,
278 3460 310 3520 n⁰
323 3462 372 3535 68)
394 3458 504 3519 dictam
519 3455 685 3518 clausulam
705 3471 770 3514 esse
791 3470 891 3513 reram
911 3451 1015 3513 condi·

59 3539 175 3626 tionem,
190 3551 225 3611 ed
238 3547 320 3631 qubd
334 3546 495 3608 ablativum
509 3544 698 3619 absolutum,
711 3542 794 3620 iuxta
806 3539 1012 3618 iurisperitos‚

60 3647 147 3696 reram
157 3631 611 3719 importetconditionem;unde
620 3628 808 3711 regulariter,
816 3632 1014 3688 ertraeasum

164 3759 253 3808 pm,
856 3731 891 3792 tt
