2416 3954
183 140 241 202 att
400 153 537 200 annuam
556 153 658 200 rarius
677 153 759 200 rurus
778 151 927 199 cauom

182 262 213 319 et
233 275 300 339 cap.
315 255 370 320 Ea
384 264 500 334 tencre,
514 255 568 338 qai
581 254 646 338 filii
667 255 728 317 sint
741 253 838 336 lepti.)
854 256 900 314 lln
921 257 1022 316 autem
1035 252 1147 335 disper«

182 363 248 408 sare
262 346 354 428 possit
366 344 489 426 quando
508 345 736 407 matrimonium
751 342 806 406 luit
820 343 929 406 initum
953 342 1031 406 malt
1046 342 1104 405 lide
1116 361 1147 405 ex

183 439 308 516 utraque
318 443 411 512 parte,
423 434 704 517 affirmentquidem
715 431 852 495 nonnulli
867 430 947 514 apud
965 433 1146 508 Salmantic,

183 523 234 586 sed
257 525 506 586 communissima
524 533 554 586 et
575 523 673 585 uerior
695 522 844 584 sententia
868 531 977 602 negat3
1001 530 1031 584 et
1054 523 1149 584 nititur

181 613 348 694 prasertim
361 613 474 676 Concil.
491 613 624 677 Trident.
648 614 731 688 (sess.
752 616 807 688 at,
823 629 890 692 cap.
907 607 936 682 5)
956 610 1148 674 ubidicitur:

187 723 202 760 n
223 701 253 764 Si
268 703 346 783 quis,
359 701 438 764 intra
460 702 570 784 gradus
585 700 765 783 prohibitos,
785 699 915 762 scienter
929 695 1149 762 matrimonium

183 813 198 849 n
223 791 401 856 contrahere
410 790 645 874 praesumpserit,
657 796 810 872 separetur
820 795 849 850 et
861 807 914 870 spe
927 787 1151 871 dispensationis

184 903 199 940 n
223 881 445 964 consequendae
459 886 595 944 careat...
615 899 622 941 :
638 897 700 942 non
715 877 917 958 enimdignus
931 878 1042 960 estqui
1059 879 1151 941 Ecclc

184 994 198 1030 n
222 970 274 1033 siaa
289 969 504 1051 benignitatem
519 968 604 1032 lacild
618 967 807 1050 experiatur,
823 967 911 1046 cuius
924 967 1066 1031 salutaria
1079 987 1151 1050 pre·

184 1084 199 1120 a
223 1067 309 1142 cepta
322 1062 435 1123 temere
449 1059 638 1141 contempsit.
655 1080 670 1117 n

223 1153 313 1213 4397.
336 1152 403 1211 Non
417 1156 520 1211 autem
542 1153 704 1210 censentur
727 1145 805 1208 malt
824 1144 883 1207 lide
906 1145 1093 1209 contraxisse
1105 1145 1151 1227 qui

185 1239 413 1302 matrimonium
436 1237 567 1300 inierunt
581 1255 618 1299 ex
633 1236 803 1319 ignorantia
816 1238 916 1298 crassa
931 1234 1151 1317 impedimenti,

185 1329 241 1390 nisi
257 1327 331 1390 adeo
344 1345 444 1390 crassa
457 1325 562 1402 luerit,
574 1333 607 1388 ut
620 1325 773 1388 temeritas
784 1324 934 1401 videatur;
952 1343 1010 1388 nec
1023 1325 1076 1406 qui
1091 1343 1153 1387 ron

184 1421 337 1479 traxerunt
347 1417 474 1478 scientes
487 1415 611 1496 quidem
625 1413 753 1492 lactum,
767 1413 819 1476 sed
835 1415 1008 1496 ignorantes
1022 1433 1077 1497 per
1088 1411 1153 1476 illud

186 1505 286 1567 induci
303 1503 563 1586 impedimentum.
580 1539 618 1549 -
633 1501 692 1566 Sed
706 1505 731 1566 si
750 1504 852 1585 sponsi
870 1503 1039 1566 voluntarie
1053 1504 1154 1566 omise-

185 1593 246 1656 rint
259 1593 520 1676 proclamationes,
528 1600 602 1655 tunc
616 1593 700 1676 ipsis,
715 1593 805 1655 etiam
820 1592 1029 1674 ignorantibus
1044 1593 1155 1656 nullita·

185 1690 246 1746 tem
262 1683 464 1762 matrimonii,
479 1682 662 1765 dispensatio
675 1687 721 1744 est
733 1681 926 1762 deneganda,
944 1683 1031 1762 iuxta
1044 1681 1152 1746 Gunell.

185 1775 319 1837 Trident.
337 1771 438 1856 (trid,
453 1776 613 1855 utsupra).
635 1769 704 1830 Vid.
719 1769 801 1848 App.
820 1769 897 1832 lllV.

226 1869 316 1928 4398.
338 1865 436 1926 Etiam
459 1871 528 1926 ante
549 1868 737 1926 contractum
751 1860 979 1924 Matrimonium
993 1861 1153 1946 Episcopus

186 1961 304 2036 potest,
323 1955 411 2016 certis
434 1955 464 2014 in
484 1953 624 2031 casibus,
644 1951 818 2033 dispensare
832 1969 923 2033 super
943 1949 1154 2032 impedimenta

185 2043 366 2104 dirimente:
390 2041 413 2102 si
435 2060 544 2120 nempe
560 2047 680 2122 urgeret
698 2042 879 2116 necessitas,
894 2041 1066 2122 periculum
1081 2059 1153 2104 mor·

186 2131 240 2204 tis,
256 2138 285 2192 et
299 2129 492 2209 legitimanda
512 2137 589 2190 essct
604 2129 719 2208 proles,
740 2129 786 2192 uel
800 2128 920 2191 vitanda
942 2137 1021 2192 essct
1037 2129 1154 2193 infamia

185 2226 237 2281 aut
250 2217 330 2281 aliud
344 2217 510 2279 damnum:
524 2217 568 2278 vel
579 2217 602 2279 si
618 2217 726 2280 mulier
736 2219 845 2282 nobilis
855 2225 906 2281 aut
918 2219 1046 2282 honesta
1060 2225 1154 2302 parata

186 2315 264 2370 esset
279 2309 414 2388 nuptias,
430 2305 478 2368 die
500 2305 710 2388 determinato,
735 2308 923 2384 contrahere,
943 2317 973 2371 et
991 2307 1023 2371 in
1043 2309 1155 2372 mules·

185 2397 271 2459 sione
284 2395 489 2458 manifestaret
502 2396 753 2478 impedimentum
766 2419 775 2461 t
791 2398 862 2461 illud
877 2405 1046 2462 constater
1059 2419 1125 2482 cap.
1139 2401 1154 2459 9

186 2486 230 2550 De
244 2487 410 2570 Dispensat.
424 2485 544 2570 imped„
557 2487 728 2552 ubidicitur
742 2509 750 2550 ι
774 2488 1153 2564 «districtinstnhtuemus,

185 2601 200 2638 a
226 2597 265 2642 ne
278 2577 371 2660 aliqui
390 2596 520 2660 quorum
532 2584 674 2660 uterque,
692 2579 738 2641 vel
748 2577 868 2640 altered
875 2583 994 2641 aetatem
1006 2579 1152 2660 legibus...

185 2690 201 2728 a
223 2667 453 2732 determinatam
470 2686 532 2730 non
547 2667 731 2750 pervenerit,
746 2668 983 2750 conjungantur,
1006 2669 1066 2731 nisi
1083 2665 1154 2751 sorti

185 2780 201 2818 s
224 2757 327 2840 aliqud
346 2755 551 2840 urgentissimis
565 2757 734 2820 necessitate
747 2757 975 2834 interueniente,
995 2767 1095 2842 utpote
1102 2775 1154 2842 pro

185 2871 200 2908 a
227 2847 394 2930 deceperis
411 2847 482 2908 talis
504 2846 670 2928 conjunctio
686 2846 840 2911 toleretur.
861 2869 876 2906 s
898 2849 964 2910 Hoc
985 2853 1087 2911 tarnen
1112 2849 1152 2910 uir

185 2942 283 3018 potest
308 2936 498 3020 contingere,
523 2936 621 3018 inquit
644 2937 675 2999 S.
703 2936 825 3017 Lignor.
849 2935 914 3013 (lib.
939 2941 979 3013 6,
1001 2949 1036 2998 n⁰
1060 2939 1150 3014 llas),

185 3022 1152 3107 quandoimpcdimentumestpnblicum.VideetiamBened.lllll

185 3113 240 3190 (De
254 3111 343 3191 Syn..
362 3111 413 3173 lib.
429 3115 459 3188 9,
476 3131 542 3194 cap.
559 3118 587 3185 9,
606 3115 647 3177 nr.
662 3117 687 3178 ll
701 3123 730 3178 cl
744 3117 803 3192 lll).

224 3204 312 3262 4399.
333 3201 524 3282 «Proposito
538 3221 674 3267 asserens
688 3223 775 3286 posse
790 3204 973 3288 Episcopum
987 3206 1150 3289 dispensare

184 3311 199 3347 n
224 3289 255 3350 in
270 3289 391 3368 publico
409 3291 625 3371 impedimento
647 3295 826 3358 Matrimonii
850 3295 1011 3358 dirimente
1030 3313 1149 3360 consan-

184 3398 199 3437 o
223 3378 388 3458 guinitatis,
404 3397 459 3458 pro
470 3381 662 3444 matrimonio
676 3383 970 3462 contrahendo-sive
988 3385 1147 3448 inerticula

184 3465 329 3527 ninortls
361 3465 422 3528 sive
454 3467 485 3528 in
511 3469 569 3530 alit
596 3471 807 3550 urgentissima
837 3474 1033 3553 necessitate,
1054 3477 1148 3538 Roma

185 3575 200 3614 a
224 3550 372 3617 declarata
387 3559 431 3616 est
443 3554 523 3636 salsa
546 3564 575 3618 et
585 3559 766 3624 remunito»
781 3560 1002 3645 (compendium
1011 3563 1146 3642 Carrion,
