2420 3968
388 201 480 292 'cnm
500 240 658 292 sucorum.
947 231 1000 292 dtr

59 362 71 398 r
91 342 305 426 universelle,st
317 359 452 408 aucunas
471 343 658 426 approuvdes
678 361 732 430 par
750 343 888 408 Conciles
908 345 1007 428 gena·

59 451 71 486 r
91 449 188 494 raux.»

89 522 167 584 5033.
187 523 272 585 lusia
292 519 460 584 Gallicanos
483 521 754 600 Parlamentarios,
781 522 922 607 Episcopi
948 542 1006 586 ne-

59 615 157 688 queunt
168 608 314 692 liturgiam
331 608 489 672 moderare
504 609 562 672 nisi
581 608 787 690 dependenter
805 614 822 674 a
838 612 929 694 Regis
938 631 1008 675 euc-

59 697 174 776 toritnle3
185 699 262 781 apud
276 701 388 779 Regem
403 698 530 780 proinde
544 699 666 774 residet,
680 700 765 778 juxta
780 701 873 782 ipsos,
900 721 1008 783 supra·

33 815 35 818 ·
58 802 98 846 ma
115 793 234 867 potestas
251 787 413 870 legislativa
431 789 531 869 quood
550 787 724 869 liturgiam:
745 789 852 851 «C’est
865 809 907 853 un
928 790 1007 854 droit

58 895 70 930 r
89 874 135 938 des
146 877 276 960 Eudonos
289 885 318 940 et
332 879 432 939 meme
441 895 502 940 une
516 877 697 958 obligation,
714 877 813 958 inquit
832 879 956 940 Durand
969 880 1007 942 de

58 984 70 1018 r
89 965 214 1030 biaillane
231 964 406 1048 (metrone,
422 977 454 1028 v0
468 965 579 1045 Liore),
591 965 1008 1029 d'examinerattentivemenl

59 1073 70 1107 u
90 1051 126 1116 les
138 1054 219 1119 liures
232 1041 400 1137 d’iiglise...
413 1059 442 1116 et
458 1054 495 1117 de
510 1054 655 1117 reformer
668 1073 703 1117 ce
718 1053 770 1136 qui
784 1055 829 1136 s’y
849 1061 953 1116 trouve
970 1056 1009 1118 dc

58 1163 69 1196 u
89 1141 269 1223 deiectueux3
287 1146 362 1206 mais
372 1144 407 1206 ils
420 1163 457 1206 ne
471 1145 622 1206 sauraient
635 1144 906 1225 dansceroyaume
917 1147 1008 1206 inno-

59 1251 70 1285 r
89 1249 133 1294 ver
145 1252 258 1298 aucune
269 1235 359 1298 chose
373 1253 411 1295 en
427 1233 581 1296 l’erercice
595 1240 624 1294 et
638 1233 819 1296 celebration
835 1235 876 1296 du
898 1234 1009 1295 service

60 1341 70 1374 r
90 1320 161 1384 divin
185 1343 251 1387 sans
265 1323 413 1386 l’autoritd
440 1322 482 1385 du
504 1322 601 1384 noi.»
631 1320 703 1384 Vide
717 1324 807 1384 etiam
827 1321 1007 1396 Hericourt,

59 1409 85 1468 3ο
97 1417 177 1491 part,
192 1432 223 1494 p.
236 1417 295 1476 122
309 1419 339 1475 et
351 1415 418 1474 003.

87 1503 165 1563 tuat.
182 1502 264 1565 Adeo
281 1521 377 1583 usque
392 1500 555 1584 procedere
569 1517 631 1562 non
656 1499 794 1562 videntur
808 1500 907 1563 caeteri
924 1501 1010 1562 Grilli-

56 1590 109 1648 cani
125 1609 131 1651 :
146 1599 274 1654 attamen
294 1593 365 1653 olum
380 1597 500 1652 teneant
519 1591 622 1651 ambas
633 1595 804 1670 potestaten,
824 1590 1009 1671 spiritualem

56 1693 148 1759 nempe
157 1681 308 1744 etcirilem
320 1727 328 1758 ,
340 1682 396 1742 use
410 1679 539 1740 invicem
548 1697 613 1740 esse
624 1677 1010 1758 independentes,asserero

55 1775 202 1847 coguntur,
218 1788 293 1833 casu
306 1787 367 1850 quo
381 1768 427 1830 hae
438 1774 598 1850 potestates
609 1767 686 1828 inter
700 1784 803 1827 senon
817 1768 1011 1829 consentiunt

54 1854 119 1918 circa
134 1877 179 1920 res
192 1860 321 1932 mixtam,
337 1857 452 1918 nnllam
471 1874 507 1917 ex
523 1856 558 1916 iis
579 1873 667 1936 posse
689 1854 866 1935 praevalere;
884 1856 1011 1937 proinde

54 1959 94 2005 aas
104 1947 223 2010 omnino
237 1945 407 2010 annihilant
421 1943 521 2027 quoad
532 1943 582 2023 jus
596 1942 765 2025 imperandi
777 1947 895 2026 negotia
910 1945 1012 2026 hujus

54 2034 131 2097 modi.

84 2122 1010 2207 insuperGaliicanitribuuntEpiscopispotestatemordinandi

55 2207 189 2296 liturgiam
197 2215 291 2277 insui
300 2211 602 2295 respectivddioecesi,
615 2213 728 2296 absque
737 2213 875 2276 facultate
881 2217 1011 2278 Romani

54 2297 206 2384 Pontificis,
231 2303 315 2386 quod
336 2302 375 2365 ad
388 2301 529 2364 ellectum
549 2301 622 2363 olim
636 2302 784 2366 reduxere
797 2303 900 2385 plures
910 2305 1011 2367 Galliae

53 2391 200 2472 inustiles,
215 2391 365 2455 mutando
375 2391 526 2470 liturgiam
536 2389 657 2454 dioecesi
665 2393 819 2474 propriam
833 2401 938 2454 contra
947 2413 1013 2473 pro

53 2475 212 2544 bibitionem
220 2484 252 2545 S.
265 2479 361 2556 Sedis;
370 2480 575 2560 imdedusque
584 2480 919 2543 devenerenonnulliex
928 2483 1011 2560 ipsis,

53 2574 78 2628 ut
90 2571 245 2654 subpoeuis
258 2569 411 2633 canonicis
419 2568 613 2651 prohiberent
621 2570 746 2631 recitare
756 2568 888 2630 officium
900 2571 930 2630 S.
944 2573 1013 2631 Gre

53 2659 114 2733 gorii
128 2662 199 2738 Vll,
222 2661 293 2723 iicet
312 2660 350 2722 sit
367 2660 405 2722 ab
426 2657 559 2720 Ecclesia
580 2664 777 2740 praeceptum.
799 2655 885 2737 (Vide
902 2658 1012 2736 Bouix,

55 2743 308 2829 Dejnrefflturg„
324 2766 355 2828 p.
371 2750 434 2826 97.)

84 2839 168 2900 5035.
191 2839 302 2899 Contra
312 2836 378 2898 illos
392 2854 509 2899 errores
523 2836 673 2899 dicimus:
691 2839 721 2896 1⁰
731 2834 854 2896 Certum
868 2841 912 2896 est
931 2834 1014 2896 Prin-

54 2921 323 3002 cipemsaecularem
340 2924 457 2988 nullum
475 2925 586 2986 habere
598 2924 649 3003 jus
663 2923 695 2984 in
710 2921 882 3003 liturgiam,
907 2923 964 2986 nisi
988 2925 1014 2987 ei

53 3009 84 3070 ab
95 3015 224 3077 Ecclesia
247 3013 323 3076 sorte
342 3013 430 3076 fuerit
450 3030 630 3076 concessum
653 3012 750 3094 :quia
766 3011 886 3094 liturgia
904 3021 949 3076 est
969 3033 1017 3077 res

54 3117 136 3181 sacra,
150 3103 189 3166 ad
202 3103 318 3167 cultum
329 3103 464 3166 diuinum
479 3103 635 3184 pertinens
648 3123 656 3176 ;
671 3102 763 3184 porrd
778 3120 826 3164 res
840 3121 943 3182 sacrae,
964 3107 1017 3167 Ec-

54 3187 151 3271 etesiae,
163 3213 225 3256 non
234 3195 304 3256 verb
314 3192 443 3274 principi
454 3192 590 3254 saeculari
601 3191 749 3254 fueruntt
761 3193 823 3253 Deo
831 3196 1016 3256 commissae:

53 3277 211 3364 ridesupra
223 3330 232 3362 ,
246 3282 284 3346 de
299 3285 330 3344 S.
346 3281 492 3344 Pontifice
520 3281 686 3360 (098000).
707 3283 770 3344 Nec
792 3279 831 3342 ad
850 3284 1018 3364 principem

54 3370 218 3434 secularem
232 3373 338 3436 deferri
356 3378 451 3454 potest
469 3371 534 3436 hacc
550 3377 679 3453 potestas
695 3389 747 3452 per
769 3375 1018 3434 communitatem

55 3456 179 3522 bdelium
195 3481 204 3524 ι
223 3481 310 3541 nam,
326 3467 455 3543 potestas
470 3461 631 3542 spiritualis
647 3478 709 3522 non
724 3459 833 3522 venito
852 3463 1020 3522 communi-

55 3549 107 3610 tate
120 3549 203 3612 seda
221 3553 294 3628 Dec,
310 3551 362 3633 qui
372 3550 453 3612 illam
471 3549 569 3628 dedit,
586 3567 647 3612 non
662 3548 871 3611 communitati
886 3547 1020 3608 fidelium

55 3636 101 3695 rad
115 3639 282 3718 pastoribus
296 3640 352 3722 ipsi
362 3640 528 3722 praepositis
549 3661 557 3701 ι
573 3639 638 3700 istis
647 3639 740 3715 enim,
751 3653 812 3698 non
821 3635 911 3695 ureris
923 3632 1019 3692 fideli-
