2462 3972
191 91 253 155 llil
413 105 550 152 ulnulas
570 103 669 150 sonus
689 102 774 150 runis
793 101 943 150 canonici.

194 210 285 288 libro;
296 215 431 292 superest
440 209 530 290 igilur
540 213 573 271 ut
586 207 744 289 specialitas
758 225 842 270 nunc
851 207 1012 289 loquamur
1023 209 1062 274 de
1076 208 1163 275 bene

194 298 270 362 liciis
283 305 433 381 quatenus
445 297 518 367 dant
530 297 580 378 jus
593 294 777 378 percipiendi
792 295 926 360 redditus
936 297 1162 372 ecclesiasticos,
1204 351 1205 358 ,

195 388 253 450 sub
265 406 328 468 quo
340 391 479 468 respectu
499 386 591 448 etiam
606 383 776 447 Proedeudoe
788 390 950 465 vccanbrr,
961 385 1049 466 juxta
1065 389 1162 453 Donati

195 477 257 553 (lib.
274 480 305 546 2.
319 476 364 538 tit.
382 480 440 550 lt,
455 475 535 556 §3);
551 475 604 537 sad
617 474 684 537 vide
697 475 776 537 dicta
790 492 881 556 supra
893 475 1006 554 (mo).
1204 527 1205 570 ,

235 569 324 628 5377.
343 565 459 629 Dicitur
473 569 504 627 l·
511 564 566 646 jos
576 570 752 646 perpetuum
767 582 776 624 :
790 563 857 626 baec
870 569 973 627 numm
985 567 1163 648 perpebritas
1204 619 1205 624 ,

194 653 307 735 duplici
321 652 413 716 modo
427 653 552 735 intelligi
567 657 685 735 potest:
700 652 816 714 ratione
829 650 968 714 beneficii
977 654 1064 735 quod
1077 659 1162 719 sarad

195 749 330 805 erectum
345 760 465 824 semper
478 746 652 824 permanet;
664 745 695 802 2·
703 743 820 804 ratione
830 739 1033 822 beneficiarii,
1044 745 1101 826 qui
1113 765 1165 808 uon

197 829 234 892 ad
257 837 399 913 tempus,
428 831 481 894 sed
504 828 650 912 quamdiu
675 829 797 908 vixerit,
822 829 872 909 jus
897 829 936 892 ad
960 832 1166 915 percipiendos

196 917 312 983 tructus
334 919 473 983 benelicii
495 919 701 1001 consequitur.
721 919 935 982 communiter·
946 919 1010 983 bb.
1033 935 1165 985 asserunt

198 1009 427 1090 perpetuitatem
442 1009 473 1071 in
488 1015 616 1089 utroque
637 1025 728 1070 sensu
748 1015 902 1090 acceptam
923 1007 963 1070 da
983 1015 1094 1074 natura
1110 1031 1166 1075 esse

199 1096 336 1160 beneficii
357 1097 566 1161 ecclesiastici:
580 1096 638 1158 hoc
657 1101 836 1160 tamennon
857 1095 895 1159 ab
908 1097 1051 1161 omnibus
1067 1101 1166 1162 admit-

198 1187 287 1262 titur,
303 1193 332 1250 et
347 1187 513 1250 Laurenius
526 1189 544 1248 a
557 1185 644 1248 Card.
662 1185 763 1266 Soglia
777 1185 884 1248 citatus
897 1185 984 1258 [lust.
994 1187 1068 1268 jur.
1079 1191 1164 1272 prio..

199 1275 279 1356 §llll
294 1276 389 1338 solam
412 1275 541 1338 admittit
561 1281 595 1337 ut
610 1275 800 1336 essentialem
814 1273 970 1338 beneficiis
991 1279 1166 1360 perpetuita-

199 1369 260 1426 tem
279 1365 386 1446 prioris
406 1364 542 1445 gesseris,
557 1369 587 1426 ct
600 1363 678 1424 inter
697 1381 766 1425 vera
786 1361 931 1426 beneficia
949 1373 1094 1430 accenset
1111 1387 1166 1430 nra·

201 1453 303 1516 nualia
316 1472 384 1535 quae
402 1453 440 1514 ad
455 1459 562 1516 nutum
576 1451 667 1514 adimi
688 1457 831 1533 possunt,
846 1471 976 1534 quaeque
989 1455 1007 1516 a
1021 1455 1168 1519 laicalibus

201 1539 232 1604 in
245 1560 283 1606 ao
296 1542 413 1604 tantiam
427 1541 597 1624 discrepant
612 1540 693 1623 qudd
706 1543 724 1602 b
738 1545 882 1622 potestate
896 1542 1099 1607 eoelesiastica
1107 1563 1167 1607 con·

201 1629 358 1694 cedantur.
374 1631 560 1694 Sententiam
581 1629 720 1692 Laurenti
742 1629 932 1711 amplectitur
946 1633 982 1692 ll.
999 1631 1117 1710 Bouir,
1130 1635 1167 1695 be

203 1719 336 1784 Poroclc
350 1721 395 1804 (p.
410 1723 497 1797 207);
514 1719 584 1782 ilem
604 1719 635 1780 S.
652 1719 774 1800 Lignor.
789 1718 852 1796 (lib.
874 1721 906 1797 3,
922 1720 956 1780 n·
968 1724 1050 1800 673),
1073 1723 1166 1786 ubido

202 1809 367 1891 capellania
392 1807 464 1871 dicit
487 1826 495 1870 r
529 1807 713 1879 «Quaelibet
733 1807 898 1888 capellania
928 1809 1111 1874 conserenda
1134 1813 1165 1873 ab

204 1921 219 1958 r
243 1900 392 1981 Episcopo
401 1905 431 1960 et
443 1897 508 1978 ejus
524 1896 697 1960 auctoritate
711 1902 885 1974 erecta,cst
896 1898 967 1960 verb
980 1898 1163 1972 tenatorum.
1204 1931 1205 1966 l

204 2007 220 2046 s
244 1988 299 2049 etsi
320 1989 361 2049 sit
379 1987 419 2050 od
439 1994 542 2048 cutum
559 1985 728 2048 cmooibilis
744 2003 758 2048 .·
781 2003 868 2048 secus
890 1986 915 2048 sl
934 2004 998 2049 non
1021 1987 1059 2050 sit
1080 1995 1163 2052 crecta

205 2080 417 2139 »auctoritate
444 2075 602 2158 Episcopi,
630 2073 699 2136 licet
724 2072 851 2155 abipso
878 2075 1063 2140 conferatur.
1089 2100 1104 2136 o
1127 2080 1160 2138 lta
1204 2073 1205 2158 l

205 2165 311 2241 Salm,
326 2165 361 2226 da
384 2165 464 2226 loris
484 2164 626 2242 canonio,
642 2182 670 2226 c.
695 2167 726 2241 5,
742 2165 775 2224 n⁰
788 2167 838 2242 59,
853 2182 925 2226 curn
944 2165 1049 2245 Suam,
1062 2165 1154 2240 Pallia,
1204 2159 1205 2240 l

206 2253 286 2329 Vill,
303 2259 359 2315 etc.
375 2253 451 2315 Vide
465 2252 544 2314 dicta
557 2269 647 2334 supra
661 2253 773 2330 (tall).
1204 2245 1205 2326 ]

245 2345 334 2406 5378.
346 2345 390 2404 Ex
404 2342 491 2404 dictis
504 2341 653 2422 colligitur
665 2339 810 2403 beneficia
823 2359 886 2403 non
899 2359 968 2405 essu
980 2342 1157 2427 turnpcnsio

205 2451 260 2496 nes
283 2431 516 2508 ecclesiasticas,
540 2449 609 2512 quaa
632 2437 728 2492 morte
753 2429 937 2511 pensionarii
959 2433 1162 2515 extinguuntur

206 2523 280 2604 quin
295 2521 350 2602 ipsi
364 2537 518 2583 successor
531 2518 687 2600 subrogari
700 2517 826 2595 debcat;
841 2524 907 2581 tum
925 2521 1107 2602 capellanias
1120 2521 1166 2582 lai-

206 2612 285 2673 cales
298 2627 353 2692 pro
362 2609 472 2691 quibus
485 2607 628 2689 assignati
642 2605 858 2689 quidcmluere
867 2591 952 2669 sirndi
966 2627 1025 2672 seu
1033 2609 1165 2682 redditus,

207 2706 237 2761 et
250 2700 288 2762 ad
302 2717 378 2781 quas
387 2697 477 2760 etiam
491 2695 530 2758 ab
539 2697 688 2778 Episcopo
702 2695 898 2758 nominantur
912 2696 1033 2776 clerici,
1045 2699 1098 2762 sed
1110 2717 1168 2781 qua

207 2789 300 2870 ipsius
321 2786 496 2850 auctoritate
520 2803 582 2846 non
604 2785 728 2847 luerunt
748 2789 877 2862 erectae,
901 2784 956 2847 etsi
974 2785 1063 2850 fundi
1086 2789 1169 2871 ipsius

208 2877 327 2940 licentis
339 2869 692 2956 luerintscceplati.llide
703 2872 791 2936 Gard.
804 2871 904 2955 Soglia
913 2873 1076 2956 (laistjan
1083 2877 1167 2959 prin,

206 2967 359 3048 §tlbtlbl

247 3057 335 3117 5379.
352 3055 468 3118 Dicitur
480 3059 513 3117 2·
527 3051 717 3136 Percipicudi
729 3053 844 3135 fractus
855 3069 894 3116 ec
914 3052 995 3116 bonis
1007 3056 1169 3120 Ecclesia:

207 3142 287 3206 bona
300 3146 401 3204 autern
414 3141 614 3206 ecclesiastica
632 3159 694 3204 non
708 3143 825 3204 tantum
836 3141 963 3204 interris
976 3144 1023 3206 vel
1038 3145 1168 3208 domibus

204 3225 393 3295 cnissistunt,
407 3225 462 3286 sed
477 3225 611 3288 etiamin
625 3227 773 3290 censibus
787 3236 841 3291 aut
857 3227 1036 3294 redditibus
1052 3233 1172 3295 annuis,

204 3317 237 3369 ut
255 3307 414 3369 videreest
435 3315 519 3388 apud
537 3314 642 3374 baroti
660 3315 729 3394 (lib.
746 3321 777 3391 2,
794 3318 841 3378 tit.
860 3316 908 3392 ll,
927 3319 943 3395 ξ
963 3318 993 3398 3)
1015 3337 1024 3379 z
1049 3319 1173 3400 prolude

206 3395 285 3451 burra
302 3391 448 3455 Ecclesiae
465 3401 644 3476 nuncupari
661 3417 792 3479 possunt
804 3403 897 3464 etiam
923 3405 1147 3470 subventiones
1161 3411 1172 3462 l

203 3477 372 3539 Gulrciniis
385 3482 474 3552 datm,
487 3488 509 3541 s³
524 3491 627 3545 resera
646 3487 844 3551 &Guberniis
857 3493 1021 3570 exjustitia
1038 3485 1173 3556 sector
