2434 3940
414 265 499 312 unm
520 267 677 314 secuunus.
981 251 1039 311 185

88 373 143 436 que
154 363 220 425 tunc
232 361 406 440 effunditur,
421 365 459 425 sit
473 365 572 426 nrinnr
586 367 677 426 attera
692 369 777 446 parte
792 366 841 430 cui
857 363 1036 445 infunditur,

87 451 111 508 et
122 465 173 511 non
188 449 235 513 tint
246 452 298 514 nisi
315 451 346 514 in
361 471 432 516 casu
448 455 634 515 necessitatis
644 453 709 527 tii„
727 464 760 515 ιιο
774 459 855 530 708).

116 541 267 604 itis-2⁰
276 542 1038 622 MateriaproeimuExtremae·Unetionisestunctio

85 635 212 690 unarum
226 630 361 712 corporis
376 631 505 712 partium
522 649 530 691 τ
545 633 739 693 consentiunt
753 634 814 694 Μ).
832 631 870 694 de
890 640 1039 715 precepto

84 731 136 777 esse
152 725 182 780 ut
200 719 334 800 quinque
355 737 462 782 sensus
483 725 637 800 ungantur
650 719 736 796 (Vide
755 719 799 782 De
811 720 888 802 Spu.
912 721 1038 798 dieses,

46 807 48 812 ’
84 800 124 864 tt.
145 809 171 876 8,
190 826 256 890 csp.
271 811 304 886 s,
329 807 505 885 n·11):sed
523 811 754 872 controvertitur
776 827 816 870 en
840 807 921 871 idem
942 809 981 870 sit
1001 809 1040 872 de

83 895 238 959 necessitate
260 896 463 972 Sacramenti;
475 929 513 946 -
527 897 676 960 sententia
699 897 873 976 affirmans,
889 897 975 960 sicuti
996 905 1040 961 est

82 983 168 1059 tutior,
185 985 222 1046 ita
237 987 328 1048 etiam
343 985 539 1048 communius
549 984 694 1062 docetur,
710 994 739 1048 et
754 987 897 1069 probatur
914 1005 1038 1068 praeser-

17 1135 18 1138 Ἴ
81 1071 121 1132 tim
139 1093 172 1135 err
194 1093 251 1138 usu
272 1074 413 1138 Ecclesiae
431 1081 461 1135 et
480 1075 635 1137 communi
659 1078 721 1138 uu.
745 1093 836 1138 sensu
854 1094 862 1137 ι
879 1075 960 1138 unde
982 1076 1039 1139 sub

80 1159 231 1225 mnditione
245 1166 381 1238 tantum,
397 1170 427 1224 et
440 1169 575 1244 tempore
596 1165 705 1246 pestis,
721 1173 773 1228 aut
794 1171 920 1246 urgente
940 1184 1040 1230 neces·

78 1249 162 1326 sitite,
177 1253 311 1314 adhiberi
330 1252 420 1313 debet
441 1253 530 1312 unica
550 1252 671 1328 unctio,
687 1272 756 1336 quae
777 1261 848 1317 tunc
872 1255 1038 1318 consultius

78 1337 101 1396 in
114 1339 140 1399 in
158 1344 266 1421 capite.
284 1341 360 1402 Dicit
372 1339 525 1420 Tourneiy
546 1341 683 1404 sufficere
704 1350 775 1405 tunc
796 1343 877 1424 qued
898 1342 1035 1407 dicatur:

78 1427 242 1513 vlurlulqeut
259 1429 316 1490 titt
332 1430 407 1491 Deus
420 1428 567 1512 quidquid
574 1449 629 1510 per
642 1450 739 1494 seusus
752 1432 907 1514 deliquisti
915 1454 945 1509 a;
962 1433 1037 1514 sed,

75 1514 159 1597 inquit
180 1523 210 1583 S.
232 1519 357 1600 Ligucr.
379 1519 442 1595 (tib.
461 1522 495 1592 6,
520 1531 552 1579 n⁰
570 1522 651 1596 vra),
678 1520 799 1582 salii...
823 1523 982 1603 requirunt
1006 1530 1038 1586 ut

73 1625 85 1662 a
104 1610 308 1691 exprimantur
317 1609 453 1690 quinque
463 1625 582 1685 sensus,
593 1628 753 1691 nempeper
767 1611 877 1684 uisum,
889 1611 1036 1686 nuditum,

73 1717 83 1751 ι
102 1709 232 1777 qustum,
250 1698 445 1760 adoraturae!
465 1705 574 1758 tectum
595 1697 757 1778 deliquisti.
780 1699 838 1760 Sed
858 1700 966 1762 metius
983 1702 1038 1763 erit

72 1805 84 1842 v
103 1787 143 1850 eie
158 1787 261 1852 dicere
278 1807 286 1848 τ
303 1807 359 1870 per
373 1787 459 1848 istum
480 1795 610 1847 sanctum
625 1787 802 1860 unctionem,
819 1795 913 1860 eum,
939 1788 1038 1850 indul·

71 1896 83 1932 r
102 1889 164 1957 qeet
178 1878 238 1940 tilii
255 1877 331 1940 Deus
344 1873 490 1958 quidquid
502 1873 657 1956 deliquisti
666 1895 724 1956 per
735 1895 842 1948 seusus,
858 1876 969 1950 uisum,
988 1896 1039 1940 uu·

71 1986 83 2024 ι
102 1967 208 2039 ditum,
230 1977 364 2049 qustum,
380 1963 531 2025 odoratum
546 1972 575 2023 et
597 1972 726 2024 turtum:
741 1963 949 2046 praemittendc
968 1985 1039 2029 vet·

70 2076 82 2114 ι
102 2056 168 2120 bum
189 2053 399 2137 deliquisti...,
414 2052 523 2134 quiesi
540 2050 696 2132 deliquisti
716 2053 885 2134 proseratur
900 2055 930 2116 in
951 2053 1011 2118 lrne
1028 2105 1037 2135 ,

71 2166 82 2202 ι
102 2152 128 2208 et
141 2146 265 2209 interim
279 2161 360 2225 aeger
375 2144 540 2216 moriatur,
559 2141 677 2203 nulium
692 2149 737 2204 est
757 2148 996 2220 sacramentum
1013 2147 1037 2210 si

70 2254 81 2290 v
100 2245 197 2300 autem
216 2251 301 2310 aeger
321 2233 506 2313 supervivat,
522 2231 630 2292 merite
649 2232 689 2292 ait
708 2231 832 2306 Crcix.,.
860 2236 1038 2315 repetendas

70 2343 81 2379 ι
100 2343 161 2388 esse
197 2322 363 2384 unctiones
377 2322 408 2382 in
422 2319 549 2400 singulis
563 2320 718 2398 sensibus,
734 2320 873 2384 addendo
887 2326 1039 2388 orationes

67 2431 264 2476 comissas...

99 2505 186 2566 3924.
205 2527 221 2562 ιι
239 2503 359 2563 Certum
371 2505 527 2562 estautem
542 2517 603 2560 non
619 2516 684 2560 esse
697 2497 735 2561 dc
749 2499 924 2562 necessitate
937 2519 1038 2566 sacra·

65 2614 78 2650 ι
99 2593 193 2656 urenti
212 2590 368 2674 geminam
389 2589 564 2650 unctionem
587 2585 728 2649 adhibere
753 2589 784 2647 in
806 2589 935 2666 geminis
952 2591 1039 2668 perti-

65 2704 78 2740 ιι
99 2682 176 2746 bus:
193 2701 224 2744 v.
242 2699 272 2762 g.
297 2678 327 2740 in
346 2685 474 2760 utroque
496 2677 585 2741 oeuic
590 2722 664 2750 ......
681 2683 792 2736 etc.....
808 2673 896 2738 Unde
914 2687 1038 2754 urgente

64 2791 77 2830 ι
99 2771 297 2844 necessitate,
313 2785 423 2848 nempe
437 2768 460 2828 si
477 2766 552 2828 edsit
567 2764 736 2847 periculum
753 2761 938 2832 iniectionis,
955 2763 1001 2822 vel
1015 2762 1038 2826 si

63 2883 77 2919 ι
99 2861 242 2923 infirmus
257 2864 387 2938 nequeat
406 2857 478 2918 verti
500 2855 537 2916 ad
552 2853 632 2916 aliud
654 2853 749 2925 tetus,
766 2849 903 2912 sufficere
927 2867 1039 2930 ungere

64 2971 77 3007 ι
100 2968 198 3013 ιιιιιιιιι
212 2947 349 3023 oculum,
366 2961 458 3007 unam
472 2962 588 3020 aurem,
605 2949 662 3003 ete.
679 2939 787 3005 Unetio
800 2948 901 3002 autem
918 2959 1038 3020 renum,

64 3059 77 3100 v
98 3046 132 3103 ut
154 3036 324 3121 praescribit
344 3034 484 3110 ilituule,
505 3033 538 3094 in
552 3029 729 3093 mutieribus
752 3047 872 3112 semper
893 3031 1040 3094 omittitur

63 3147 78 3186 ι
99 3125 266 3191 berrestutis
276 3123 390 3204 gratim
406 3131 497 3202 etque
510 3123 601 3183 etiam
616 3119 648 3180 in
662 3120 751 3196 viris,
767 3118 889 3200 quando
901 3120 1040 3183 infirmus

64 3213 258 3276 scorrunodc
273 3211 385 3274 moveri
401 3229 462 3272 non
477 3215 584 3291 petest.
601 3230 616 3268 a
629 3207 752 3289 (Dicunt
762 3206 884 3288 quidem
894 3206 1037 3288 pluraRi·

66 3301 243 3364 mariamne
257 3303 432 3364 unctionem
448 3297 511 3360 lieri
525 3305 598 3360 tunc
609 3296 718 3358 debere
731 3297 761 3358 in
774 3303 893 3377 pectore
903 3315 958 3378 pro
967 3297 1035 3358 viris

66 3393 133 3454 etin
148 3391 228 3454 eollo
243 3409 298 3472 pro
312 3389 464 3466 t'oerninis,
487 3387 538 3449 sed
554 3387 669 3449 ttituate
684 3403 844 3448 romanum
859 3385 916 3447 hoc
930 3387 1035 3468 prehi-

67 3479 115 3542 bet
129 3481 178 3542 his
190 3481 286 3542 verbis
302 3498 311 3540 ι
332 3479 427 3541 «Sive
443 3479 471 3538 in
485 3477 661 3538 mutieribus
676 3479 736 3537 sive
751 3475 781 3535 in
797 3475 878 3548 viris,
894 3477 949 3535 atie
968 3493 1033 3536 cer·

67 3592 82 3628 ιι
107 3571 192 3651 poris
207 3589 276 3651 pers
291 3587 344 3650 pro
356 3567 478 3628 renibus
491 3568 561 3645 ungi
579 3584 639 3628 non
654 3565 743 3626 vietret
756 3564 800 3644 a).
816 3585 831 3621 ιι
847 3563 953 3627 tinctio
966 3561 1035 3620 versi

72 3681 86 3718 ι
107 3661 220 3742 pedum
236 3678 297 3724 non
311 3667 354 3722 est
368 3656 405 3722 vie
417 3660 590 3720 necessitate
605 3653 794 3722 secturucnti.
816 3672 833 3710 ι
