2462 3972
396 279 482 330 cram
501 277 661 330 aurumne.
954 262 1012 326 ottt

64 375 140 442 bonis
158 379 217 458 iem
239 377 408 464 acquisitis,
433 377 487 442 aad
512 378 612 440 solium
633 375 842 460 acquirendis3
864 376 928 457 iam
950 379 1020 439 verd

63 465 132 528 bona
152 473 310 550 antequam
336 467 374 530 ab
396 465 530 528 ccclesia
560 465 776 546 acquirantur,
805 471 875 528 suut
897 464 1018 545 civilia,

63 553 184 635 adeoque
197 555 227 617 in
241 555 375 619 dominio
389 555 544 637 potestatis
561 553 714 616 saecularis
727 554 834 636 posite.
850 555 946 636 Ergo,
961 560 1017 617 eto

96 644 165 704 Num
178 644 375 727 respondetur
389 661 460 706 cum
474 645 511 705 lt.
527 641 565 704 de
578 643 616 704 Μ.
637 643 722 720 (tom.
738 646 768 721 2,
783 661 815 724 p.
830 645 900 715 355,
916 643 1018 707 instit.

59 729 116 810 jor.
130 735 222 811 conl:
241 732 430 814 oAEqualem
444 749 510 794 esse
523 730 703 810 injustitiam
717 730 875 812 spoliando
888 731 1020 813 aliquem

62 841 74 874 u
96 819 111 880 d
133 819 216 883 bonis
241 820 413 903 acquisitis,
437 826 489 882 aut
511 821 528 881 a
554 819 690 881 libertate
716 819 796 882 bona
818 819 1019 902 acquirendi,

62 929 73 962 o
95 908 208 988 quando
222 911 249 973 ei
264 909 416 992 competit.
437 911 472 969 Et
492 909 573 970 certa
594 910 693 971 Status
714 907 855 988 iniuriam
874 909 935 969 suis
950 927 1020 990 prc-

62 997 161 1076 opriis
183 999 327 1064 membris
345 997 483 1074 interret,
509 1015 571 1060 non
591 998 708 1059 tautbm
731 1015 783 1059 cos
804 996 960 1078 spoliando
983 997 1020 1059 ab

61 1105 73 1138 o
94 1085 257 1167 acquisitis,
285 1087 338 1150 scd
374 1087 412 1148 ab
444 1085 636 1167 acquirendis
662 1084 795 1148 indebite
819 1083 1019 1166 prohibendo,

61 1193 74 1228 n
94 1177 199 1256 quantd
216 1177 314 1259 magis
340 1174 428 1237 insert
448 1173 590 1237 Ecclesiae
610 1192 680 1256 quae
702 1173 837 1237 absolute
858 1177 904 1234 est
922 1172 960 1234 ab
985 1191 1022 1236 eo

60 1282 72 1315 n
95 1260 342 1344 independens»,
367 1269 397 1326 ct
416 1263 507 1326 etiam
525 1262 616 1325 habet
638 1264 656 1324 a
678 1263 809 1324 Domino
829 1261 908 1325 hauc
921 1267 1022 1344 potes-

61 1355 140 1412 tatem
160 1353 413 1437 indepcudeutem
428 1351 624 1433 acquirendi,
643 1357 781 1433 utsupra
804 1349 1023 1414 demonstravi·

60 1453 128 1500 mus.

93 1529 149 1591 Nec
162 1531 272 1594 iterum
291 1530 449 1610 objiciatur
467 1530 566 1612 legem
587 1528 821 1592 omortizoticnis
835 1547 896 1593 non
916 1529 1024 1594 cadere

62 1617 85 1678 in
105 1619 284 1697 Ecclesiam,
298 1623 369 1682 clun
383 1619 448 1700 ipsa
462 1638 524 1682 non
545 1620 584 1681 sit
603 1619 773 1698 subjectum
794 1619 1022 1701 prohibitionis,

60 1708 104 1770 sed
125 1709 154 1770 iu
174 1709 326 1788 subjectos
346 1708 457 1788 quibus
477 1707 654 1788 prohibetur
673 1725 712 1768 ne
732 1707 873 1769 Ecclesiae
894 1706 1025 1771 vendant

62 1795 98 1858 uel
117 1796 231 1860 donent
260 1796 325 1858 sine
350 1796 503 1876 potestatis
526 1795 677 1856 saecularis
705 1811 866 1856 consensu.
887 1827 927 1841 -
948 1797 1023 1858 Nem

60 1885 248 1966 respondetur
275 1884 374 1964 legem
403 1883 472 1944 lerri
499 1883 531 1944 iu
560 1881 694 1944 subditos
719 1883 834 1944 rationo
856 1886 888 1944 et
913 1883 1023 1948 intuitu

60 1973 189 2037 Ecclesiae
213 1973 352 2036 neultra
376 1971 500 2034 modum
526 1969 659 2033 ditescat.
687 1991 703 2030 o
725 1973 763 2032 Et
781 1971 881 2046 certe,
906 1971 1023 2054 inquit,

59 2083 71 2118 a
92 2065 225 2126 auem.
244 2061 320 2140 (ib),
331 2062 382 2142 qui
394 2060 554 2142 impediret
562 2058 727 2142 quominus
740 2058 894 2136 alimenta,
904 2059 1025 2126 abunde

60 2167 74 2206 a
92 2152 207 2230 debita,
230 2155 444 2233 praestarentur
465 2147 574 2226 alicui,
590 2148 622 2210 iu
639 2147 731 2212 istum
750 2154 830 2212 esset
845 2149 1024 2230 injuriosus,

66 2267 76 2298 a
93 2241 142 2304 etsi
157 2238 341 2323 prohibitio,
357 2255 419 2300 nou
434 2237 465 2298 in
479 2237 584 2315 illum,
601 2236 699 2300 sedin
719 2236 869 2301 debitores
881 2239 1001 2302 caderet
1016 2259 1023 2302 :

57 2345 72 2384 r
93 2346 162 2411 ergo
176 2333 208 2391 et
218 2329 269 2390 blc
282 2328 382 2402 Status
391 2343 464 2408 erga
475 2325 653 2388 Ecclesiam.
669 2347 685 2384 a

92 2421 178 2482 5264.
192 2418 292 2479 -1v.
305 2416 350 2476 Ex
363 2414 450 2476 dictis
463 2433 555 2496 supra
568 2413 667 2476 adhuc
681 2414 816 2495 sequitur
830 2413 913 2496 qudd
925 2416 1027 2480 nulla·

57 2509 138 2571 tenus
151 2505 212 2570 dici
230 2509 327 2588 potest
345 2501 515 2571 dominium
536 2503 686 2564 bonorum
707 2501 976 2566 ecclesiasticorum
989 2505 1025 2566 ad

57 2592 465 2677 Rempublicampertinere:
481 2590 615 2653 Ecclesia
628 2591 711 2652 enim
725 2596 771 2652 est
784 2590 915 2652 Societas
928 2593 1027 2654 omui·

57 2683 95 2744 nd
107 2681 226 2745 diuersa
239 2683 257 2742 a
271 2678 435 2762 Republica
448 2679 543 2755 civili,
560 2677 655 2740 tinem
668 2676 819 2740 diversum
832 2677 932 2754 habet,
948 2680 1027 2761 regi-

57 2785 186 2852 menque
200 2769 327 2830 omnind
339 2767 525 2830 distinctum.
542 2769 707 2848 (Lequeurr,
723 2780 757 2828 ιιο
767 2768 870 2844 acet.)

92 2861 184 2921 5265.
201 2859 247 2920 Na
260 2855 343 2918 dicus
356 2855 554 2917 intentionem
568 2854 750 2918 donatorum
771 2854 863 2918 titisse
880 2862 914 2919 ut
930 2857 1029 2918 domi·

58 2945 140 3008 nium
161 2946 314 3008 bonorum
337 2943 478 3005 Ecclesiae
497 2943 675 3006 collatorum
698 2944 792 3025 penes
818 2943 903 3007 ciuile
923 2945 1030 3026 guber-

58 3031 139 3096 nium
154 3038 344 3096 remaneret:
357 3049 427 3093 uam
437 3031 502 3093 haee
515 3033 641 3094 intentio
649 3032 776 3114 exprimi
790 3031 959 3112 debuisset,
974 3053 1030 3100 nco

57 3127 153 3201 potest
178 3121 323 3203 presumi
340 3137 376 3181 ex
397 3123 481 3200 parto
500 3118 701 3196 donatorum;
717 3121 830 3183 etenim
848 3121 890 3184 illi
908 3121 1031 3186 luerunt

56 3211 224 3292 saepissime
233 3207 1030 3292 Episcopi,clerici,monachi;porrdimprobabilaum·

58 3299 185 3361 nimiost
203 3297 366 3378 quddtales
374 3296 534 3359 donatores
543 3296 691 3360 volueriut
699 3297 869 3362 dominium
879 3299 1030 3363 bonorum

57 3387 93 3448 ub
106 3387 181 3468 ipsis
197 3383 338 3449 Ecclesia
349 3383 545 3464 elargitorum
555 3386 649 3467 penes
663 3385 845 3464 guberuium
860 3405 1029 3451 remanere.

61 3495 76 3532 o
96 3476 281 3556 Quisquis...
310 3476 447 3536 nostrum
477 3491 546 3536 suas
561 3490 615 3542 res
632 3473 774 3536 Ecclesiae
792 3473 892 3551 tradit,
917 3475 1033 3554 inquie-

57 3583 71 3618 ι)
97 3563 174 3625 bant
187 3562 326 3643 Episcopi
342 3569 371 3624 ct
390 3561 438 3622 alii
456 3561 487 3622 in
507 3561 638 3642 generali
657 3563 811 3622 Couueutu
835 3563 1029 3639 Wormatiaa,

59 3671 73 3705 a
98 3659 239 3732 tompore
249 3648 345 3712 Caroli
355 3648 455 3728 Magni
470 3689 478 3722 ,
494 3650 624 3710 Domino
637 3649 700 3711 Deo
713 3648 777 3710 ltleu
791 3645 892 3722 offert,
908 3645 1031 3726 suisque
