2416 3954
401 255 487 300 crana
508 256 665 302 saburrus.
950 241 1009 304 itib

86 373 103 412 ι
119 353 227 417 Primee
241 353 473 416 christianorum
487 353 637 430 ecclesiae,
652 353 751 434 iuquit
765 353 867 416 Devoti
882 353 949 433 (ia,
962 355 1008 436 §3

46 459 61 500 r
82 447 110 502 et
121 447 161 520 t),
176 442 327 523 simplices
340 449 369 504 et
384 441 509 504 modicae
523 443 614 504 tuisse
628 441 778 520 videntur,
789 443 893 524 quates
906 441 1005 505 videti.

47 548 62 587 a
82 535 127 590 oet
147 529 283 594 fidetium
306 538 464 612 paupertas
483 537 514 594 et
537 531 671 613 paucitas
690 549 727 594 ao
747 531 1007 594 formidolosorum

48 637 62 675 ι
82 623 250 700 temporum
272 620 348 682 ratio
368 619 556 700 patiebatur;
577 618 629 680 sed
650 623 738 682 aucta
761 619 898 682 fidelibus
919 628 1009 702 atque

47 723 61 764 r
83 705 280 770 oblationibus
293 707 443 786 Ecclesid,
461 715 491 771 et
504 707 634 770 extincta
647 706 803 768 Christiani
818 709 948 770 nominis
966 712 1010 770 in-

48 794 173 874 aridia,
205 795 309 859 muttae
338 814 443 877 eaeque
474 795 723 877 splendidissime
754 795 834 857 aedes
857 796 1009 860 edificatae

48 903 61 940 r
82 891 162 960 sunt;
178 889 370 948 accesserunt
382 884 485 947 Edicta
497 887 715 966 Imperatorum
730 881 769 945 de
782 881 902 966 templis
915 884 1010 947 ethni·

48 991 61 1028 ι
81 989 185 1034 eorum
198 973 231 1035 in
245 973 386 1036 ecclesias
399 973 645 1036 convertendis...

81 1063 169 1123 tusa.
191 1095 233 1109 -
252 1063 302 1125 Ili.
324 1083 340 1122 a
357 1063 450 1124 Vetus
463 1062 598 1124 ecclesiae
618 1062 715 1124 forma
728 1067 759 1123 et
772 1061 845 1124 situs
859 1079 922 1122 non
936 1079 1012 1122 sem·

48 1169 60 1204 i
81 1167 132 1228 per
152 1149 256 1213 idem:
278 1149 430 1214 interdum
452 1150 583 1230 oblonga
596 1159 678 1226 erat,
694 1169 730 1212 nc
744 1149 810 1211 navi
825 1149 946 1224 simitis;
961 1149 1012 1210 in-

48 1256 61 1292 »
82 1237 200 1300 terdum
222 1239 353 1302 rotunda
374 1245 427 1300 aut
448 1239 580 1320 plurium
603 1240 729 1300 laterum
750 1237 859 1300 autad
882 1236 1012 1299 sormam

47 1346 60 1380 a
82 1328 215 1390 erucis...
230 1327 371 1390 Ecclesiae
390 1326 494 1404 frons,
515 1335 547 1389 ut
571 1327 736 1408 plurimum
755 1325 794 1388 ad
816 1324 1012 1388 Occidentem

47 1435 60 1469 r
81 1415 246 1493 spectabam
260 1417 464 1478 sanctuarium
479 1415 517 1478 ad
527 1417 692 1492 Orientem,
705 1416 849 1498 quoniam
863 1417 965 1476 versirs

46 1523 59 1558 o
81 1503 241 1566 Orientem.
256 1503 407 1567 christiani
430 1523 533 1585 preces
553 1504 719 1567 tundebant
733 1503 871 1581 (Constat.
894 1505 1011 1583 Apost,

46 1611 60 1645 r
81 1590 130 1653 tib.
147 1597 181 1668 2,
197 1611 225 1656 c.
242 1597 307 1672 57);
331 1594 477 1674 sedsaepe
501 1611 600 1675 neque
621 1593 794 1670 Orientem,
816 1609 914 1672 neque
932 1593 1014 1653 Occi-

45 1701 59 1734 »
80 1678 220 1756 dentem,
243 1683 448 1745 sanctuarium
469 1682 647 1762 respiciebat
662 1700 671 1743 t
688 1689 717 1742 et
737 1683 808 1742 verb
827 1681 865 1742 ab
884 1679 1014 1759 antiquis

45 1789 59 1824 r
80 1771 287 1832 monumentis
307 1771 412 1852 quavis
430 1770 527 1834 iormt
547 1775 578 1831 et
591 1770 651 1831 situ
669 1770 803 1831 ecciesiae
821 1767 1011 1830 exhibentur.

80 1861 170 1920 trau.
203 1880 269 1922 o...
292 1859 449 1936 Ecclesia,
473 1858 641 1940 praesertim
665 1857 844 1938 ampliores,
879 1855 1015 1937 pluribus

46 1963 58 1998 o
80 1954 220 2008 constant
238 1947 420 2030 partibus..:
437 1955 536 2028 partes
550 1945 724 2020 interiores,
740 1963 778 2006 ex
792 1944 914 2026 antiqua
928 1944 1014 2006 disci·

45 2053 58 2086 u
81 2035 163 2112 ptimt
181 2045 267 2099 erant
289 2036 419 2098 northec
432 2037 492 2098 sive
505 2035 624 2117 ferula,
642 2033 782 2115 templum
797 2033 857 2095 sive
875 2034 967 2104 navis,
985 2041 1015 2096 et

46 2141 59 2176 a
82 2121 161 2184 terra
181 2126 244 2187 sire
265 2126 478 2188 mcetucrium.
503 2125 634 2188 Narthex
657 2129 721 2186 erat
743 2141 812 2204 pars
833 2122 964 2203 oblonga
985 2129 1015 2184 et

46 2232 59 2264 υ
82 2219 209 2291 angusta
223 2213 260 2275 ad
269 2214 360 2276 instar
369 2214 684 2288 ieruiae,btransvers0
693 2211 798 2274 frontis
811 2211 1015 2276 ecclesiaeibi-

47 2321 59 2353 o
82 2319 153 2378 que,
163 2299 1013 2378 dumsacraeconcioneshabebantur‚intideieshaeretici,

46 2407 60 2442 a
81 2389 288 2452 catechumeni
296 2399 326 2453 et
335 2393 529 2472 poenitentes,
541 2390 690 2453 audientes
704 2389 788 2464 dicti,
799 2387 1013 2450 consistebant.

82 2479 300 2541 »Narthecem
327 2480 494 2561 excipiebat
524 2498 594 2562 pars
623 2479 672 2539 itta
695 2476 828 2539 ecciesiae
855 2493 923 2555 quae
950 2493 1016 2554 pro·

47 2584 61 2618 a
84 2565 148 2645 prie
170 2567 318 2647 tempium
344 2587 379 2630 ac
405 2568 488 2630 naris
508 2567 688 2629 dicebaturr
708 2565 773 2626 haec
795 2569 829 2624 ut
850 2563 1016 2642 piurimhm

47 2673 61 2706 s
84 2652 229 2731 quadrata
240 2657 628 2738 erat,eamquetnarthece
640 2653 819 2734 separabant
829 2651 1016 2730 ligneaque·

48 2759 61 2794 a
84 2740 154 2802 dam
176 2745 319 2824 repagula
333 2747 433 2826 pervia
454 2747 567 2826 portis,
582 2760 658 2824 quas
672 2749 772 2821 portas
792 2739 934 2818 reptaret
953 2755 1016 2817 spe·

49 2845 63 2882 r
85 2828 180 2892 ciosas
203 2833 403 2912 appellabant.
424 2835 458 2895 ln
480 2831 611 2894 interiori
630 2829 721 2908 hujus
744 2826 835 2909 partis
854 2826 941 2903 loco,
965 2824 1016 2906 qui

50 2934 63 2970 a
86 2919 184 2980 statim
200 2920 376 3001 ingredienti
395 2921 593 2998 occurrebat,
608 2917 727 2980 stabant
745 2915 923 2998 poenitentes
941 2913 1017 2974 aab·

50 3019 64 3060 a
89 3007 184 3082 troti,·
207 3009 239 3070 in
266 3011 411 3091 superiori
435 3009 488 3091 qui
511 3016 575 3071 erat
600 3006 771 3070 sanctuario
800 3003 1016 3086 propinquior,

50 3111 64 3146 a
86 3094 269 3158 consistentes
278 3103 307 3159 ct
318 3097 420 3160 fideles
431 3097 706 3170 communicantes,
719 3101 747 3156 et
758 3093 787 3154 hi
806 3093 1019 3173 suumquique

50 3198 65 3234 r
88 3178 236 3246 habebant
251 3185 361 3258 iocum,
378 3205 476 3249 naeres
489 3185 664 3247 distinctum
678 3187 696 3246 a
710 3182 841 3256 feminis,
857 3181 1019 3259 uirginesb

51 3287 65 3322 n
90 3274 212 3350 nuptis,
247 3275 386 3338 monachi
410 3279 427 3338 'a
451 3275 656 3338 saecularibus.
686 3273 719 3333 ln
745 3270 844 3333 media
867 3270 933 3331 navi
957 3277 1020 3331 erat

51 3375 66 3412 r
91 3358 185 3434 orabo,
203 3361 260 3425 hoc
274 3372 319 3426 est
333 3365 416 3426 locus
429 3363 544 3436 editus,
567 3361 605 3424 ad
633 3379 726 3443 quem
741 3377 794 3441 per
808 3357 918 3438 gradus
936 3365 1019 3438 Ρθῑθ·

51 3463 67 3499 a
92 3441 138 3506 bat
153 3467 311 3524 ascensus,
328 3455 471 3535 incoque
486 3453 604 3514 stabant
616 3458 753 3512 cantores
767 3455 796 3509 et
811 3448 951 3518 lectores,
967 3443 1019 3522 qui
1083 3443 1087 3452 '

53 3550 68 3590 r
92 3532 234 3614 Epistotas
247 3549 336 3620 atque
353 3543 512 3623 Evangelia
535 3543 694 3620 tegebant,
707 3537 782 3598 etin
796 3553 833 3595 eo
846 3534 937 3594 etiam
951 3531 1018 3608 dap·

54 3638 70 3674 r
94 3628 157 3699 tpcc
170 3629 381 3692 recitabantur.
