2434 3940
171 179 228 246 att
390 197 526 245 annuam
545 199 646 246 sonus
665 199 746 247 runis
766 201 914 246 canonici.

171 298 248 359 inter
258 295 380 377 puberes
394 303 423 356 ot
443 295 603 376 impuberes
621 297 723 358 :inter
743 296 872 378 puberes
892 295 974 359 enirn
994 295 1092 360 validi
1109 303 1136 360 et
1212 355 1213 358 ,

172 387 248 447 licite
262 385 418 448 solvuntur
431 385 581 464 sponsalia
595 385 685 446 etiam
697 387 869 464 juramento
883 385 1011 462 firmata,
1026 387 1050 448 si
1066 386 1138 448 adsit

172 473 353 536 rationabilis
365 491 470 548 causa3
488 473 622 554 alioquin
638 474 695 537 boo
708 481 787 537 esset
800 475 915 538 veniale
927 493 935 536 ε
949 475 987 537 ita
1002 493 1139 538 commu-

172 567 248 625 niter
263 583 271 639 ;
287 567 317 624 et
335 561 393 623 boc
410 561 545 642 procedit
566 564 682 625 etiamsi
694 565 794 644 jurata
813 563 925 626 fuerint
938 563 1141 644 principaliter

172 651 203 714 in
223 652 369 714 honorem
384 651 454 728 Dei,
476 649 546 732 quia
566 652 773 730 iuramentum
795 653 826 714 in
845 652 976 714 favorem
994 652 1140 732 alicujus,

172 757 291 824 semper
309 739 435 803 includit
453 739 658 804 conditionem
677 741 705 803 si
725 741 787 824 ipse
806 750 953 824 acceptet,
973 740 1020 803 vel
1039 742 1068 802 si
1090 761 1142 802 non

172 829 317 892 remittet.

212 924 301 983 10111.
324 921 404 982 Inter
416 919 589 1001 impuberes
598 921 669 983 verb
680 939 742 982 non
757 919 914 982 solvuntur
927 918 1079 1002 sponsalia
1089 919 1142 980 uisi

173 1009 295 1091 quando
309 1008 365 1090 ipsi
386 1007 462 1070 fiunt
476 1009 606 1090 puberes
622 1029 629 1070 :
646 1009 697 1071 sed
718 1009 756 1072 ab
777 1028 840 1072 uno
861 1010 1002 1070 etiamen
1024 1016 1143 1071 contra-

173 1097 314 1161 bentibus
322 1098 434 1179 pubere
443 1097 522 1160 laeto
529 1097 601 1160 solvi
617 1105 759 1179 possunt:
771 1097 810 1160 ita
821 1116 889 1179 oap.
904 1097 945 1158 De
960 1096 1032 1166 illie,
1043 1096 1146 1158 dedes-
1214 1152 1215 1158 ,

172 1208 252 1271 pons.
266 1185 387 1269 irnpnb„
401 1185 452 1248 ubi
462 1185 571 1249 dicitur
583 1207 591 1247 ι
604 1187 659 1249 «Si
670 1187 753 1268 isqui
763 1187 890 1248 minoris
902 1185 996 1248 aetatis
1009 1194 1066 1262 est,
1075 1189 1144 1248 cbm

174 1299 189 1336 s
214 1275 250 1338 ad
265 1293 361 1337 annos
380 1275 446 1337 illos
466 1276 652 1357 (pubertatis)
672 1277 857 1356 pervenerit,
878 1275 1123 1338 reclamaverit...

174 1387 189 1424 a
211 1363 473 1444 judioioEeclesiae
487 1365 611 1445 (sponsi)
629 1371 768 1444 poterunt
781 1363 819 1426 ab
834 1363 962 1425 invicem
974 1363 1144 1444 separaris

175 1450 1148 1534 Sedstatim,idestposttriduum,reclamaredebetparsoupiens

175 1541 325 1624 sponsalia
338 1539 458 1601 dissolri
476 1559 483 1601 :
498 1539 579 1622 quod
595 1539 726 1604 triduum
742 1539 969 1623 intelligendum
984 1548 1041 1616 est,
1059 1545 1150 1603 nonii
1215 1593 1216 1614 ,

175 1637 311 1713 tempore
324 1627 489 1712 pubertatis
501 1628 635 1710 adeptae,
651 1629 730 1691 seda
744 1629 794 1691 die
807 1629 987 1711 cognitionis
1001 1630 1152 1712 privilegii
1215 1681 1216 1684 ,

176 1719 338 1784 resiliendi.
354 1721 398 1782 lta
406 1719 619 1791 communiter,
634 1727 664 1781 et
677 1719 880 1781 deduciturex
890 1719 954 1800 lege
969 1716 1064 1790 finali,
1080 1738 1150 1801 cap.
1215 1729 1216 1742 ¹

175 1811 220 1876 lie
240 1830 339 1874 errore
351 1808 450 1871 advoc.
469 1807 655 1872 Probabilibs
668 1816 770 1870 autent
784 1807 955 1870 reclamatio
973 1807 1064 1869 debet
1083 1825 1152 1871 esse

176 1907 310 1973 externa,
321 1897 494 1962 neosullicit
506 1897 659 1960 dissensus
671 1898 818 1971 internus,
827 1901 897 1960 cbm
912 1897 1028 1960 dicatur
1039 1898 1070 1958 in
1081 1915 1151 1980 cap.

176 1991 265 2051 citato
279 1989 322 2050 lle
332 1988 412 2050 iilis:
422 1989 487 2050 ciem
498 1987 712 2049 reclamaverit.
723 1989 739 2048 J
743 2004 778 2048 ns
792 1985 980 2048 rescindendi
997 1987 1154 2067 sponsalia

176 2078 330 2152 adimitur,
344 2077 369 2138 si
380 2083 448 2139 ante
459 2075 647 2157 pubertatem
661 2075 799 2156 adeptam
813 2075 921 2157 copula
934 2074 1156 2138 carnalisinter

176 2166 350 2248 impuberes
363 2166 493 2250 perfecta
502 2163 591 2226 suerit
605 2166 686 2247 (cap.
697 2167 734 2242 8,
745 2163 780 2226 de
791 2164 919 2246 despom.
929 2163 1062 2247 impubi.
1075 2166 1158 2227 Con·

177 2257 346 2320 trovertitur
359 2263 460 2318 auten
473 2273 512 2317 an
520 2253 671 2335 sponsalia
682 2253 877 2334 impuberum
888 2255 1003 2337 possint
1011 2253 1155 2332 dissolri,

177 2346 202 2409 si
216 2346 328 2408 luerint
338 2348 509 2424 juramento
528 2342 665 2405 lirmata:
685 2341 752 2404 vide
763 2344 794 2405 S.
809 2343 874 2424 Lig.
886 2391 895 2420 ,
906 2341 957 2404 lib.
973 2346 1009 2419 6,
1026 2353 1060 2404 n⁰
1075 2345 1155 2418 856;

177 2435 298 2498 Cardin.
314 2433 425 2514 Soglia,
439 2431 515 2495 Inui.
528 2431 596 2512 jur.
607 2432 705 2514 prin,
723 2431 742 2512 ἓ
760 2432 902 2514 113,ᾳυί
918 2431 1159 2513 probabiliorem

176 2523 450 2587 vocatsententiam
464 2528 637 2602 negantem,
648 2521 688 2584 ob
701 2522 907 2584 auctoritatem
916 2521 1001 2582 Alex.
1016 2521 1066 2592 Ill,
1083 2539 1156 2602 rap.

178 2615 232 2677 Ee
246 2612 368 2690 titteris,
382 2610 416 2674 de
430 2610 535 2694 Spons.
547 2619 576 2671 et
586 2610 694 2686 Mota,
703 2611 790 2690 cujus
800 2612 959 2672 Decretum
973 2627 1036 2670 non
1047 2609 1158 2691 proba-

177 2703 509 2768 turiuisserevocatum
518 2698 1161 2784 perDecretalemLuciilll,iocap.Requi·

177 2794 266 2864 sivit,
283 2792 352 2855 eod.

218 2887 308 2946 1019.
317 2915 357 2928 -
369 2883 406 2942 ll.
423 2884 485 2944 Per·
507 2879 773 2961 supervenientium
784 2878 986 2962 impedimenti
995 2877 1160 2942 Matrimo-

178 2971 261 3032 nium
273 2968 453 3030 dirimentis.
465 2969 587 3030 Gertum
596 2977 640 3031 est
649 2987 702 3051 per
715 2967 888 3048 hujusmodi
902 2967 1160 3050 impedimentum

179 3057 330 3142 sponsalia
344 3053 464 3118 dissolui
478 3065 608 3138 exparte
621 3057 802 3135 innocentis,
815 3058 899 3120 itaut
914 3058 968 3119 istc
979 3076 1041 3120 non
1054 3064 1162 3120 tenea·

179 3154 229 3210 tur
239 3145 394 3209 admittere
408 3143 677 3225 dispensationem
688 3153 718 3209 et
731 3145 769 3208 ad
783 3145 841 3209 boc
850 3147 1014 3227 requiritur
1027 3146 1082 3208 sed
1096 3143 1154 3208 sui·

180 3235 243 3298 licit
255 3234 335 3298 fama
352 3232 577 3315 impedimenti,
599 3253 662 3297 non
676 3236 746 3297 verb
764 3235 874 3298 sufficit
893 3236 973 3298 illius
987 3253 1093 3298 rumor
1108 3239 1162 3312 (ex

180 3341 247 3405 cup.
265 3322 337 3384 Ciam
353 3323 384 3382 in
401 3321 466 3395 tuti,
482 3320 671 3404 despons.,et
685 3342 751 3406 cap.
763 3324 861 3406 Super
874 3343 917 3398 eo,
932 3323 967 3386 de
982 3323 1159 3405 Consano.)-

181 3409 277 3473 It'umu
298 3418 343 3471 est
360 3415 462 3472 autem
480 3409 603 3490 quando
621 3411 705 3472 adest
722 3412 824 3494 opinio
847 3412 1054 3494 impedimenti
1073 3407 1164 3494 apud

181 3501 327 3580 majorem
342 3507 456 3581 partem
469 3498 601 3576 viciniae,
610 3519 711 3560 mmor
723 3500 846 3582 quando
855 3501 936 3584 apud
945 3501 1109 3564 minorem.

221 3600 311 3663 tom.
323 3595 426 3670 Quoad
439 3601 600 3680 somniem
613 3613 662 3659 ros
670 3596 813 3662 astdubia
826 3617 834 3660 s
846 3599 1041 3666 communius
1049 3604 1160 3662 tamen
