2434 3940
393 187 481 236 ntrrn
500 189 661 239 saturnus.
946 185 999 245 tn

68 288 181 346 restet
199 284 287 349 modd
308 286 396 348 etiam
414 291 519 364 utitur,
535 287 625 351 luerit
640 305 760 372 semper
778 290 1004 368 commendam

67 373 235 437 amanitestlr
248 373 390 437 refellitur
409 378 507 438 manis
521 394 628 440 eorum
647 379 812 454 calumnia,
832 382 884 464 qui
903 385 1006 446 eamd

65 483 78 519 r
95 462 1006 554 dirinomandatoalienametinventumhumanumesse‚atqua

65 572 76 608 a
95 553 108 613 t
128 553 255 616 Patribus
268 553 299 617 iu
319 555 452 618 Concilio
465 555 658 623 Lateranensi
681 559 870 642 congregatis
888 560 1005 624 initium

64 641 235 722 imbuisse,
262 643 371 707 docere
398 663 460 708 non
487 653 670 709 verentur.»
698 681 738 694 --
760 648 873 712 Deinde
901 649 1007 712 eadem

64 731 86 792 S.
100 733 224 813 synodus
238 733 314 812 (edd.
331 753 418 809 sess,
438 752 507 798 can.
523 739 553 812 7)
571 734 614 797 sic
627 734 723 798 dictos
737 746 870 800 errantes
883 737 1007 800 anatlie-

64 829 124 884 nate
136 823 255 906 perculit
268 845 276 886 :
289 846 305 882 r
319 824 350 886 Si
364 824 432 906 quis
442 825 592 906 negaverit
604 823 829 888 confessionem
841 843 1009 888 sacramen-

62 931 73 966 υ
91 911 167 975 talem
179 913 223 974 rel
239 913 404 976 institutam
414 914 457 976 vel
469 914 506 976 ad
516 915 643 976 salutem
654 915 853 977 necessariam
865 933 930 977 esse
940 915 1008 994 juro

62 1021 73 1056 n
90 999 196 1080 dirin03
212 1011 263 1066 aut
276 1002 385 1066 dixerit
399 1002 524 1065 niodum
538 1003 824 1067 secreldconlitendi
839 1003 894 1066 soli
910 1021 1008 1066 sacer-

62 1111 72 1146 r
90 1089 154 1167 doti,
169 1111 259 1175 quem
269 1092 401 1156 Ecclesia
416 1091 703 1155 Catholicaabinitio
714 1111 834 1176 semper
844 1093 1008 1156 observavit

61 1185 112 1242 rel
127 1182 275 1260 observat,
295 1181 428 1244 alienum
451 1199 516 1244 esse
545 1182 584 1244 ab
604 1182 791 1245 institutione
817 1188 847 1245 et
867 1180 1007 1245 mandato

61 1291 71 1326 i
90 1271 192 1349 Christi,
207 1279 237 1334 et
250 1274 408 1335 inventum
422 1289 488 1334 esse
501 1269 670 1334 humanum
686 1290 694 1332 :
710 1271 870 1334 anathema
883 1272 931 1334 sit.
942 1293 956 1328 n
968 1305 1007 1318 -

61 1359 130 1422 Error
147 1368 245 1424 autem
263 1361 314 1424 blo
335 1361 510 1443 profligatus
531 1363 632 1442 aperte
654 1361 831 1444 exprimitur
851 1361 883 1422 in
896 1360 1006 1424 Dictio-

60 1451 124 1512 nario
137 1453 244 1514 Gallico
260 1450 458 1526 Beselerelle,
474 1459 504 1512 ν’
520 1449 698 1532 Confessicn.

87 1539 159 1604 Circa
172 1540 326 1624 praelatam
340 1539 537 1622 quaestionem
559 1539 676 1603 consuli
699 1545 827 1622 possunt
839 1539 1006 1604 auctorest

58 1627 139 1694 ceroti
150 1631 229 1696 citati
239 1631 309 1712 (lib.
321 1631 414 1702 amit
429 1633 464 1710 2,
480 1637 552 1692 sect.
568 1631 617 1704 IV,
633 1629 652 1709 ξ
667 1629 761 1708 Lxx,
776 1637 846 1692 reto
859 1631 912 1709 2⁸).

473 1808 492 1890 ς
510 1811 546 1872 n.

324 1936 369 2002 tte
382 1935 506 2000 dotibus
521 1936 727 2019 confessionis.

81 2085 159 2147 llll.
167 2081 278 2149 Plures
286 2081 372 2146 dotes
386 2083 495 2148 habere
508 2085 598 2149 debet
606 2087 758 2152 consessio
769 2095 1003 2176 sacramentalis,

55 2181 120 2249 aaut
131 2174 233 2238 videre
247 2180 295 2236 est
308 2173 388 2256 apud
402 2175 577 2258 tlreologos3
594 2180 746 2261 praecipua
759 2200 795 2244 ex
809 2181 856 2246 his
869 2191 916 2246 est
925 2185 1003 2250 inte-

58 2262 139 2334 gritas:
154 2265 192 2327 de
206 2270 245 2327 ea
259 2263 431 2326 conditione
447 2265 535 2328 nobis
547 2273 593 2329 est
607 2268 719 2349 aliquid
738 2269 901 2336 dicendum
918 2293 925 2336 :
942 2294 1005 2338 oer-

58 2358 98 2414 tun
116 2363 159 2417 est
173 2356 246 2435 Jure
265 2353 367 2417 divino
392 2355 617 2419 contessionem
642 2359 790 2442 integram
810 2381 874 2425 esse
894 2363 1004 2428 debere

54 2445 128 2518 moad
146 2445 286 2527 species,
308 2461 468 2506 numerum
483 2452 514 2507 et
534 2445 771 2512 circumstantias
790 2459 1001 2532 peccatorum,

51 2530 133 2596 saltem
142 2536 279 2617 speciem
288 2541 435 2595 mutantes
445 2582 452 2608 ,
464 2537 612 2616 quantiam
627 2539 775 2618 omnitens
789 2541 940 2602 moraliter
953 2563 1005 2624 po-

51 2625 110 2683 last:
131 2625 160 2685 id
181 2629 301 2688 constat
320 2641 357 2684 cx
379 2641 447 2686 can.
464 2643 555 2706 supra
568 2626 660 2688 relato
674 2629 798 2690 Concilii
812 2630 949 2690 Lateran.
965 2633 1004 2692 tv

49 2710 143 2792 (lilii);
158 2721 188 2776 et
204 2733 243 2776 ex
259 2711 372 2775 Concil.
387 2712 521 2776 Trident.
534 2717 618 2789 (sess.
637 2720 692 2792 ll,
707 2735 776 2777 can.
791 2716 841 2794 Ἰ),
857 2715 909 2778 ubi
927 2715 1005 2778 dici-

48 2803 101 2864 lur:
119 2805 178 2867 aSi
193 2803 265 2886 quis
279 2801 386 2864 dixerit
400 2803 430 2864 in
446 2813 632 2867 sacramento
646 2803 832 2867 Poenitentiae
845 2803 883 2865 ad
897 2806 1005 2867 remis-

47 2890 187 2955 asionem
207 2899 401 2975 peccatorum
421 2897 623 2957 necessarium
645 2911 708 2956 non
735 2911 800 2956 esse
815 2893 884 2975 juro
904 2893 1004 2958 divino

44 2983 207 3046 rmntiteri
230 2981 334 3044 omnia
360 2989 390 3044 et
411 2981 528 3064 singula
551 2990 674 3066 peccata
692 2981 848 3062 mortalia,
874 3001 1005 3066 quorum

46 3089 57 3122 a
76 3075 219 3134 memoria
232 3069 418 3134 condebito
431 3079 461 3135 et
474 3072 609 3153 diligenti
623 3071 878 3154 praemeditatione
894 3073 1004 3138 habea·

46 3177 56 3212 a
75 3165 129 3238 tur,
144 3161 237 3224 etiam
247 3159 382 3238 occulta,
398 3167 510 3242 atquae
524 3161 900 3225 suntcontraduoultirna
914 3164 1005 3227 Deca-

46 3267 57 3302 a
76 3247 130 3332 logi
152 3255 323 3333 praeccpta,
344 3255 375 3312 et
393 3249 633 3314 circumstantias
650 3270 719 3335 qum
736 3251 851 3334 peccati
871 3253 1004 3335 speciem

44 3356 56 3393 r
75 3347 228 3404 mutam...
246 3358 254 3402 ι
270 3339 429 3402 anathema
442 3339 489 3402 sit.
505 3361 522 3400 r

76 3427 178 3500 Quoad
204 3429 444 3494 circumstantias
471 3428 571 3493 solum
597 3437 809 3512 aggravantes,
837 3441 1006 3496 controver-

45 3515 108 3578 titur
128 3527 232 3581 utrum
252 3519 289 3582 sit
311 3517 454 3601 obligatio
475 3518 539 3581 illas
561 3519 730 3602 explicandi
759 3521 790 3583 in
810 3521 1005 3585 confessione

46 3606 158 3686 quande
172 3614 242 3672 sunt
253 3605 425 3672 notabiliter
437 3617 648 3690 aggravantes3
663 3614 694 3671 et
707 3609 833 3691 ipsemet
845 3612 878 3672 S.
891 3611 1004 3684 Ligno·
