2474 3946
431 234 518 286 utto
538 225 697 282 stomata.
996 223 1055 285 tut

97 337 147 394 tale
161 332 261 416 positis
275 352 284 398 t
304 332 437 398 «Nullus
450 331 560 398 amodo
574 332 612 396 ad
626 329 773 396 secundas
791 329 1057 413 nuptias-migrare

96 441 109 480 ι
130 428 305 504 presumat,
325 421 424 487 donec
448 423 474 488 ei
495 431 606 486 coartet
627 421 710 503 quod
729 418 768 481 ab
785 418 843 488 hcc
864 420 924 482 vltt
945 421 1056 503 migra-

97 513 199 573 »rerit
218 513 330 593 coniux
352 514 428 594 ejus.
451 533 467 573 a
492 515 529 576 Et
551 511 609 574 lroc
627 509 771 594 quidem,
794 507 849 572 etsi
874 507 961 572 multi
984 511 1056 574 anni

98 601 257 664 ellluxerint
278 619 315 665 ex
334 601 384 665 die
403 619 465 684 quo
487 600 633 684 disparuit
652 599 779 678 conjux,
794 602 885 679 prout
897 597 1057 662 declaravit

97 689 160 750 olim
171 690 309 754 Clemens
322 693 375 769 lll,
390 709 458 773 cap.
479 693 531 764 ltl,
545 689 580 752 de
594 688 699 771 Speos.
714 695 744 750 et
758 687 852 750 Matr.
870 706 882 748 .·
899 689 1056 751 «Consul-

96 799 110 837 r
129 778 266 844 talioni...
290 785 350 844 tuae
363 779 580 862 respondemus
594 776 677 860 qudd
697 783 943 858 quantocumque
961 794 1056 840 anno·

96 886 193 930 orum
216 887 346 933 numero
366 869 406 932 ila
429 876 604 932 remaneant
617 865 785 941 viventibus
807 863 876 926 viris
898 865 971 943 suis,
996 885 1059 930 non

95 975 109 1016 a
129 965 249 1038 possum
261 959 299 1022 ad
314 959 443 1021 allorum
452 957 638 1020 consortium
651 954 799 1019 canonice
812 953 986 1030 convolare,
1002 973 1060 1020 nec

95 1065 110 1104 r
129 1048 301 1110 anctoritate
315 1047 455 1111 Ecclesia
466 1046 619 1129 permittas
632 1044 821 1120 contrahere,
836 1043 935 1104 donec
948 1050 1057 1106 certum

96 1155 109 1192 o
128 1136 261 1198 nuntium
278 1137 424 1219 recipiant
437 1135 475 1198 de
499 1141 594 1197 morte
614 1134 789 1196 virorum.»
808 1131 939 1212 Contigit
953 1134 1060 1214 reapse

95 1222 246 1306 aliquando
254 1231 300 1303 ut,
309 1235 375 1307 post
386 1227 496 1288 multos
506 1241 613 1292 annos,
624 1222 677 1284 viri
692 1221 743 1303 qui
759 1220 870 1283 mortui
882 1221 1059 1302 reputaban-

95 1319 151 1389 tur,
165 1313 203 1376 erl
222 1333 310 1378 suam
330 1316 493 1393 coniugem
516 1311 680 1374 redierint:
698 1311 742 1372 sic
760 1311 929 1373 narratura
944 1310 1057 1392 Bailly,

96 1401 144 1476 (De
157 1403 307 1480 lllotrim.)
319 1405 349 1467 t.
365 1401 498 1466 llaillerd
509 1401 681 1464 eduxorem
697 1416 785 1462 suam
798 1400 977 1481 remigrasse
993 1407 1061 1482 post

95 1493 129 1551 43
142 1510 247 1556 annos.
274 1490 321 1554 Cl.
338 1491 417 1567 App.
433 1487 497 1552 llll.

129 1585 215 1644 4244.
238 1582 393 1646 certitudo
406 1580 554 1644 moralislt
565 1580 633 1660 jure
647 1579 789 1663 requisita
799 1597 861 1642 non
871 1577 998 1641 habetur
1007 1599 1061 1661 per

95 1668 186 1732 solum
200 1689 357 1734 rumorem
373 1667 537 1752 publicum,
558 1670 615 1731 nisi
629 1671 731 1750 aliquo
744 1675 923 1748 argumento
937 1667 1062 1748 positivo

96 1757 239 1838 fulciatur,
259 1779 317 1823 nec
334 1777 387 1842 per
404 1760 529 1822 unicum
547 1767 653 1822 testem
671 1758 728 1820 nisi
743 1757 808 1818 aliae
822 1755 921 1817 adsint
941 1757 1061 1834 conjec-

97 1853 162 1911 turae
181 1850 218 1912 de
237 1850 351 1932 quillus
365 1849 458 1912 solius
480 1855 525 1911 est
546 1847 684 1929 Episcopi
710 1845 843 1925 judicare
867 1844 941 1925 qul,
963 1863 1062 1908 rema·

97 1945 178 2000 neote
191 1948 296 2002 tameo
311 1939 421 2015 dolio,
442 1955 505 2000 oon
519 1936 609 1998 debet
628 1933 862 1998 celebrationem
877 1933 1061 2002 matrimonii

97 2029 262 2104 permittere
276 2032 320 2106 (Ρ.
332 2031 426 2109 Gurg,
436 2035 511 2089 tom.
524 2029 554 2097 2,
567 2036 600 2086 o⁰
614 2027 704 2103 datm
722 2023 849 2106 graviter
866 2039 939 2105 ergo
958 2031 1062 2106 peccat

97 2117 153 2195 qui,
167 2117 231 2180 sine
246 2115 426 2180 certitudine
440 2115 538 2197 qualis
552 2113 608 2178 luit
620 2113 712 2176 roodd
732 2113 884 2194 exposita,
900 2112 1061 2178 matrimo-

97 2219 174 2269 mmn
183 2207 354 2270 contrahit:
373 2203 507 2268 indubio
520 2205 615 2281 enim,
626 2203 687 2266 sive
697 2203 822 2285 positivo
835 2203 897 2265 sire
911 2205 1060 2285 negativo,

96 2291 130 2354 de
142 2305 235 2360 morte
251 2293 359 2378 prioris
368 2292 517 2374 conlugis,
527 2291 660 2374 possidet
672 2293 755 2374 prius
768 2291 944 2372 conjugium
956 2295 999 2373 (S.
1011 2294 1061 2356 Li-

97 2400 187 2464 guor,
203 2386 258 2448 lib.
274 2388 310 2458 6,
326 2385 359 2447 o·
371 2387 426 2446 904
441 2429 450 2461 ,
465 2379 531 2444 ado.
548 2381 774 2459 l).-Validum
787 2387 889 2442 tameo
904 2389 982 2444 esset
996 2401 1060 2445 ma·

99 2473 267 2539 trimonium
280 2475 304 2537 si
319 2474 421 2536 reveri
432 2471 513 2553 prior
521 2471 632 2551 coniux
646 2471 731 2532 evitat
740 2469 910 2549 migrasset,
925 2477 1062 2553 tempore

98 2577 152 2641 quo
164 2563 246 2628 istud
260 2562 315 2626 luit
326 2562 444 2624 irritum.

130 2657 217 2716 lata.
243 2651 301 2714 Sed
316 2651 339 2714 si
357 2657 425 2732 post
437 2653 625 2712 contractum
639 2647 808 2710 secundum
822 2643 1060 2728 matrimonium,

98 2740 179 2804 etiam
194 2743 273 2805 oona
289 2740 349 2803 lide
364 2741 393 2803 io
410 2737 483 2803 iacie
499 2739 650 2812 Ecclesiae,
661 2741 833 2816 compareat
843 2732 926 2816 prior
939 2737 1062 2816 cooJ'ux,

98 2829 187 2893 statim
202 2829 459 2910 derelinquendus
473 2837 517 2890 cst
530 2825 700 2902 secundus,
715 2830 746 2886 et
759 2821 796 2884 ad
811 2822 942 2906 priorem
958 2830 1002 2886 est
1016 2843 1063 2888 re·

99 2915 265 2998 douodum;
279 2919 330 2980 llil
340 2926 441 2981 taoren
450 2916 580 2998 suscepti
590 2913 739 2976 haltentur
752 2917 786 2974 ut
800 2909 924 2994 legitimi
939 2912 970 2976 in
984 2919 1065 2979 utro·

101 3023 152 3086 que
165 3009 230 3072 loro
248 3009 353 3071 saltem
373 3026 409 3070 ex
428 3009 489 3070 una
504 3012 598 3089 parte.
614 3006 657 3066 lta
670 3005 826 3065 Innocent.
846 3001 902 3079 lll,
919 3019 986 3086 cap.
1008 3005 1065 3068 Ec

102 3102 190 3162 tenore
205 3101 256 3170 tt,
283 3097 340 3174 (lai
352 3095 414 3181 fito·
432 3095 494 3158 aiot
516 3092 666 3175 legitimi:
686 3099 716 3154 ct
732 3091 833 3154 Codex
852 3089 945 3156 civilis
962 3102 1065 3158 noster

100 3193 150 3249 art.
164 3191 241 3265 atta,
256 3187 343 3266 cujus
364 3183 640 3268 interpretationem
653 3181 754 3245 ridere
770 3187 815 3246 est
834 3182 915 3264 apud
932 3184 1064 3249 Touiller

100 3275 130 3350 (l.
144 3279 178 3353 l,
193 3286 228 3340 n·
240 3280 324 3352 666).

135 3369 222 3429 latii.
244 3365 366 3439 Querit.
383 3365 431 3427 An
451 3369 481 3427 et
498 3367 647 3445 quatenus
666 3362 776 3444 conjux
790 3363 885 3445 possit
897 3370 999 3447 petere
1012 3373 1064 3430 aut

101 3450 218 3517 reddere
226 3454 364 3517 debitum
376 3452 535 3535 coniugale
549 3452 581 3515 in
593 3451 689 3516 dubio
701 3450 740 3515 de
753 3459 850 3514 morte
868 3455 976 3536 prioris
990 3473 1063 3516 con·

102 3538 197 3622 jugis?

138 3631 224 3715 desp.
238 3636 361 3698 certum
380 3641 424 3697 cst
443 3630 540 3712 quod,
560 3630 687 3694 durante
700 3629 794 3692 dubio
817 3631 892 3706 (sive
907 3627 1064 3690 matrimo-
