2416 3954
198 185 259 252 tub
412 213 551 262 nannius
571 206 672 262 nonus
692 215 774 263 runis
794 213 944 262 annonam.

232 336 248 376 a
271 313 372 378 Tertia
392 317 422 375 et
444 312 550 376 intima
572 312 766 394 antiquarum
788 311 984 398 ecclesiamm
1008 329 1074 394 pars
1094 317 1145 374 arat

195 429 209 465 a
233 403 447 476 sanctuarinm,
473 401 555 484 quod
576 403 664 482 greci
689 401 769 464 mmo
789 400 997 483 appellabant;
1019 401 1095 464 iocus
1108 399 1146 461 hic

196 517 210 556 a
235 501 325 574 septis
348 493 409 554 sive
431 490 572 554 cancellis
594 489 804 566 muniebatur,
828 490 871 552 uti
890 509 1036 568 nnnc....,
1055 489 1145 552 nehi-

196 605 211 642 a
235 583 277 645 cis
291 579 328 643 ad
342 598 413 642 eum
427 586 541 662 pateret
553 578 667 656 aditus,
686 579 759 642 ciam
772 597 858 642 sacra
870 579 969 642 officia
983 577 1147 660 perageban-

195 692 211 729 a
238 677 303 746 tur;
322 668 447 732 cancelli
464 673 550 730 erant
571 666 697 750 portulis
718 667 832 748 pervii;
854 667 989 749 portulae
1013 673 1106 729 autem
1124 671 1147 726 et

196 780 211 819 a
235 758 331 839 spatia
351 756 554 820 cancellorum
568 755 633 818 vela
652 754 793 836 quedam
812 755 1005 837 obtegebant.
1020 759 1147 836 Suprema

197 868 213 908 a
237 865 307 928 pars
320 847 480 908 sanctuarii
494 843 571 926 apsis
584 843 758 919 dicebatur,
773 843 940 907 aedificium
953 843 1063 906 sciiicet
1077 841 1150 904 serni·

197 957 213 996 n
238 935 341 998 circuti
356 933 483 996 turmam
499 933 655 1007 exhibens,
666 932 718 994 uhi
732 932 859 996 thronus
868 931 1009 1015 Episcopi
1023 931 1149 1012 sedesque

198 1047 213 1086 a
238 1031 324 1088 erant
335 1042 387 1086 seu
403 1022 501 1085 throni
516 1021 770 1104 presbyterorum.

239 1135 255 1174 a
280 1117 313 1175 br
336 1111 436 1174 medio
464 1112 633 1174 sanctuario
655 1113 672 1172 b
703 1110 815 1192 parieta
841 1109 1016 1190 sejunctum
1036 1116 1094 1174 erat
1116 1106 1151 1170 ai-

200 1226 215 1262 a
238 1208 352 1264 tara...
380 1201 467 1262 Initio
482 1201 591 1280 lignea,
606 1207 640 1261 ut
653 1199 818 1281 plurimum
833 1207 919 1262 erant
931 1196 1151 1274 attariadetnna

200 1313 216 1350 a
240 1289 356 1370 lapidea
367 1288 442 1350 iacta
458 1295 566 1351 sunt...
581 1291 685 1352 Unum
695 1289 725 1350 in
737 1287 1151 1368 graecisecciesiisereteitare,

200 1401 215 1437 a
240 1379 283 1439 uti
300 1395 382 1438 nunc
396 1377 486 1439 etiarn
499 1383 558 1448 est;
575 1377 628 1438 sed
644 1377 726 1438 latini
742 1395 806 1456 Jam
819 1377 890 1440 inde
903 1376 942 1440 ah
955 1373 1154 1458 antiquissimis

201 1489 216 1524 a
240 1465 427 1546 temporibus
440 1465 526 1546 plura
541 1465 572 1526 in
587 1467 650 1526 una
664 1465 790 1528 ecclesie
804 1465 908 1529 altaria
924 1465 1034 1528 hebere
1047 1481 1154 1526 consue-

201 1577 216 1614 a
241 1561 358 1618 verunt.
373 1555 471 1616 altare
481 1554 638 1635 obtegebat
651 1555 777 1617 tintcum
787 1562 876 1637 atque
889 1553 1154 1617 ornabatciboriun

202 1666 218 1705 a
243 1643 312 1723 (hoc
325 1649 379 1720 est,
388 1643 601 1706 umbraculum
611 1641 699 1705 altibs
712 1642 855 1706 eductum
864 1661 925 1724 quo
939 1643 1075 1706 universa
1083 1658 1154 1702 saon

203 1756 218 1794 a
244 1750 348 1796 mense
359 1731 525 1813 tegebatur)
539 1738 569 1794 et
582 1750 655 1793 ceux
671 1734 702 1792 in
718 1750 755 1794 eo
769 1733 876 1810 stabat,
892 1737 923 1794 et
940 1733 1034 1813 prope
1047 1747 1153 1792 crucem

205 1845 219 1884 ι
244 1841 282 1886 ex
296 1819 752 1904 utroquelaterecandelabra...

244 1915 334 1974 4755.
366 1932 381 1971 a
416 1911 583 1973 Exteriores
610 1909 745 1972 ecciesiae
777 1915 876 1992 partes
906 1915 992 1974 erant
995 1956 1054 1974 .....
1087 1915 1154 1972 erte·

206 2021 221 2060 a
247 2001 340 2060 terior
362 2000 490 2060 northen
513 1999 564 2080 qui
588 1999 769 2061 vestibulum
791 2009 820 2061 et
833 1999 962 2078 atrium,
987 2001 1047 2062 sive
1071 2013 1155 2061 aream

204 2109 219 2146 a
244 2087 533 2168 comprehendebam
550 2087 724 2150 vestibulum
750 2095 812 2150 erat
825 2089 941 2170 primns
963 2089 1071 2167 aditus,
1094 2089 1156 2148 inter

204 2196 220 2235 a
244 2193 336 2256 quem
350 2173 587 2237 eteoclesiam...
602 2175 703 2238 media
719 2184 781 2238 erat
794 2197 864 2240 oreo
877 2177 938 2240 sire
950 2177 1157 2252 cantaminum

205 2287 220 2325 a
244 2261 356 2326 scilicet
371 2263 457 2341 cujus
471 2262 606 2326 medium
616 2265 672 2326 sub
686 2264 737 2326 dio
755 2271 833 2342 erat;
849 2265 941 2328 latera
953 2267 1024 2328 verb
1044 2271 1157 2348 quatuor

205 2373 220 2413 n
245 2351 407 2435 porticibus
429 2350 638 2434 cingebantur.
655 2357 747 2415 Erant
771 2354 802 2416 in
815 2354 916 2416 medio
935 2373 1022 2435 aquea
1036 2355 1157 2416 satiantes

207 2465 220 2502 n
246 2459 299 2504 seu
314 2442 395 2523 putei
410 2447 440 2504 et
461 2440 617 2518 canthari,
639 2451 690 2504 aut
714 2443 838 2505 conchae
853 2443 905 2505 uhi
928 2443 1085 2506 Christiani
1097 2453 1158 2503 tem

206 2555 221 2596 a
245 2532 329 2614 plum
345 2531 507 2612 ingressuri
523 2548 630 2592 manus
644 2537 674 2592 et
687 2549 722 2592 os
735 2531 886 2611 lavabant,
901 2533 983 2594 unde
996 2550 1068 2595 usus
1085 2545 1157 2613 aqua

206 2643 221 2682 r
246 2619 410 2683 benedicte
424 2619 604 2702 repetendus
618 2627 672 2681 est.

245 2713 335 2772 4756.
358 2731 373 2770 r
398 2709 510 2771 Caetera
543 2707 667 2769 aediticia
699 2707 816 2770 circum
838 2707 995 2772 ecclesiam
1024 2707 1158 2772 erindra-

206 2821 222 2860 n
246 2819 313 2860 rum
335 2799 458 2860 nomine
479 2795 679 2872 vocabantur,
706 2815 801 2876 eaque
825 2803 911 2858 erant
936 2797 1156 2878 baptisterirm,

206 2907 222 2947 n
246 2887 433 2948 secretarium
444 2884 504 2947 sive
518 2884 694 2958 diaconicon,
704 2883 933 2967 pastophoriam.
947 2886 1052 2958 schola,
1069 2885 1157 2947 biblio·

207 2997 222 3034 υ
248 2975 340 3036 theco.
365 2973 582 3053 Baptisterinm
605 2980 668 3034 erat
690 2973 760 3036 satis
780 2974 916 3055 amplum
939 2975 1112 3050 aediticium,
1131 2988 1159 3032 ao

208 3085 223 3122 a
247 3061 364 3122 duabus
383 3061 538 3121 constabat
558 3061 715 3142 partibus:
736 3062 882 3125 vestibulo
905 3063 1013 3146 inquo
1035 3063 1156 3128 catecbn·

208 3171 223 3209 a
247 3148 328 3210 moni
352 3147 627 3212 abrenuntiationes
641 3150 830 3228 emittebant,
855 3170 891 3214 ac
913 3151 1005 3216 domo
1020 3149 1151 3216 interiori,

209 3259 224 3297 a
250 3237 281 3297 in
304 3239 365 3316 quh
385 3235 475 3297 fiebat
492 3237 625 3311 ahtutio,
649 3240 783 3319 ritusque
796 3239 895 3302 caeteri
910 3241 942 3302 in
957 3241 1103 3324 Baptismc
1115 3237 1158 3300 ad·

207 3346 223 3384 a
247 3323 330 3384 hihiti
344 3325 572 3402 peragebantur.
590 3325 791 3388 Secretarinm
808 3329 869 3392 sive
883 3328 1074 3404 Diaconicoa,
1088 3329 1159 3388 locus

208 3431 223 3470 a
248 3418 311 3471 erat
333 3410 443 3490 inquo
464 3429 547 3472 sacra
561 3412 753 3492 indumenta,
775 3434 844 3479 vasa
857 3435 893 3480 ac
913 3419 1029 3502 reliqna
1042 3415 1159 3480 ecclesia

209 3519 223 3556 a
248 3497 381 3576 supellex
395 3497 597 3558 servabantur.
614 3501 839 3583 Postophorr'um
853 3507 993 3586 generate
1007 3523 1111 3568 nomen
1124 3509 1161 3563 est

209 3605 224 3642 n
249 3601 310 3668 quo
328 3584 422 3646 multa
435 3583 659 3666 significantur,
674 3591 727 3651 sed
738 3597 771 3652 ut
784 3591 949 3673 piurimbm
962 3590 1159 3668 designatedi·
