2434 3940
194 195 251 258 ΠΒ
415 175 553 255 ramme
572 204 673 252 rorros
692 201 774 250 roms
796 201 945 250 crnomer.

194 329 324 392 quterram
339 304 532 383 interrogatio
545 310 587 364 est
603 301 659 362 ista
672 319 758 381 qoam
773 298 848 380 sacis
858 297 945 362 r-Si
956 298 1033 363 dirm
1054 301 1202 364 missam

194 399 341 473 celebrat,
356 396 394 458 alr
408 393 458 456 illo
477 399 590 474 peteret
609 391 745 452 minister
766 406 805 449 an
823 387 861 450 sit
883 389 1027 470 ponende
1045 388 1202 454 formula

195 507 250 570 pro
262 482 479 549 communione
499 476 670 562 poenitent'rs
688 495 778 559 quem
803 476 917 539 audivit
933 485 1004 542 ante
1028 480 1201 546 missam.

195 575 375 657 respondeat
391 569 609 634 confessariusz
625 567 776 648 interroga
791 565 887 648 riorum
900 586 939 626 cn
955 567 1029 630 velit
1045 587 1202 630 commc-

196 665 296 726 m'rare
308 665 351 742 (S.
366 661 502 742 Lignor,
518 657 569 720 lib.
585 661 615 736 6,
629 670 662 718 m
675 655 840 734 otor-si
853 655 892 717 ob
910 654 974 736 ipso
990 654 1202 720 confessario

197 761 314 837 petetur
328 749 474 814 attestatio
484 747 592 828 scripta
603 744 799 826 anpoenitons
809 741 897 806 luerit
906 743 1084 818 confessus,
1096 746 1201 812 debet

197 843 279 905 illam
303 838 486 913 concedere,
512 833 673 897 asserendo
696 833 839 896 duntaxat
863 831 946 894 illum
968 831 1140 898 audivisse
1171 839 1201 900 in

198 930 397 1004 confessione,
410 925 481 988 nilril
490 923 617 986 dicendo
627 923 665 985 tle
678 927 822 985 concessrt
835 921 1035 1000 absolutione,
1055 943 1101 986 ne
1118 926 1199 990 inrli

199 1020 297 1102 colligi
324 1024 423 1100 posset
447 1013 534 1076 alicui
553 1013 644 1074 luisse
662 1011 840 1093 denegatam
859 1010 981 1092 quando
1002 1013 1139 1077 mentio
1161 1017 1200 1080 de

199 1113 307 1172 elnon
322 1108 364 1169 tit.
381 1109 425 1184 (P.
443 1105 524 1184 Gory
537 1152 545 1180 ‚
560 1108 634 1163 tom.
651 1107 689 1179 2,
705 1110 738 1162 n⁰
753 1101 840 1181 505.)

239 1199 328 1260 3903.
343 1231 383 1242 -
397 1201 428 1255 7⁰
443 1195 519 1255 Cirm
534 1191 564 1252 in
580 1189 712 1252 levorem
734 1189 905 1272 penitentis
928 1189 1069 1254 institute
1096 1192 1200 1258 suerit

200 1285 341 1367 obligatio
356 1281 462 1365 sigilli,
478 1280 515 1342 od
530 1280 612 1341 illam
627 1281 689 1360 ipse
706 1279 877 1360 poenitens,
895 1277 978 1362 juxta
993 1287 1198 1348 sententiam

201 1373 401 1437 communiter
415 1376 586 1452 receptam,
612 1381 674 1430 non
691 1368 885 1450 astringitur,
910 1369 1051 1449 quamvis
1078 1377 1198 1436 tamen

200 1461 237 1525 nd
248 1469 396 1526 secretum
408 1459 541 1522 naturale
557 1465 702 1531 teneatur,
714 1475 752 1518 ne
762 1455 943 1519 confessario
956 1457 1121 1522 damnum
1139 1465 1199 1524 olr-

200 1551 346 1616 venietoh
356 1547 603 1612 eonsiliunrabeo
615 1545 791 1628 praestitum.
802 1545 844 1624 (S.
854 1546 932 1628 Lig.‚
943 1547 1037 1624 libo,
1050 1551 1088 1608 n⁰
1103 1553 1198 1628 Gli.)

239 1643 314 1703 item
328 1645 358 1702 et
371 1643 491 1720 propter
500 1633 638 1697 eamdem
653 1634 811 1708 rationem,
829 1653 890 1696 non
902 1635 1028 1696 violatur
1044 1636 1196 1718 sigillum

200 1729 322 1814 quando
336 1725 536 1790 confessarius
548 1724 680 1804 loquitor
693 1723 731 1786 de
746 1723 854 1786 auditis
864 1723 894 1784 in
906 1723 1108 1789 confessione
1120 1747 1193 1792 cum

201 1819 372 1904 poenitentis
384 1816 520 1888 licentii,
536 1815 589 1875 etsi
608 1811 665 1875 hoc
679 1813 715 1875 sit
727 1812 1001 1894 periculosurn‚sed
1010 1817 1194 1897 requiritur

202 1917 234 1971 ut
248 1909 417 1990 poenitentis
431 1903 548 1967 licentia
558 1903 594 1964 sit
605 1907 636 1963 l⁰
650 1901 782 1964 formalis
796 1909 825 1964 et
838 1921 978 1985 expresse
994 1921 1002 1963 τ
1018 1905 1117 1969 unde
1129 1928 1191 1972 raon

201 1997 309 2059 sufficit
324 2001 523 2077 praesumpta,
546 1993 653 2069 tacita,
679 1993 919 2074 interpretatira;
935 1997 968 2054 2⁰
981 1997 1015 2055 ut
1030 1993 1072 2056 sit
1090 1996 1195 2064 libere

201 2105 237 2148 ec
250 2094 433 2166 spontanea,
451 2099 512 2143 non
526 2080 573 2158 ri,
590 2081 718 2161 injurio,
734 2081 804 2143 dolo
815 2129 824 2160 ,
834 2083 880 2144 rel
895 2083 986 2144 etiem
1001 2102 1058 2163 per
1072 2103 1195 2167 preces

201 2173 388 2254 importunas
410 2176 539 2247 extorta,
558 2171 605 2232 rel
626 2189 678 2252 per
700 2179 814 2233 metum
834 2171 1063 2256 reverentielem
1087 2175 1194 2258 ipsius

200 2261 373 2326 confessarii
397 2261 518 2323 obtento
540 2277 547 2322 r
568 2260 740 2340 hujusmodi
756 2261 882 2323 licentiae
896 2262 956 2344 peti
977 2280 1041 2323 non
1066 2264 1195 2332 delient

202 2352 258 2414 nisi
272 2370 308 2414 ex
323 2349 490 2413 rationabili
504 2353 605 2426 causo,
615 2357 644 2411 et
654 2349 761 2412 mclilrs
771 2350 966 2414 estinducere
977 2351 1191 2434 poenitentern

202 2447 234 2504 ot
247 2447 328 2504 extre
347 2439 566 2502 contessionem
591 2439 641 2500 det
659 2439 830 2518 licentiam;
846 2443 879 2503 3⁰
895 2459 955 2503 non
979 2447 1086 2504 temen
1104 2465 1192 2528 opus

201 2537 245 2593 est
258 2537 292 2594 ut
305 2530 416 2612 scripto
429 2529 527 2606 dolor,
538 2533 568 2590 et
578 2529 608 2589 in
623 2529 715 2590 dubio
729 2529 829 2610 potiirs
843 2529 1029 2592 credendum
1045 2539 1097 2594 est
1113 2555 1190 2598 con-

200 2619 322 2683 lesserio
336 2621 428 2701 quiam
442 2617 614 2700 poenitenti3
631 2625 839 2699 potestantem
857 2618 921 2681 dari
939 2618 1074 2696 iecto‚v.
1095 2643 1144 2705 g,
1161 2627 1186 2687 si

200 2711 350 2792 poenitens
363 2717 445 2771 extra
455 2707 675 2770 contessionem
688 2706 899 2790 incipiatloqui
911 2727 982 2770 cum
990 2707 1188 2776 confessario

1 2820 3 2826 ’
45 2873 52 2880 .
89 2825 154 2844 *···-
199 2799 237 2862 de
250 2799 335 2862 dictis
350 2799 380 2860 in
394 2797 594 2860 confessione.
610 2798 641 2859 S.
658 2796 780 2874 Lignor.
796 2797 954 2876 (lib.6,n⁰
969 2801 1054 2878 ool.)

240 2891 328 2949 3904.
351 2888 431 2962 imo,
447 2886 512 2946 sine
527 2885 646 2948 lieentia
658 2933 667 2963 ‚
681 2885 881 2949 contessarius
896 2894 993 2968 potest
1008 2887 1186 2970 leonicum

201 2973 374 3059 poenitenti,
389 2973 466 3035 intre
480 2973 630 3052 tribunal,
652 2973 689 3036 de
713 2977 842 3056 peccatis
863 2983 950 3038 antee
964 2977 1003 3038 eb
1017 2979 1087 3060 ipso
1103 3001 1185 3044 con-

200 3065 303 3142 fesso,
320 3061 410 3126 modo
425 3061 499 3125 adsit
509 3062 591 3141 justo
606 3063 737 3126 utilitatis
750 3081 850 3128 cause.
866 3067 908 3144 (S.
926 3065 1062 3150 Lignoc,
1080 3069 1138 3135 lib.
1148 3076 1180 3150 o,

201 3157 235 3214 n·
248 3155 330 3232 653.)

239 3244 327 3304 turta
340 3241 519 3302 sententiam
533 3243 814 3307 communissimam
834 3251 865 3308 et
885 3245 974 3328 longe
989 3247 1179 3330 probabilio-

200 3349 283 3408 rem,
298 3328 498 3393 confessarius
515 3329 638 3394 violaret
660 3335 813 3416 sigillum,
836 3335 997 3399 asserendo
1020 3337 1051 3400 in
1071 3341 1177 3420 aliquo

200 3418 287 3494 loco,
303 3418 403 3499 grevia
416 3425 534 3499 peccate
549 3422 729 3502 perpetrari,
748 3441 817 3505 quae
832 3427 895 3507 ipse
909 3425 1037 3489 audierit
1051 3427 1083 3490 in
1100 3449 1175 3492 con-

198 3506 346 3570 sessione:
360 3505 418 3567 hoc
430 3513 531 3568 tamen
546 3509 668 3591 intelligi
677 3510 812 3576 debetrle
826 3513 936 3596 oppido
946 3533 1047 3596 perro,
1060 3526 1135 3598 puta
1147 3517 1172 3582 si

1 3585 24 3639 ἑὲ
86 3637 88 3639 -
200 3611 263 3657 non
276 3599 391 3656 constet
404 3593 500 3657 tribus
513 3596 644 3660 millibus
662 3599 822 3666 hominum
835 3604 971 3683 circiter;
989 3623 1078 3668 secus
1102 3609 1171 3670 vero
