<?xml version="1.0" encoding="UTF-8"?>
<!DOCTYPE html PUBLIC "-//W3C//DTD XHTML 1.0 Transitional//EN"
    "http://www.w3.org/TR/xhtml1/DTD/xhtml1-transitional.dtd">
<html xmlns="http://www.w3.org/1999/xhtml" xml:lang="en" lang="en">
 <head>
  <title>
</title>
<meta http-equiv="Content-Type" content="text/html;charset=utf-8" />
  <meta name='ocr-system' content='tesseract 3.04.00' />
  <meta name='ocr-capabilities' content='ocr_page ocr_carea ocr_par ocr_line ocrx_word'/>
</head>
<body>
  <div class='ocr_page' id='page_1' title='image "./manualetotiusju00craigoog_0581.png"; bbox 0 0 2420 3968; ppageno 0'>
   <div class='ocr_carea' id='block_1_1' title="bbox 215 13 1089 313">
    <p class='ocr_par' dir='ltr' id='par_1_1' title="bbox 215 13 1200 313">
     <span class='ocr_line' id='line_1_1' title="bbox 1011 13 1089 65; baseline -0.026 2"><span class='ocrx_word' id='word_1_1' title='bbox 1011 13 1043 51; x_wconf 65' lang='lat'>&#39;&#39;-</span> <span class='ocrx_word' id='word_1_2' title='bbox 1078 42 1089 65; x_wconf 81' lang='grc' dir='ltr'>ι</span> 
     </span>
     <span class='ocr_line' id='line_1_2' title="bbox 215 249 970 313; baseline -0.015 0"><span class='ocrx_word' id='word_1_3' title='bbox 215 249 274 313; x_wconf 78' lang='lat' dir='ltr'>stt</span> <span class='ocrx_word' id='word_1_4' title='bbox 435 261 575 310; x_wconf 76' lang='lat' dir='ltr'>utuntur</span> <span class='ocrx_word' id='word_1_5' title='bbox 595 260 697 308; x_wconf 86' lang='lat' dir='ltr'>renus</span> <span class='ocrx_word' id='word_1_6' title='bbox 718 261 800 306; x_wconf 80' lang='lat' dir='ltr'>runis</span> <span class='ocrx_word' id='word_1_7' title='bbox 821 259 970 305; x_wconf 76' lang='lat' dir='ltr'>cruorum.</span> 
     </span>
    </p>
   </div>
   <div class='ocr_carea' id='block_1_2' title="bbox 213 357 1202 2048">
    <p class='ocr_par' dir='ltr' id='par_1_2' title="bbox 215 357 1200 536">
     <span class='ocr_line' id='line_1_3' title="bbox 215 357 1200 448; baseline -0.008 -22"><span class='ocrx_word' id='word_1_8' title='bbox 215 364 326 448; x_wconf 88' lang='lat' dir='ltr'>pariter</span> <span class='ocrx_word' id='word_1_9' title='bbox 339 365 455 425; x_wconf 81' lang='lat' dir='ltr'>constat</span> <span class='ocrx_word' id='word_1_10' title='bbox 471 379 509 424; x_wconf 82' lang='lat' dir='ltr'>ex</span> <span class='ocrx_word' id='word_1_11' title='bbox 528 377 665 441; x_wconf 80' lang='lat' dir='ltr'>respons</span> <span class='ocrx_word' id='word_1_12' title='bbox 682 361 712 421; x_wconf 87' lang='lat' dir='ltr'>S.</span> <span class='ocrx_word' id='word_1_13' title='bbox 731 358 864 438; x_wconf 76' lang='lat' dir='ltr'><strong>Gregorii</strong></span> <span class='ocrx_word' id='word_1_14' title='bbox 880 357 918 418; x_wconf 94' lang='lat' dir='ltr'>ad</span> <span class='ocrx_word' id='word_1_15' title='bbox 932 359 964 418; x_wconf 86' lang='lat' dir='ltr'>S.</span> <span class='ocrx_word' id='word_1_16' title='bbox 990 361 1175 438; x_wconf 75' lang='lat' dir='ltr'>Angustia</span> <span class='ocrx_word' id='word_1_17' title='bbox 1199 367 1200 396; x_wconf 74' lang='lat'><em>³</em></span> 
     </span>
     <span class='ocr_line' id='line_1_4' title="bbox 215 446 1176 536; baseline -0.006 -24"><span class='ocrx_word' id='word_1_18' title='bbox 215 452 284 536; x_wconf 85' lang='lat' dir='ltr'>gliae</span> <span class='ocrx_word' id='word_1_19' title='bbox 296 449 485 533; x_wconf 83' lang='lat' dir='ltr'>Apostolum,</span> <span class='ocrx_word' id='word_1_20' title='bbox 500 450 517 512; x_wconf 72' lang='lat' dir='ltr'>b</span> <span class='ocrx_word' id='word_1_21' title='bbox 532 451 568 511; x_wconf 85' lang='lat' dir='ltr'>ll.</span> <span class='ocrx_word' id='word_1_22' title='bbox 583 448 675 512; x_wconf 57' lang='lat' dir='ltr'>llouix</span> <span class='ocrx_word' id='word_1_23' title='bbox 690 448 777 510; x_wconf 79' lang='lat' dir='ltr'>eitattr</span> <span class='ocrx_word' id='word_1_24' title='bbox 788 446 854 524; x_wconf 69' lang='lat' dir='ltr'>(td,</span> <span class='ocrx_word' id='word_1_25' title='bbox 866 466 896 527; x_wconf 89' lang='lat' dir='ltr'>p.</span> <span class='ocrx_word' id='word_1_26' title='bbox 915 451 995 522; x_wconf 76' lang='lat'>175).</span> <span class='ocrx_word' id='word_1_27' title='bbox 1012 447 1072 508; x_wconf 80' lang='lat' dir='ltr'>Sed</span> <span class='ocrx_word' id='word_1_28' title='bbox 1089 457 1176 508; x_wconf 75' lang='lat' dir='ltr'>notaio</span> 
     </span>
    </p>

    <p class='ocr_par' dir='ltr' id='par_1_3' title="bbox 214 535 1175 618">
     <span class='ocr_line' id='line_1_5' title="bbox 214 535 1175 618; baseline -0.007 -16"><span class='ocrx_word' id='word_1_29' title='bbox 214 539 326 602; x_wconf 73' lang='lat' dir='ltr'>saeculo</span> <span class='ocrx_word' id='word_1_30' title='bbox 349 537 467 601; x_wconf 86' lang='lat' dir='ltr'>sublata</span> <span class='ocrx_word' id='word_1_31' title='bbox 484 537 540 600; x_wconf 87' lang='lat' dir='ltr'>luit</span> <span class='ocrx_word' id='word_1_32' title='bbox 560 539 683 618; x_wconf 81' lang='lat' dir='ltr'>amiqua</span> <span class='ocrx_word' id='word_1_33' title='bbox 697 535 899 599; x_wconf 84' lang='lat' dir='ltr'>Ecclesiarum</span> <span class='ocrx_word' id='word_1_34' title='bbox 918 535 1022 598; x_wconf 80' lang='lat' dir='ltr'>Galliae</span> <span class='ocrx_word' id='word_1_35' title='bbox 1037 536 1148 617; x_wconf 78' lang='lat' dir='ltr'>liturgia</span> <span class='ocrx_word' id='word_1_36' title='bbox 1160 539 1175 606; x_wconf 85' lang='lat'>¹,</span> 
     </span>
    </p>

    <p class='ocr_par' dir='ltr' id='par_1_4' title="bbox 215 624 1176 701">
     <span class='ocr_line' id='line_1_6' title="bbox 215 624 1176 701; baseline -0.006 -11"><span class='ocrx_word' id='word_1_37' title='bbox 215 635 243 690; x_wconf 90' lang='lat' dir='ltr'>ot</span> <span class='ocrx_word' id='word_1_38' title='bbox 261 631 397 690; x_wconf 83' lang='lat' dir='ltr'>Romana</span> <span class='ocrx_word' id='word_1_39' title='bbox 412 626 525 689; x_wconf 84' lang='lat' dir='ltr'>ibidem</span> <span class='ocrx_word' id='word_1_40' title='bbox 539 626 595 689; x_wconf 86' lang='lat' dir='ltr'>luit</span> <span class='ocrx_word' id='word_1_41' title='bbox 608 625 794 701; x_wconf 86' lang='lat' dir='ltr'>introducta,</span> <span class='ocrx_word' id='word_1_42' title='bbox 810 632 840 686; x_wconf 90' lang='lat' dir='ltr'>et</span> <span class='ocrx_word' id='word_1_43' title='bbox 853 624 884 685; x_wconf 90' lang='lat' dir='ltr'>in</span> <span class='ocrx_word' id='word_1_44' title='bbox 900 630 964 686; x_wconf 92' lang='lat' dir='ltr'>toto</span> <span class='ocrx_word' id='word_1_45' title='bbox 979 625 1118 688; x_wconf 80' lang='lat' dir='ltr'>Romano</span> <span class='ocrx_word' id='word_1_46' title='bbox 1130 627 1176 688; x_wconf 91' lang='lat' dir='ltr'>lu·</span> 
     </span>
    </p>

    <p class='ocr_par' dir='ltr' id='par_1_5' title="bbox 214 713 1176 799">
     <span class='ocr_line' id='line_1_7' title="bbox 214 713 1176 799; baseline -0.002 -23"><span class='ocrx_word' id='word_1_47' title='bbox 214 716 298 796; x_wconf 90' lang='lat' dir='ltr'>perio</span> <span class='ocrx_word' id='word_1_48' title='bbox 310 715 504 792; x_wconf 85' lang='lat' dir='ltr'>confirmata;</span> <span class='ocrx_word' id='word_1_49' title='bbox 515 715 625 798; x_wconf 86' lang='lat' dir='ltr'>legitur</span> <span class='ocrx_word' id='word_1_50' title='bbox 636 713 722 799; x_wconf 87' lang='lat' dir='ltr'>enim</span> <span class='ocrx_word' id='word_1_51' title='bbox 733 714 765 776; x_wconf 90' lang='lat' dir='ltr'>in</span> <span class='ocrx_word' id='word_1_52' title='bbox 775 713 994 795; x_wconf 70' lang='lat' dir='ltr'>capitularibus</span> <span class='ocrx_word' id='word_1_53' title='bbox 1011 714 1176 796; x_wconf 80' lang='lat' dir='ltr'>dquisgmui</span> 
     </span>
    </p>

    <p class='ocr_par' dir='ltr' id='par_1_6' title="bbox 214 803 1176 884">
     <span class='ocr_line' id='line_1_8' title="bbox 214 803 1176 884; baseline -0.001 -19"><span class='ocrx_word' id='word_1_54' title='bbox 214 805 379 882; x_wconf 87' lang='lat' dir='ltr'>conlectis,</span> <span class='ocrx_word' id='word_1_55' title='bbox 396 823 476 867; x_wconf 85' lang='lat' dir='ltr'>anno</span> <span class='ocrx_word' id='word_1_56' title='bbox 489 808 548 868; x_wconf 76' lang='lat'>789</span> <span class='ocrx_word' id='word_1_57' title='bbox 565 824 571 864; x_wconf 95' lang='lat'><strong>:</strong></span> <span class='ocrx_word' id='word_1_58' title='bbox 592 804 701 866; x_wconf 79' lang='lat' dir='ltr'>«Dum</span> <span class='ocrx_word' id='word_1_59' title='bbox 720 805 737 864; x_wconf 77' lang='lat' dir='ltr'>a</span> <span class='ocrx_word' id='word_1_60' title='bbox 751 803 857 884; x_wconf 90' lang='lat' dir='ltr'>primis</span> <span class='ocrx_word' id='word_1_61' title='bbox 871 803 1098 883; x_wconf 80' lang='lat' dir='ltr'>temporibus...</span> <span class='ocrx_word' id='word_1_62' title='bbox 1115 809 1176 875; x_wconf 73' lang='lat' dir='ltr'>tuus</span> 
     </span>
    </p>

    <p class='ocr_par' dir='ltr' id='par_1_7' title="bbox 213 891 1201 1150">
     <span class='ocr_line' id='line_1_9' title="bbox 213 891 1201 988; baseline 0 -34"><span class='ocrx_word' id='word_1_63' title='bbox 213 915 228 954; x_wconf 82' lang='lat' dir='ltr'>e</span> <span class='ocrx_word' id='word_1_64' title='bbox 253 903 308 956; x_wconf 87' lang='lat' dir='ltr'>trae</span> <span class='ocrx_word' id='word_1_65' title='bbox 324 895 415 976; x_wconf 83' lang='lat' dir='ltr'>pertis</span> <span class='ocrx_word' id='word_1_66' title='bbox 429 891 580 972; x_wconf 81' lang='lat' dir='ltr'>Ecclesia)</span> <span class='ocrx_word' id='word_1_67' title='bbox 594 893 632 955; x_wconf 87' lang='lat' dir='ltr'>ab</span> <span class='ocrx_word' id='word_1_68' title='bbox 646 897 681 956; x_wconf 76' lang='lat' dir='ltr'>ed</span> <span class='ocrx_word' id='word_1_69' title='bbox 695 893 845 972; x_wconf 68' lang='lat' dir='ltr'>(Ecclesia</span> <span class='ocrx_word' id='word_1_70' title='bbox 859 893 1012 970; x_wconf 78' lang='lat' dir='ltr'>Romana)</span> <span class='ocrx_word' id='word_1_71' title='bbox 1026 893 1116 974; x_wconf 82' lang='lat' dir='ltr'>paulo</span> <span class='ocrx_word' id='word_1_72' title='bbox 1132 893 1176 954; x_wconf 87' lang='lat' dir='ltr'>dis·</span> <span class='ocrx_word' id='word_1_73' title='bbox 1200 963 1201 988; x_wconf 22' lang='lat'>¹</span> 
     </span>
     <span class='ocr_line' id='line_1_10' title="bbox 216 981 1201 1066; baseline 0.001 -25"><span class='ocrx_word' id='word_1_74' title='bbox 216 1005 230 1041; x_wconf 77' lang='lat' dir='ltr'>o</span> <span class='ocrx_word' id='word_1_75' title='bbox 255 989 333 1046; x_wconf 89' lang='lat' dir='ltr'>taret</span> <span class='ocrx_word' id='word_1_76' title='bbox 355 983 447 1066; x_wconf 90' lang='lat' dir='ltr'>(quod</span> <span class='ocrx_word' id='word_1_77' title='bbox 461 989 562 1045; x_wconf 86' lang='lat' dir='ltr'>tamen</span> <span class='ocrx_word' id='word_1_78' title='bbox 577 989 681 1045; x_wconf 87' lang='lat' dir='ltr'>contra</span> <span class='ocrx_word' id='word_1_79' title='bbox 699 981 791 1044; x_wconf 87' lang='lat' dir='ltr'>fidem</span> <span class='ocrx_word' id='word_1_80' title='bbox 807 1000 867 1043; x_wconf 93' lang='lat' dir='ltr'>non</span> <span class='ocrx_word' id='word_1_81' title='bbox 882 987 962 1064; x_wconf 69' lang='lat' dir='ltr'>est),</span> <span class='ocrx_word' id='word_1_82' title='bbox 977 983 1007 1043; x_wconf 94' lang='lat' dir='ltr'>in</span> <span class='ocrx_word' id='word_1_83' title='bbox 1023 983 1174 1045; x_wconf 82' lang='lat' dir='ltr'>officiorum</span> <span class='ocrx_word' id='word_1_84' title='bbox 1200 991 1201 1064; x_wconf 64' lang='lat'>1</span> 
     </span>
     <span class='ocr_line' id='line_1_11' title="bbox 217 1071 1175 1150; baseline 0.001 -20"><span class='ocrx_word' id='word_1_85' title='bbox 217 1095 231 1130; x_wconf 80' lang='lat' dir='ltr'>u</span> <span class='ocrx_word' id='word_1_86' title='bbox 257 1071 476 1150; x_wconf 84' lang='lat' dir='ltr'>celebratione,</span> <span class='ocrx_word' id='word_1_87' title='bbox 490 1072 668 1134; x_wconf 79' lang='lat' dir='ltr'>uenerandae</span> <span class='ocrx_word' id='word_1_88' title='bbox 679 1072 836 1134; x_wconf 82' lang='lat' dir='ltr'>memoriae</span> <span class='ocrx_word' id='word_1_89' title='bbox 842 1071 993 1134; x_wconf 89' lang='lat' dir='ltr'>Genitoris</span> <span class='ocrx_word' id='word_1_90' title='bbox 1003 1073 1098 1134; x_wconf 80' lang='lat' dir='ltr'>nostri</span> <span class='ocrx_word' id='word_1_91' title='bbox 1112 1074 1175 1134; x_wconf 75' lang='lat' dir='ltr'>illus</span> 
     </span>
    </p>

    <p class='ocr_par' dir='ltr' id='par_1_8' title="bbox 217 1161 1173 1242">
     <span class='ocr_line' id='line_1_12' title="bbox 217 1161 1173 1242; baseline 0.001 -22"><span class='ocrx_word' id='word_1_92' title='bbox 217 1183 231 1220; x_wconf 80' lang='lat' dir='ltr'>u</span> <span class='ocrx_word' id='word_1_93' title='bbox 256 1161 379 1223; x_wconf 87' lang='lat' dir='ltr'>trissimi</span> <span class='ocrx_word' id='word_1_94' title='bbox 395 1161 491 1242; x_wconf 88' lang='lat' dir='ltr'>Pipini</span> <span class='ocrx_word' id='word_1_95' title='bbox 506 1163 595 1242; x_wconf 84' lang='lat' dir='ltr'>liegis</span> <span class='ocrx_word' id='word_1_96' title='bbox 616 1165 687 1224; x_wconf 75' lang='lat' dir='ltr'>curn</span> <span class='ocrx_word' id='word_1_97' title='bbox 710 1168 739 1223; x_wconf 91' lang='lat' dir='ltr'>et</span> <span class='ocrx_word' id='word_1_98' title='bbox 753 1161 919 1233; x_wconf 77' lang='lat' dir='ltr'>industria,</span> <span class='ocrx_word' id='word_1_99' title='bbox 934 1163 997 1224; x_wconf 84' lang='lat' dir='ltr'>sive</span> <span class='ocrx_word' id='word_1_100' title='bbox 1014 1161 1140 1225; x_wconf 79' lang='lat' dir='ltr'>adventu</span> <span class='ocrx_word' id='word_1_101' title='bbox 1151 1164 1173 1222; x_wconf 90' lang='lat' dir='ltr'>in</span> 
     </span>
    </p>

    <p class='ocr_par' dir='ltr' id='par_1_9' title="bbox 218 1249 1173 1332">
     <span class='ocr_line' id='line_1_13' title="bbox 218 1249 1173 1332; baseline 0.007 -27"><span class='ocrx_word' id='word_1_102' title='bbox 218 1271 231 1305; x_wconf 82' lang='lat' dir='ltr'>u</span> <span class='ocrx_word' id='word_1_103' title='bbox 258 1250 365 1312; x_wconf 84' lang='lat' dir='ltr'>Gallias</span> <span class='ocrx_word' id='word_1_104' title='bbox 389 1251 568 1312; x_wconf 84' lang='lat' dir='ltr'>sanctissimi</span> <span class='ocrx_word' id='word_1_105' title='bbox 588 1251 649 1312; x_wconf 86' lang='lat' dir='ltr'>Viri</span> <span class='ocrx_word' id='word_1_106' title='bbox 669 1249 830 1332; x_wconf 85' lang='lat' dir='ltr'>Stephani,</span> <span class='ocrx_word' id='word_1_107' title='bbox 851 1253 996 1313; x_wconf 74' lang='lat' dir='ltr'>Romanu</span> <span class='ocrx_word' id='word_1_108' title='bbox 1015 1252 1103 1314; x_wconf 86' lang='lat' dir='ltr'>Urbis</span> <span class='ocrx_word' id='word_1_109' title='bbox 1125 1257 1173 1312; x_wconf 73' lang='lat' dir='ltr'>,ln-</span> 
     </span>
    </p>

    <p class='ocr_par' dir='ltr' id='par_1_10' title="bbox 218 1338 1173 1422">
     <span class='ocr_line' id='line_1_14' title="bbox 218 1338 1173 1422; baseline 0.006 -28"><span class='ocrx_word' id='word_1_110' title='bbox 218 1359 231 1394; x_wconf 75' lang='lat' dir='ltr'>n</span> <span class='ocrx_word' id='word_1_111' title='bbox 256 1338 371 1416; x_wconf 78' lang='lat' dir='ltr'>listins,</span> <span class='ocrx_word' id='word_1_112' title='bbox 388 1345 433 1400; x_wconf 87' lang='lat' dir='ltr'>est</span> <span class='ocrx_word' id='word_1_113' title='bbox 445 1339 471 1400; x_wconf 86' lang='lat' dir='ltr'>ei</span> <span class='ocrx_word' id='word_1_114' title='bbox 487 1339 578 1400; x_wconf 90' lang='lat' dir='ltr'>etiam</span> <span class='ocrx_word' id='word_1_115' title='bbox 592 1340 622 1400; x_wconf 90' lang='lat' dir='ltr'>in</span> <span class='ocrx_word' id='word_1_116' title='bbox 638 1339 782 1419; x_wconf 90' lang='lat' dir='ltr'>psallendi</span> <span class='ocrx_word' id='word_1_117' title='bbox 790 1339 895 1402; x_wconf 85' lang='lat' dir='ltr'>ordine</span> <span class='ocrx_word' id='word_1_118' title='bbox 909 1339 1065 1422; x_wconf 78' lang='lat' dir='ltr'>copulata,</span> <span class='ocrx_word' id='word_1_119' title='bbox 1080 1347 1110 1402; x_wconf 91' lang='lat' dir='ltr'>ut</span> <span class='ocrx_word' id='word_1_120' title='bbox 1125 1359 1173 1401; x_wconf 89' lang='lat' dir='ltr'>non</span> 
     </span>
    </p>

    <p class='ocr_par' dir='ltr' id='par_1_11' title="bbox 218 1426 1175 1511">
     <span class='ocr_line' id='line_1_15' title="bbox 218 1426 1175 1511; baseline 0.01 -29"><span class='ocrx_word' id='word_1_121' title='bbox 218 1446 231 1482; x_wconf 79' lang='lat' dir='ltr'>n</span> <span class='ocrx_word' id='word_1_122' title='bbox 256 1432 333 1488; x_wconf 91' lang='lat' dir='ltr'>esset</span> <span class='ocrx_word' id='word_1_123' title='bbox 345 1426 445 1508; x_wconf 77' lang='lat' dir='ltr'>dispar</span> <span class='ocrx_word' id='word_1_124' title='bbox 459 1426 533 1490; x_wconf 89' lang='lat' dir='ltr'>ordo</span> <span class='ocrx_word' id='word_1_125' title='bbox 548 1429 693 1510; x_wconf 88' lang='lat' dir='ltr'>psallendi</span> <span class='ocrx_word' id='word_1_126' title='bbox 707 1429 817 1511; x_wconf 88' lang='lat' dir='ltr'>quibus</span> <span class='ocrx_word' id='word_1_127' title='bbox 827 1436 890 1492; x_wconf 88' lang='lat' dir='ltr'>erat</span> <span class='ocrx_word' id='word_1_128' title='bbox 902 1447 1029 1510; x_wconf 85' lang='lat' dir='ltr'>compar</span> <span class='ocrx_word' id='word_1_129' title='bbox 1041 1429 1175 1492; x_wconf 76' lang='lat' dir='ltr'>ordocre</span> 
     </span>
    </p>

    <p class='ocr_par' dir='ltr' id='par_1_12' title="bbox 218 1513 1176 1602">
     <span class='ocr_line' id='line_1_16' title="bbox 218 1513 1176 1602; baseline 0.008 -30"><span class='ocrx_word' id='word_1_130' title='bbox 218 1534 232 1570; x_wconf 85' lang='lat' dir='ltr'>o</span> <span class='ocrx_word' id='word_1_131' title='bbox 257 1513 368 1591; x_wconf 90' lang='lat' dir='ltr'>dendi;</span> <span class='ocrx_word' id='word_1_132' title='bbox 385 1535 441 1578; x_wconf 89' lang='lat' dir='ltr'>neo</span> <span class='ocrx_word' id='word_1_133' title='bbox 464 1519 635 1598; x_wconf 81' lang='lat' dir='ltr'>sejungeret</span> <span class='ocrx_word' id='word_1_134' title='bbox 657 1519 824 1580; x_wconf 84' lang='lat' dir='ltr'>officiorum</span> <span class='ocrx_word' id='word_1_135' title='bbox 844 1519 924 1581; x_wconf 79' lang='lat' dir='ltr'>varia</span> <span class='ocrx_word' id='word_1_136' title='bbox 939 1519 1176 1602; x_wconf 72' lang='lat' dir='ltr'>celebrationum</span> 
     </span>
    </p>

    <p class='ocr_par' dir='ltr' id='par_1_13' title="bbox 218 1563 1202 1870">
     <span class='ocr_line' id='line_1_17' title="bbox 218 1605 1175 1689; baseline 0.009 -29"><span class='ocrx_word' id='word_1_137' title='bbox 218 1625 231 1660; x_wconf 79' lang='grc' dir='ltr'><strong>ο</strong></span> <span class='ocrx_word' id='word_1_138' title='bbox 256 1605 1175 1689; x_wconf 78' lang='lat' dir='ltr'>conjunxeratunicaelideipiadevotio.u-Nonrideturtameo</span> 
     </span>
     <span class='ocr_line' id='line_1_18' title="bbox 219 1689 1202 1780; baseline 0.005 -28"><span class='ocrx_word' id='word_1_139' title='bbox 219 1689 309 1754; x_wconf 83' lang='lat' dir='ltr'>luisse</span> <span class='ocrx_word' id='word_1_140' title='bbox 328 1701 400 1758; x_wconf 90' lang='lat' dir='ltr'>tune</span> <span class='ocrx_word' id='word_1_141' title='bbox 420 1695 576 1778; x_wconf 89' lang='lat' dir='ltr'>Episcopis</span> <span class='ocrx_word' id='word_1_142' title='bbox 599 1698 782 1778; x_wconf 88' lang='lat' dir='ltr'>prohibitum</span> <span class='ocrx_word' id='word_1_143' title='bbox 804 1698 971 1780; x_wconf 79' lang='lat' dir='ltr'>corrigere,</span> <span class='ocrx_word' id='word_1_144' title='bbox 993 1697 1120 1764; x_wconf 83' lang='lat' dir='ltr'>addere,</span> <span class='ocrx_word' id='word_1_145' title='bbox 1141 1698 1176 1760; x_wconf 81' lang='lat' dir='ltr'>iel</span> <span class='ocrx_word' id='word_1_146' title='bbox 1201 1695 1202 1770; x_wconf 68' lang='lat' dir='ltr'>J</span> 
     </span>
     <span class='ocr_line' id='line_1_19' title="bbox 219 1779 1174 1870; baseline 0.007 -29"><span class='ocrx_word' id='word_1_147' title='bbox 219 1779 377 1845; x_wconf 86' lang='lat' dir='ltr'>immutare</span> <span class='ocrx_word' id='word_1_148' title='bbox 396 1803 464 1866; x_wconf 76' lang='lat' dir='ltr'>qum</span> <span class='ocrx_word' id='word_1_149' title='bbox 484 1785 522 1846; x_wconf 92' lang='lat' dir='ltr'>ad</span> <span class='ocrx_word' id='word_1_150' title='bbox 541 1787 736 1848; x_wconf 90' lang='lat' dir='ltr'>substantiam</span> <span class='ocrx_word' id='word_1_151' title='bbox 751 1787 879 1868; x_wconf 81' lang='lat' dir='ltr'>liturgiae</span> <span class='ocrx_word' id='word_1_152' title='bbox 899 1805 960 1849; x_wconf 92' lang='lat' dir='ltr'>non</span> <span class='ocrx_word' id='word_1_153' title='bbox 979 1788 1174 1870; x_wconf 79' lang='lat' dir='ltr'>pertinelunl;</span> 
     </span>
    </p>

    <p class='ocr_par' dir='ltr' id='par_1_14' title="bbox 220 1871 1176 1960">
     <span class='ocr_line' id='line_1_20' title="bbox 220 1871 1176 1960; baseline 0.006 -30"><span class='ocrx_word' id='word_1_154' title='bbox 220 1876 248 1931; x_wconf 90' lang='lat' dir='ltr'>et</span> <span class='ocrx_word' id='word_1_155' title='bbox 262 1871 322 1948; x_wconf 87' lang='lat' dir='ltr'>sic,</span> <span class='ocrx_word' id='word_1_156' title='bbox 338 1873 506 1936; x_wconf 88' lang='lat' dir='ltr'>labentibus</span> <span class='ocrx_word' id='word_1_157' title='bbox 530 1875 663 1952; x_wconf 81' lang='lat' dir='ltr'>saeculis,</span> <span class='ocrx_word' id='word_1_158' title='bbox 679 1878 777 1938; x_wconf 60' lang='lat' dir='ltr'>eirenit</span> <span class='ocrx_word' id='word_1_159' title='bbox 796 1885 828 1938; x_wconf 89' lang='lat' dir='ltr'>ut</span> <span class='ocrx_word' id='word_1_160' title='bbox 846 1877 877 1937; x_wconf 92' lang='lat' dir='ltr'>in</span> <span class='ocrx_word' id='word_1_161' title='bbox 899 1874 1000 1939; x_wconf 88' lang='lat' dir='ltr'>Galliis</span> <span class='ocrx_word' id='word_1_162' title='bbox 1015 1877 1131 1960; x_wconf 81' lang='lat' dir='ltr'>liturgia</span> <span class='ocrx_word' id='word_1_163' title='bbox 1143 1888 1176 1938; x_wconf 87' lang='lat' dir='ltr'>sat</span> 
     </span>
    </p>

    <p class='ocr_par' dir='ltr' id='par_1_15' title="bbox 219 1957 1037 2048">
     <span class='ocr_line' id='line_1_21' title="bbox 219 1957 1037 2048; baseline 0.012 -29"><span class='ocrx_word' id='word_1_164' title='bbox 219 1957 407 2042; x_wconf 85' lang='lat' dir='ltr'>discrepabat</span> <span class='ocrx_word' id='word_1_165' title='bbox 421 1966 438 2024; x_wconf 77' lang='lat' dir='ltr'>t</span> <span class='ocrx_word' id='word_1_166' title='bbox 455 1967 600 2026; x_wconf 80' lang='lat' dir='ltr'>Romantl.</span> <span class='ocrx_word' id='word_1_167' title='bbox 617 1963 722 2046; x_wconf 82' lang='lat' dir='ltr'>(Bouix</span> <span class='ocrx_word' id='word_1_168' title='bbox 736 2014 743 2042; x_wconf 90' lang='lat'>‚</span> <span class='ocrx_word' id='word_1_169' title='bbox 759 1966 814 2043; x_wconf 78' lang='lat' dir='ltr'>id,</span> <span class='ocrx_word' id='word_1_170' title='bbox 829 1986 859 2048; x_wconf 89' lang='lat' dir='ltr'>p.</span> <span class='ocrx_word' id='word_1_171' title='bbox 877 1971 946 2042; x_wconf 75' lang='lat' dir='ltr'>tid,</span> <span class='ocrx_word' id='word_1_172' title='bbox 961 1971 1037 2046; x_wconf 83' lang='lat' dir='ltr'>ele.)</span> 
     </span>
    </p>
   </div>
   <div class='ocr_carea' id='block_1_3' title="bbox 220 2061 1203 2873">
    <p class='ocr_par' dir='ltr' id='par_1_16' title="bbox 220 2061 1203 2582">
     <span class='ocr_line' id='line_1_22' title="bbox 259 2061 1173 2150; baseline 0.004 -32"><span class='ocrx_word' id='word_1_173' title='bbox 259 2061 348 2120; x_wconf 76' lang='lat'>5042.</span> <span class='ocrx_word' id='word_1_174' title='bbox 364 2061 478 2122; x_wconf 89' lang='lat' dir='ltr'>Pariter</span> <span class='ocrx_word' id='word_1_175' title='bbox 499 2065 514 2124; x_wconf 77' lang='lat' dir='ltr'>d</span> <span class='ocrx_word' id='word_1_176' title='bbox 537 2063 680 2143; x_wconf 80' lang='lat' dir='ltr'>Gregorio</span> <span class='ocrx_word' id='word_1_177' title='bbox 699 2065 750 2126; x_wconf 88' lang='lat' dir='ltr'>Vll</span> <span class='ocrx_word' id='word_1_178' title='bbox 771 2065 887 2128; x_wconf 87' lang='lat' dir='ltr'>sublata</span> <span class='ocrx_word' id='word_1_179' title='bbox 907 2065 963 2128; x_wconf 84' lang='lat' dir='ltr'>tuit</span> <span class='ocrx_word' id='word_1_180' title='bbox 980 2085 1019 2128; x_wconf 80' lang='lat' dir='ltr'>ex</span> <span class='ocrx_word' id='word_1_181' title='bbox 1042 2065 1173 2150; x_wconf 78' lang='lat' dir='ltr'>Hispaniis</span> 
     </span>
     <span class='ocr_line' id='line_1_23' title="bbox 220 2143 1175 2234; baseline 0.015 -32"><span class='ocrx_word' id='word_1_182' title='bbox 220 2143 339 2224; x_wconf 85' lang='lat' dir='ltr'>liturgia</span> <span class='ocrx_word' id='word_1_183' title='bbox 375 2147 560 2212; x_wconf 74' lang='lat' dir='ltr'>Mazaratua</span> <span class='ocrx_word' id='word_1_184' title='bbox 591 2155 603 2187; x_wconf 82' lang='lat'>²</span> <span class='ocrx_word' id='word_1_185' title='bbox 629 2159 663 2214; x_wconf 89' lang='lat' dir='ltr'>ut</span> <span class='ocrx_word' id='word_1_186' title='bbox 698 2151 937 2218; x_wconf 87' lang='lat' dir='ltr'>introduceretur</span> <span class='ocrx_word' id='word_1_187' title='bbox 971 2157 1129 2234; x_wconf 87' lang='lat' dir='ltr'>Romana,</span> <span class='ocrx_word' id='word_1_188' title='bbox 1150 2163 1175 2216; x_wconf 86' lang='lat' dir='ltr'>ut</span> 
     </span>
     <span class='ocr_line' id='line_1_24' title="bbox 220 2237 1176 2328; baseline 0.012 -34"><span class='ocrx_word' id='word_1_189' title='bbox 220 2241 381 2296; x_wconf 76' lang='lat' dir='ltr'>constater</span> <span class='ocrx_word' id='word_1_190' title='bbox 396 2237 491 2299; x_wconf 77' lang='lat' dir='ltr'>littera</span> <span class='ocrx_word' id='word_1_191' title='bbox 502 2259 592 2320; x_wconf 87' lang='lat' dir='ltr'>quam</span> <span class='ocrx_word' id='word_1_192' title='bbox 603 2240 652 2304; x_wconf 87' lang='lat' dir='ltr'>hic</span> <span class='ocrx_word' id='word_1_193' title='bbox 667 2243 803 2304; x_wconf 76' lang='lat' dir='ltr'>Pontifex</span> <span class='ocrx_word' id='word_1_194' title='bbox 813 2243 921 2306; x_wconf 86' lang='lat' dir='ltr'>direxit</span> <span class='ocrx_word' id='word_1_195' title='bbox 934 2245 973 2306; x_wconf 90' lang='lat' dir='ltr'>ad</span> <span class='ocrx_word' id='word_1_196' title='bbox 990 2245 1176 2328; x_wconf 72' lang='lat' dir='ltr'>Alphonsuin,</span> 
     </span>
     <span class='ocr_line' id='line_1_25' title="bbox 220 2323 1203 2418; baseline 0.013 -38"><span class='ocrx_word' id='word_1_197' title='bbox 220 2327 248 2380; x_wconf 86' lang='lat' dir='ltr'>et</span> <span class='ocrx_word' id='word_1_198' title='bbox 264 2323 404 2384; x_wconf 81' lang='lat' dir='ltr'>Sanctam</span> <span class='ocrx_word' id='word_1_199' title='bbox 419 2327 570 2408; x_wconf 68' lang='lat' dir='ltr'>Hispanias</span> <span class='ocrx_word' id='word_1_200' title='bbox 585 2349 670 2412; x_wconf 84' lang='lat' dir='ltr'>reges</span> <span class='ocrx_word' id='word_1_201' title='bbox 681 2379 688 2409; x_wconf 88' lang='lat'>,</span> <span class='ocrx_word' id='word_1_202' title='bbox 700 2339 728 2394; x_wconf 90' lang='lat' dir='ltr'>et</span> <span class='ocrx_word' id='word_1_203' title='bbox 742 2331 830 2394; x_wconf 90' lang='lat' dir='ltr'>simul</span> <span class='ocrx_word' id='word_1_204' title='bbox 845 2333 882 2395; x_wconf 84' lang='lat' dir='ltr'>ad</span> <span class='ocrx_word' id='word_1_205' title='bbox 897 2334 1065 2418; x_wconf 84' lang='lat' dir='ltr'>Episcopus</span> <span class='ocrx_word' id='word_1_206' title='bbox 1077 2353 1179 2398; x_wconf 87' lang='lat' dir='ltr'>eorum-</span> <span class='ocrx_word' id='word_1_207' title='bbox 1202 2341 1203 2370; x_wconf 69' lang='lat'><em>³</em></span> 
     </span>
     <span class='ocr_line' id='line_1_26' title="bbox 221 2409 1178 2582; baseline 0.019 -113"><span class='ocrx_word' id='word_1_208' title='bbox 221 2409 290 2561; x_wconf 83' lang='lat' dir='ltr'>dorp</span> <span class='ocrx_word' id='word_1_209' title='bbox 305 2411 443 2582; x_wconf 64' lang='lat' dir='ltr'>diponis‚</span> <span class='ocrx_word' id='word_1_210' title='bbox 464 2435 512 2499; x_wconf 87' lang='lat' dir='ltr'>ap.</span> <span class='ocrx_word' id='word_1_211' title='bbox 533 2419 643 2498; x_wconf 87' lang='lat' dir='ltr'>Labbe,</span> <span class='ocrx_word' id='word_1_212' title='bbox 661 2427 734 2484; x_wconf 88' lang='lat' dir='ltr'>tom.</span> <span class='ocrx_word' id='word_1_213' title='bbox 752 2425 809 2500; x_wconf 73' lang='lat' dir='ltr'>tr,</span> <span class='ocrx_word' id='word_1_214' title='bbox 828 2443 858 2503; x_wconf 96' lang='lat' dir='ltr'>p.</span> <span class='ocrx_word' id='word_1_215' title='bbox 874 2427 944 2486; x_wconf 74' lang='lat'>283.</span> <span class='ocrx_word' id='word_1_216' title='bbox 965 2425 1090 2506; x_wconf 85' lang='lat' dir='ltr'>(Bouix,</span> <span class='ocrx_word' id='word_1_217' title='bbox 1105 2423 1178 2498; x_wconf 73' lang='lat' dir='ltr'>ilii,</span> 
     </span>
    </p>

    <p class='ocr_par' dir='ltr' id='par_1_17' title="bbox 223 2602 1181 2873">
     <span class='ocr_line' id='line_1_27' title="bbox 261 2602 1181 2693; baseline 0.011 -33"><span class='ocrx_word' id='word_1_218' title='bbox 261 2602 328 2661; x_wconf 82' lang='lat' dir='ltr'>lam</span> <span class='ocrx_word' id='word_1_219' title='bbox 343 2609 442 2664; x_wconf 79' lang='lat' dir='ltr'>autent</span> <span class='ocrx_word' id='word_1_220' title='bbox 456 2605 474 2666; x_wconf 72' lang='lat' dir='ltr'>a</span> <span class='ocrx_word' id='word_1_221' title='bbox 487 2611 622 2687; x_wconf 90' lang='lat' dir='ltr'>tempore</span> <span class='ocrx_word' id='word_1_222' title='bbox 636 2609 667 2670; x_wconf 91' lang='lat' dir='ltr'>S.</span> <span class='ocrx_word' id='word_1_223' title='bbox 684 2609 818 2690; x_wconf 84' lang='lat' dir='ltr'>Gregorii</span> <span class='ocrx_word' id='word_1_224' title='bbox 836 2611 937 2691; x_wconf 86' lang='lat' dir='ltr'>Magni</span> <span class='ocrx_word' id='word_1_225' title='bbox 956 2611 1077 2693; x_wconf 83' lang='lat' dir='ltr'>vigebat</span> <span class='ocrx_word' id='word_1_226' title='bbox 1090 2615 1117 2675; x_wconf 92' lang='lat' dir='ltr'>in</span> <span class='ocrx_word' id='word_1_227' title='bbox 1132 2615 1181 2673; x_wconf 82' lang='lat' dir='ltr'>ln·</span> 
     </span>
     <span class='ocr_line' id='line_1_28' title="bbox 223 2687 1177 2777; baseline 0.013 -29"><span class='ocrx_word' id='word_1_228' title='bbox 223 2687 282 2769; x_wconf 76' lang='lat' dir='ltr'>glitt</span> <span class='ocrx_word' id='word_1_229' title='bbox 303 2691 409 2754; x_wconf 85' lang='lat' dir='ltr'>eadem</span> <span class='ocrx_word' id='word_1_230' title='bbox 423 2693 541 2776; x_wconf 87' lang='lat' dir='ltr'>liturgia</span> <span class='ocrx_word' id='word_1_231' title='bbox 553 2699 709 2777; x_wconf 84' lang='lat' dir='ltr'>Romana,</span> <span class='ocrx_word' id='word_1_232' title='bbox 725 2707 759 2761; x_wconf 90' lang='lat' dir='ltr'>ut</span> <span class='ocrx_word' id='word_1_233' title='bbox 782 2709 899 2764; x_wconf 89' lang='lat' dir='ltr'>constat</span> <span class='ocrx_word' id='word_1_234' title='bbox 918 2720 955 2765; x_wconf 83' lang='lat' dir='ltr'>ex</span> <span class='ocrx_word' id='word_1_235' title='bbox 969 2704 1104 2765; x_wconf 83' lang='lat' dir='ltr'>Concilio</span> <span class='ocrx_word' id='word_1_236' title='bbox 1123 2703 1177 2764; x_wconf 79' lang='lat' dir='ltr'>Clu·</span> 
     </span>
     <span class='ocr_line' id='line_1_29' title="bbox 223 2777 1174 2873; baseline 0.014 -36"><span class='ocrx_word' id='word_1_237' title='bbox 223 2777 407 2842; x_wconf 83' lang='lat' dir='ltr'>vesboviensi</span> <span class='ocrx_word' id='word_1_238' title='bbox 426 2783 550 2862; x_wconf 82' lang='lat' dir='ltr'>(Bouix,</span> <span class='ocrx_word' id='word_1_239' title='bbox 565 2785 620 2864; x_wconf 74' lang='lat' dir='ltr'>id,</span> <span class='ocrx_word' id='word_1_240' title='bbox 636 2807 666 2869; x_wconf 94' lang='lat' dir='ltr'>p.</span> <span class='ocrx_word' id='word_1_241' title='bbox 688 2791 767 2868; x_wconf 76' lang='lat'>185).</span> <span class='ocrx_word' id='word_1_242' title='bbox 788 2789 875 2854; x_wconf 90' lang='lat' dir='ltr'>Unde</span> <span class='ocrx_word' id='word_1_243' title='bbox 889 2790 921 2853; x_wconf 91' lang='lat' dir='ltr'>in</span> <span class='ocrx_word' id='word_1_244' title='bbox 933 2797 998 2854; x_wconf 85' lang='lat' dir='ltr'>toto</span> <span class='ocrx_word' id='word_1_245' title='bbox 1016 2791 1174 2873; x_wconf 66' lang='lat' dir='ltr'>generaliter</span> 
     </span>
    </p>
   </div>
   <div class='ocr_carea' id='block_1_4' title="bbox 226 2879 1178 3160">
    <p class='ocr_par' dir='ltr' id='par_1_18' title="bbox 226 2879 1178 3160">
     <span class='ocr_line' id='line_1_30' title="bbox 226 2879 1067 2973; baseline 0.019 -32"><span class='ocrx_word' id='word_1_246' title='bbox 226 2879 398 2961; x_wconf 85' lang='lat' dir='ltr'>Occidente,</span> <span class='ocrx_word' id='word_1_247' title='bbox 413 2885 544 2949; x_wconf 83' lang='lat' dir='ltr'>admissa</span> <span class='ocrx_word' id='word_1_248' title='bbox 555 2885 610 2950; x_wconf 88' lang='lat' dir='ltr'>luit</span> <span class='ocrx_word' id='word_1_249' title='bbox 621 2889 639 2950; x_wconf 79' lang='lat' dir='ltr'>b</span> <span class='ocrx_word' id='word_1_250' title='bbox 650 2895 786 2972; x_wconf 88' lang='lat' dir='ltr'>tempore</span> <span class='ocrx_word' id='word_1_251' title='bbox 800 2892 832 2954; x_wconf 88' lang='lat' dir='ltr'>S.</span> <span class='ocrx_word' id='word_1_252' title='bbox 849 2887 987 2973; x_wconf 85' lang='lat' dir='ltr'>Gregorii</span> <span class='ocrx_word' id='word_1_253' title='bbox 1004 2891 1067 2956; x_wconf 86' lang='lat' dir='ltr'>llll.</span> 
     </span>
     <span class='ocr_line' id='line_1_31' title="bbox 265 2973 1177 3063; baseline 0.01 -34"><span class='ocrx_word' id='word_1_254' title='bbox 265 2973 354 3032; x_wconf 73' lang='lat'>5043.</span> <span class='ocrx_word' id='word_1_255' title='bbox 371 2973 406 3032; x_wconf 94' lang='lat' dir='ltr'>ln</span> <span class='ocrx_word' id='word_1_256' title='bbox 422 2974 566 3038; x_wconf 91' lang='lat' dir='ltr'>omnibus</span> <span class='ocrx_word' id='word_1_257' title='bbox 580 2977 710 3056; x_wconf 83' lang='lat' dir='ltr'>praelatis</span> <span class='ocrx_word' id='word_1_258' title='bbox 724 2979 797 3041; x_wconf 88' lang='lat' dir='ltr'>loeis</span> <span class='ocrx_word' id='word_1_259' title='bbox 812 2981 914 3042; x_wconf 87' lang='lat' dir='ltr'>relicta</span> <span class='ocrx_word' id='word_1_260' title='bbox 926 2979 1037 3056; x_wconf 88' lang='lat' dir='ltr'>luerat,</span> <span class='ocrx_word' id='word_1_261' title='bbox 1052 2973 1177 3063; x_wconf 83' lang='lat' dir='ltr'>usquead</span> 
     </span>
     <span class='ocr_line' id='line_1_32' title="bbox 226 3053 1178 3160; baseline 0.02 -47"><span class='ocrx_word' id='word_1_262' title='bbox 226 3053 314 3115; x_wconf 88' lang='lat' dir='ltr'>Pium</span> <span class='ocrx_word' id='word_1_263' title='bbox 327 3054 364 3132; x_wconf 86' lang='lat' dir='ltr'>V,</span> <span class='ocrx_word' id='word_1_264' title='bbox 381 3055 509 3124; x_wconf 82' lang='lat' dir='ltr'>facultas</span> <span class='ocrx_word' id='word_1_265' title='bbox 526 3064 664 3127; x_wconf 90' lang='lat' dir='ltr'>mutandi</span> <span class='ocrx_word' id='word_1_266' title='bbox 679 3083 715 3129; x_wconf 86' lang='lat' dir='ltr'>ea</span> <span class='ocrx_word' id='word_1_267' title='bbox 727 3085 796 3149; x_wconf 77' lang='lat' dir='ltr'>quae</span> <span class='ocrx_word' id='word_1_268' title='bbox 810 3067 847 3130; x_wconf 88' lang='lat' dir='ltr'>ad</span> <span class='ocrx_word' id='word_1_269' title='bbox 858 3068 1056 3160; x_wconf 82' lang='lat' dir='ltr'>substantiam</span> <span class='ocrx_word' id='word_1_270' title='bbox 1071 3065 1178 3146; x_wconf 74' lang='lat' dir='ltr'>liturgia</span> 
     </span>
    </p>
   </div>
   <div class='ocr_carea' id='block_1_5' title="bbox 220 3201 1183 3706">
    <p class='ocr_par' dir='ltr' id='par_1_19' title="bbox 221 3201 1183 3568">
     <span class='ocr_line' id='line_1_33' title="bbox 257 3201 1176 3288; baseline -0.007 -14"><span class='ocrx_word' id='word_1_271' title='bbox 257 3201 333 3283; x_wconf 64' lang='lat'>&#39;¹¹³9</span> <span class='ocrx_word' id='word_1_272' title='bbox 352 3205 453 3288; x_wconf 52' lang='lat' dir='ltr'>“biblia</span> <span class='ocrx_word' id='word_1_273' title='bbox 464 3209 494 3261; x_wconf 77' lang='lat' dir='ltr'>eb</span> <span class='ocrx_word' id='word_1_274' title='bbox 503 3211 604 3267; x_wconf 84' lang='lat' dir='ltr'>Oriente</span> <span class='ocrx_word' id='word_1_275' title='bbox 616 3223 669 3270; x_wconf 75' lang='lat' dir='ltr'>ortt</span> <span class='ocrx_word' id='word_1_276' title='bbox 678 3215 753 3284; x_wconf 71' lang='lat' dir='ltr'>vulgo</span> <span class='ocrx_word' id='word_1_277' title='bbox 768 3215 933 3283; x_wconf 73' lang='lat' dir='ltr'>babetnmed</span> <span class='ocrx_word' id='word_1_278' title='bbox 942 3235 997 3274; x_wconf 78' lang='lat' dir='ltr'>eum</span> <span class='ocrx_word' id='word_1_279' title='bbox 1009 3222 1093 3288; x_wconf 71' lang='lat' dir='ltr'>priten</span> <span class='ocrx_word' id='word_1_280' title='bbox 1102 3221 1176 3273; x_wconf 61' lang='lat' dir='ltr'>Rom»</span> 
     </span>
     <span class='ocr_line' id='line_1_34' title="bbox 224 3276 1175 3359; baseline 0.018 -36"><span class='ocrx_word' id='word_1_281' title='bbox 224 3286 261 3320; x_wconf 72' lang='lat' dir='ltr'>nn</span> <span class='ocrx_word' id='word_1_282' title='bbox 276 3276 366 3352; x_wconf 68' lang='lat' dir='ltr'>¹titisse</span> <span class='ocrx_word' id='word_1_283' title='bbox 383 3280 490 3359; x_wconf 69' lang='lat' dir='ltr'>snmlofn</span> <span class='ocrx_word' id='word_1_284' title='bbox 514 3285 602 3348; x_wconf 77' lang='lat' dir='ltr'>probat</span> <span class='ocrx_word' id='word_1_285' title='bbox 627 3287 756 3354; x_wconf 81' lang='lat' dir='ltr'>llarebeti,</span> <span class='ocrx_word' id='word_1_286' title='bbox 776 3292 802 3345; x_wconf 88' lang='lat' dir='ltr'>in</span> <span class='ocrx_word' id='word_1_287' title='bbox 818 3306 893 3356; x_wconf 77' lang='lat' dir='ltr'>opere</span> <span class='ocrx_word' id='word_1_288' title='bbox 916 3308 924 3340; x_wconf 72' lang='grc'>,·</span> <span class='ocrx_word' id='word_1_289' title='bbox 950 3291 1068 3346; x_wconf 76' lang='lat' dir='ltr'>b&#39;dntr&#39;ee</span> <span class='ocrx_word' id='word_1_290' title='bbox 1081 3295 1175 3352; x_wconf 60' lang='lat' dir='ltr'>tuero</span> 
     </span>
     <span class='ocr_line' id='line_1_35' title="bbox 222 3343 1171 3430; baseline 0.002 -26"><span class='ocrx_word' id='word_1_291' title='bbox 222 3343 354 3419; x_wconf 65' lang='lat' dir='ltr'>dulbrudet.</span> <span class='ocrx_word' id='word_1_292' title='bbox 366 3347 431 3428; x_wconf 30' lang='lat' dir='ltr'>ullor</span> <span class='ocrx_word' id='word_1_293' title='bbox 455 3349 562 3430; x_wconf 67' lang='lat' dir='ltr'>liturgia</span> <span class='ocrx_word' id='word_1_294' title='bbox 584 3355 719 3412; x_wconf 66' lang='lat' dir='ltr'>Gallienus</span> <span class='ocrx_word' id='word_1_295' title='bbox 736 3371 790 3415; x_wconf 82' lang='lat' dir='ltr'>erat</span> <span class='ocrx_word' id='word_1_296' title='bbox 802 3362 928 3429; x_wconf 84' lang='lat' dir='ltr'>proprium</span> <span class='ocrx_word' id='word_1_297' title='bbox 939 3363 1009 3430; x_wconf 84' lang='lat' dir='ltr'>qudd</span> <span class='ocrx_word' id='word_1_298' title='bbox 1026 3371 1083 3428; x_wconf 79' lang='lat' dir='ltr'>post</span> <span class='ocrx_word' id='word_1_299' title='bbox 1099 3373 1171 3414; x_wconf 72' lang='lat' dir='ltr'>narro</span> 
     </span>
     <span class='ocr_line' id='line_1_36' title="bbox 222 3411 1183 3499; baseline 0.029 -42"><span class='ocrx_word' id='word_1_300' title='bbox 222 3411 352 3486; x_wconf 66' lang='lat' dir='ltr'>tectionem</span> <span class='ocrx_word' id='word_1_301' title='bbox 365 3429 390 3464; x_wconf 81' lang='lat' dir='ltr'>ur</span> <span class='ocrx_word' id='word_1_302' title='bbox 402 3424 529 3470; x_wconf 78' lang='lat' dir='ltr'>nocturnis</span> <span class='ocrx_word' id='word_1_303' title='bbox 547 3425 685 3480; x_wconf 77' lang='lat' dir='ltr'>addebatur</span> <span class='ocrx_word' id='word_1_304' title='bbox 700 3434 973 3499; x_wconf 52' lang='lat' dir='ltr'>immaterialitatem</span> <span class='ocrx_word' id='word_1_305' title='bbox 992 3435 1066 3488; x_wconf 73' lang='lat' dir='ltr'>suan</span> <span class='ocrx_word' id='word_1_306' title='bbox 1079 3435 1183 3494; x_wconf 68' lang='lat' dir='ltr'>uvae·</span> 
     </span>
     <span class='ocr_line' id='line_1_37' title="bbox 221 3479 944 3568; baseline 0.033 -35"><span class='ocrx_word' id='word_1_307' title='bbox 221 3479 381 3532; x_wconf 69' lang='lat' dir='ltr'>rutenorum</span> <span class='ocrx_word' id='word_1_308' title='bbox 395 3487 556 3553; x_wconf 84' lang='lat' dir='ltr'>solemnium,</span> <span class='ocrx_word' id='word_1_309' title='bbox 572 3501 620 3547; x_wconf 85' lang='lat' dir='ltr'>ete.</span> <span class='ocrx_word' id='word_1_310' title='bbox 629 3499 824 3568; x_wconf 83' lang='lat' dir='ltr'>Videbequeux,</span> <span class='ocrx_word' id='word_1_311' title='bbox 836 3513 864 3555; x_wconf 71' lang='grc' dir='ltr'>ιι·</span> <span class='ocrx_word' id='word_1_312' title='bbox 873 3505 944 3557; x_wconf 81' lang='lat'>103³.</span> 
     </span>
    </p>

    <p class='ocr_par' dir='ltr' id='par_1_20' title="bbox 220 3549 1168 3706">
     <span class='ocr_line' id='line_1_38' title="bbox 249 3549 1168 3642; baseline 0.01 -29"><span class='ocrx_word' id='word_1_313' title='bbox 249 3549 259 3574; x_wconf 79' lang='lat'>⁸</span> <span class='ocrx_word' id='word_1_314' title='bbox 277 3549 335 3604; x_wconf 62' lang='lat' dir='ltr'><strong>0¹¹ae</strong></span> <span class='ocrx_word' id='word_1_315' title='bbox 346 3562 449 3634; x_wconf 59' lang='grc' dir='ltr'>ἵῦϋθῐῑξὶ·</span> <span class='ocrx_word' id='word_1_316' title='bbox 475 3557 599 3614; x_wconf 71' lang='grc' dir='ltr'>θοίὴίοαὲ</span> <span class='ocrx_word' id='word_1_317' title='bbox 618 3566 705 3620; x_wconf 81' lang='lat' dir='ltr'>Gothis</span> <span class='ocrx_word' id='word_1_318' title='bbox 717 3573 759 3635; x_wconf 80' lang='lat' dir='ltr'>qui</span> <span class='ocrx_word' id='word_1_319' title='bbox 773 3573 839 3624; x_wconf 82' lang='lat' dir='ltr'>illam</span> <span class='ocrx_word' id='word_1_320' title='bbox 857 3574 888 3624; x_wconf 84' lang='lat' dir='ltr'>ab</span> <span class='ocrx_word' id='word_1_321' title='bbox 902 3575 1004 3627; x_wconf 77' lang='lat' dir='ltr'>orient·</span> <span class='ocrx_word' id='word_1_322' title='bbox 1018 3577 1044 3628; x_wconf 77' lang='lat' dir='ltr'>in</span> <span class='ocrx_word' id='word_1_323' title='bbox 1061 3575 1168 3642; x_wconf 71' lang='lat' dir='ltr'>dupino</span> 
     </span>
     <span class='ocr_line' id='line_1_39' title="bbox 220 3613 1051 3706; baseline 0.016 -19"><span class='ocrx_word' id='word_1_324' title='bbox 220 3613 373 3682; x_wconf 64' lang='lat' dir='ltr'>tunoleum,</span> <span class='ocrx_word' id='word_1_325' title='bbox 391 3629 477 3686; x_wconf 59' lang='lat' dir='ltr'>(lumb</span> <span class='ocrx_word' id='word_1_326' title='bbox 492 3631 582 3682; x_wconf 70' lang='lat' dir='ltr'>meula</span> <span class='ocrx_word' id='word_1_327' title='bbox 607 3638 706 3690; x_wconf 81' lang='lat' dir='ltr'>orando</span> <span class='ocrx_word' id='word_1_328' title='bbox 720 3637 764 3692; x_wconf 76' lang='lat' dir='ltr'>ber</span> <span class='ocrx_word' id='word_1_329' title='bbox 779 3643 893 3706; x_wconf 72' lang='lat' dir='ltr'>regiones</span> <span class='ocrx_word' id='word_1_330' title='bbox 904 3645 1051 3700; x_wconf 73' lang='lat' dir='ltr'>iurauerant·</span> 
     </span>
    </p>
   </div>
   <div class='ocr_carea' id='block_1_6' title="bbox 0 0 1223 3968">
    <p class='ocr_par' dir='ltr' id='par_1_21' title="bbox 0 0 1223 3968">
     <span class='ocr_line' id='line_1_40' title="bbox 0 0 1223 3968; baseline 0 0"><span class='ocrx_word' id='word_1_331' title='bbox 0 0 1223 3968; x_wconf 95' lang='lat' dir='ltr'> </span> 
     </span>
    </p>
   </div>
  </div>
 </body>
</html>
