<?xml version="1.0" encoding="UTF-8"?>
<!DOCTYPE html PUBLIC "-//W3C//DTD XHTML 1.0 Transitional//EN"
    "http://www.w3.org/TR/xhtml1/DTD/xhtml1-transitional.dtd">
<html xmlns="http://www.w3.org/1999/xhtml" xml:lang="en" lang="en">
 <head>
  <title>
</title>
<meta http-equiv="Content-Type" content="text/html;charset=utf-8" />
  <meta name='ocr-system' content='tesseract 3.04.00' />
  <meta name='ocr-capabilities' content='ocr_page ocr_carea ocr_par ocr_line ocrx_word'/>
</head>
<body>
  <div class='ocr_page' id='page_1' title='image "./manualetotiusju00craigoog_0300.png"; bbox 0 0 2474 3946; ppageno 0'>
   <div class='ocr_carea' id='block_1_1' title="bbox 752 145 862 192">
    <p class='ocr_par' dir='ltr' id='par_1_1' title="bbox 752 145 862 192">
     <span class='ocr_line' id='line_1_1' title="bbox 752 145 862 192; baseline 0.018 -2"><span class='ocrx_word' id='word_1_1' title='bbox 752 145 862 192; x_wconf 32' lang='lat' dir='ltr'><strong>”nt-¹¹5:</strong></span> 
     </span>
    </p>
   </div>
   <div class='ocr_carea' id='block_1_2' title="bbox 126 215 1099 410">
    <p class='ocr_par' dir='ltr' id='par_1_2' title="bbox 126 215 1099 410">
     <span class='ocr_line' id='line_1_2' title="bbox 470 215 1093 275; baseline 0.008 -5"><span class='ocrx_word' id='word_1_2' title='bbox 470 219 557 270; x_wconf 78' lang='lat' dir='ltr'><strong>nmen</strong></span> <span class='ocrx_word' id='word_1_3' title='bbox 576 224 733 274; x_wconf 79' lang='lat' dir='ltr'><strong>succurre.</strong></span> <span class='ocrx_word' id='word_1_4' title='bbox 1035 215 1093 275; x_wconf 84' lang='grc'><strong>333</strong></span> 
     </span>
     <span class='ocr_line' id='line_1_3' title="bbox 126 286 1099 410; baseline 0.006 -28"><span class='ocrx_word' id='word_1_5' title='bbox 126 317 293 382; x_wconf 75' lang='lat' dir='ltr'><strong>meandum</strong></span> <span class='ocrx_word' id='word_1_6' title='bbox 314 319 392 384; x_wconf 87' lang='lat' dir='ltr'><strong>inire</strong></span> <span class='ocrx_word' id='word_1_7' title='bbox 408 321 585 404; x_wconf 83' lang='lat' dir='ltr'><strong>eonjugium</strong></span> <span class='ocrx_word' id='word_1_8' title='bbox 602 343 610 385; x_wconf 83' lang='lat' dir='ltr'><strong>r</strong></span> <span class='ocrx_word' id='word_1_9' title='bbox 632 324 706 387; x_wconf 90' lang='lat' dir='ltr'><strong>iilud</strong></span> <span class='ocrx_word' id='word_1_10' title='bbox 728 286 922 407; x_wconf 61' lang='lat' dir='ltr'><strong>probaturos</strong></span> <span class='ocrx_word' id='word_1_11' title='bbox 939 344 1007 410; x_wconf 85' lang='lat' dir='ltr'><strong>cap.</strong></span> <span class='ocrx_word' id='word_1_12' title='bbox 1023 327 1099 389; x_wconf 83' lang='lat' dir='ltr'><strong>Fra·</strong></span> 
     </span>
    </p>
   </div>
   <div class='ocr_carea' id='block_1_3' title="bbox 126 409 1097 758">
    <p class='ocr_par' dir='ltr' id='par_1_3' title="bbox 126 409 1097 584">
     <span class='ocr_line' id='line_1_4' title="bbox 127 409 1097 496; baseline 0.011 -28"><span class='ocrx_word' id='word_1_13' title='bbox 127 409 293 478; x_wconf 68' lang='lat' dir='ltr'><strong>territatio,</strong></span> <span class='ocrx_word' id='word_1_14' title='bbox 320 409 356 472; x_wconf 84' lang='lat' dir='ltr'><strong>de</strong></span> <span class='ocrx_word' id='word_1_15' title='bbox 372 411 494 492; x_wconf 63' lang='lat' dir='ltr'><strong>scipta,</strong></span> <span class='ocrx_word' id='word_1_16' title='bbox 516 420 545 474; x_wconf 90' lang='lat' dir='ltr'><strong>et</strong></span> <span class='ocrx_word' id='word_1_17' title='bbox 569 431 606 475; x_wconf 87' lang='lat' dir='ltr'><strong>ex</strong></span> <span class='ocrx_word' id='word_1_18' title='bbox 624 431 691 494; x_wconf 85' lang='lat' dir='ltr'><strong>cap.</strong></span> <span class='ocrx_word' id='word_1_19' title='bbox 719 415 897 496; x_wconf 79' lang='lat' dir='ltr'><strong>Requr&#39;rirti,</strong></span> <span class='ocrx_word' id='word_1_20' title='bbox 923 433 1013 479; x_wconf 86' lang='lat' dir='ltr'><strong>causa</strong></span> <span class='ocrx_word' id='word_1_21' title='bbox 1036 420 1097 496; x_wconf 91' lang='grc'><strong>33,</strong></span> 
     </span>
     <span class='ocr_line' id='line_1_5' title="bbox 126 499 1095 584; baseline 0.01 -25"><span class='ocrx_word' id='word_1_22' title='bbox 126 517 156 580; x_wconf 92' lang='lat' dir='ltr'><strong>q.</strong></span> <span class='ocrx_word' id='word_1_23' title='bbox 166 500 194 569; x_wconf 85' lang='lat' dir='ltr'><strong>t,</strong></span> <span class='ocrx_word' id='word_1_24' title='bbox 209 499 351 577; x_wconf 84' lang='lat' dir='ltr'><strong>quamvis</strong></span> <span class='ocrx_word' id='word_1_25' title='bbox 365 499 696 578; x_wconf 76' lang='lat' dir='ltr'><strong>refragenturnonnuili</strong></span> <span class='ocrx_word' id='word_1_26' title='bbox 706 503 872 584; x_wconf 72' lang='lat' dir='ltr'><strong>tLenueux</strong></span> <span class='ocrx_word' id='word_1_27' title='bbox 885 505 965 567; x_wconf 86' lang='lat' dir='ltr'><strong>citati</strong></span> <span class='ocrx_word' id='word_1_28' title='bbox 982 517 1015 566; x_wconf 89' lang='lat' dir='ltr'><strong>n⁰</strong></span> <span class='ocrx_word' id='word_1_29' title='bbox 1025 507 1095 568; x_wconf 73' lang='grc'><strong>363.</strong></span> 
     </span>
    </p>

    <p class='ocr_par' dir='ltr' id='par_1_4' title="bbox 127 587 1097 758">
     <span class='ocr_line' id='line_1_6' title="bbox 163 587 1097 656; baseline 0.007 -9"><span class='ocrx_word' id='word_1_30' title='bbox 163 589 255 648; x_wconf 74' lang='grc'><strong>4335.</strong></span> <span class='ocrx_word' id='word_1_31' title='bbox 283 589 353 648; x_wconf 82' lang='lat' dir='ltr'><strong>rin</strong></span> <span class='ocrx_word' id='word_1_32' title='bbox 377 587 471 652; x_wconf 90' lang='lat' dir='ltr'><strong>dnbio</strong></span> <span class='ocrx_word' id='word_1_33' title='bbox 493 596 648 652; x_wconf 81' lang='lat' dir='ltr'><strong>antemon</strong></span> <span class='ocrx_word' id='word_1_34' title='bbox 664 591 889 654; x_wconf 81' lang='lat' dir='ltr'><strong>matrimonium</strong></span> <span class='ocrx_word' id='word_1_35' title='bbox 910 593 998 656; x_wconf 84' lang='lat' dir='ltr'><strong>tuerit</strong></span> <span class='ocrx_word' id='word_1_36' title='bbox 1021 611 1097 656; x_wconf 86' lang='lat' dir='ltr'><strong>eon·</strong></span> 
     </span>
     <span class='ocr_line' id='line_1_7' title="bbox 127 676 1096 758; baseline 0.01 -26"><span class='ocrx_word' id='word_1_37' title='bbox 127 695 142 732; x_wconf 82' lang='lat' dir='ltr'><strong>n</strong></span> <span class='ocrx_word' id='word_1_38' title='bbox 165 680 352 736; x_wconf 85' lang='lat' dir='ltr'><strong>summatum</strong></span> <span class='ocrx_word' id='word_1_39' title='bbox 375 676 420 738; x_wconf 91' lang='lat' dir='ltr'><strong>vet</strong></span> <span class='ocrx_word' id='word_1_40' title='bbox 445 695 522 752; x_wconf 91' lang='lat' dir='ltr'><strong>non,</strong></span> <span class='ocrx_word' id='word_1_41' title='bbox 543 677 742 756; x_wconf 74' lang='lat' dir='ltr'><strong>iudicandum</strong></span> <span class='ocrx_word' id='word_1_42' title='bbox 765 685 812 742; x_wconf 88' lang='lat' dir='ltr'><strong>est</strong></span> <span class='ocrx_word' id='word_1_43' title='bbox 832 689 1096 758; x_wconf 86' lang='lat' dir='ltr'><strong>consummatum,</strong></span> 
     </span>
    </p>
   </div>
   <div class='ocr_carea' id='block_1_4' title="bbox 5 763 1100 846">
    <p class='ocr_par' dir='ltr' id='par_1_5' title="bbox 5 763 1100 846">
     <span class='ocr_line' id='line_1_8' title="bbox 5 763 1100 846; baseline 0.009 -26"><span class='ocrx_word' id='word_1_44' title='bbox 5 798 8 802; x_wconf 91' lang='lat'><em>-</em></span> <span class='ocrx_word' id='word_1_45' title='bbox 127 785 142 820; x_wconf 73' lang='lat' dir='ltr'><strong>a</strong></span> <span class='ocrx_word' id='word_1_46' title='bbox 166 763 223 823; x_wconf 91' lang='lat' dir='ltr'><strong>nisi</strong></span> <span class='ocrx_word' id='word_1_47' title='bbox 246 764 419 844; x_wconf 88' lang='lat' dir='ltr'><strong>oppositum</strong></span> <span class='ocrx_word' id='word_1_48' title='bbox 434 767 598 846; x_wconf 80' lang='lat' dir='ltr'>probetur,</span> <span class='ocrx_word' id='word_1_49' title='bbox 622 774 655 829; x_wconf 89' lang='lat' dir='ltr'><strong>ut</strong></span> <span class='ocrx_word' id='word_1_50' title='bbox 678 768 881 830; x_wconf 78' lang='lat' dir='ltr'><strong>communiter</strong></span> <span class='ocrx_word' id='word_1_51' title='bbox 903 769 1013 832; x_wconf 89' lang='lat' dir='ltr'><strong>docent</strong></span> <span class='ocrx_word' id='word_1_52' title='bbox 1027 771 1100 832; x_wconf 84' lang='lat' dir='ltr'><strong>San·</strong></span> 
     </span>
    </p>
   </div>
   <div class='ocr_carea' id='block_1_5' title="bbox 121 851 1102 3668">
    <p class='ocr_par' dir='ltr' id='par_1_6' title="bbox 126 851 1101 1732">
     <span class='ocr_line' id='line_1_9' title="bbox 127 851 1097 938; baseline 0.01 -28"><span class='ocrx_word' id='word_1_53' title='bbox 127 875 142 908; x_wconf 77' lang='lat' dir='ltr'><strong>o</strong></span> <span class='ocrx_word' id='word_1_54' title='bbox 166 851 255 927; x_wconf 84' lang='lat' dir='ltr'><strong>chrz,</strong></span> <span class='ocrx_word' id='word_1_55' title='bbox 279 859 363 916; x_wconf 89' lang='lat' dir='ltr'><strong>etc...</strong></span> <span class='ocrx_word' id='word_1_56' title='bbox 388 855 422 916; x_wconf 88' lang='lat' dir='ltr'><strong>tn</strong></span> <span class='ocrx_word' id='word_1_57' title='bbox 454 853 548 918; x_wconf 91' lang='lat' dir='ltr'><strong>dubio</strong></span> <span class='ocrx_word' id='word_1_58' title='bbox 568 873 607 918; x_wconf 84' lang='lat' dir='ltr'><strong>an</strong></span> <span class='ocrx_word' id='word_1_59' title='bbox 628 855 803 936; x_wconf 79' lang='lat' dir='ltr'><strong>impotentia</strong></span> <span class='ocrx_word' id='word_1_60' title='bbox 827 859 1030 938; x_wconf 83' lang='lat' dir='ltr'><strong>praecesserit,</strong></span> <span class='ocrx_word' id='word_1_61' title='bbox 1053 857 1097 920; x_wconf 87' lang='lat' dir='ltr'><strong>vet</strong></span> 
     </span>
     <span class='ocr_line' id='line_1_10' title="bbox 128 940 1097 1027; baseline 0.013 -28"><span class='ocrx_word' id='word_1_62' title='bbox 128 963 143 999; x_wconf 80' lang='lat' dir='ltr'><strong>o</strong></span> <span class='ocrx_word' id='word_1_63' title='bbox 167 940 1097 1027; x_wconf 82' lang='lat' dir='ltr'><strong>secutefueritmatrimonium,discrepnntDii...:sententia...</strong></span> 
     </span>
     <span class='ocr_line' id='line_1_11' title="bbox 127 1031 1100 1113; baseline 0.006 -23"><span class='ocrx_word' id='word_1_64' title='bbox 127 1053 143 1086; x_wconf 81' lang='lat' dir='ltr'><strong>r</strong></span> <span class='ocrx_word' id='word_1_65' title='bbox 167 1031 646 1113; x_wconf 83' lang='lat' dir='ltr'><strong>probabiliordicitimpotentiam</strong></span> <span class='ocrx_word' id='word_1_66' title='bbox 655 1034 1100 1096; x_wconf 87' lang='lat' dir='ltr'><strong>censendamesseanteceden·</strong></span> 
     </span>
     <span class='ocr_line' id='line_1_12' title="bbox 126 1120 1097 1204; baseline 0.007 -26"><span class='ocrx_word' id='word_1_67' title='bbox 126 1139 143 1178; x_wconf 80' lang='lat' dir='ltr'><strong>u</strong></span> <span class='ocrx_word' id='word_1_68' title='bbox 168 1125 267 1184; x_wconf 85' lang='lat' dir='ltr'><strong>tem...</strong></span> <span class='ocrx_word' id='word_1_69' title='bbox 281 1120 363 1204; x_wconf 87' lang='lat' dir='ltr'><strong>(vide</strong></span> <span class='ocrx_word' id='word_1_70' title='bbox 373 1123 504 1184; x_wconf 86' lang='lat' dir='ltr'><strong>rationes</strong></span> <span class='ocrx_word' id='word_1_71' title='bbox 517 1122 547 1182; x_wconf 91' lang='lat' dir='ltr'><strong>in</strong></span> <span class='ocrx_word' id='word_1_72' title='bbox 556 1125 699 1198; x_wconf 77' lang='lat' dir='ltr'><strong>auctore).</strong></span> <span class='ocrx_word' id='word_1_73' title='bbox 708 1123 896 1186; x_wconf 83' lang='lat' dir='ltr'><strong>Conveniunt</strong></span> <span class='ocrx_word' id='word_1_74' title='bbox 903 1131 1004 1184; x_wconf 89' lang='lat' dir='ltr'><strong>autem</strong></span> <span class='ocrx_word' id='word_1_75' title='bbox 1013 1123 1097 1186; x_wconf 74' lang='lat' dir='ltr'><strong>(lent.</strong></span> 
     </span>
     <span class='ocr_line' id='line_1_13' title="bbox 128 1209 1098 1292; baseline 0.01 -28"><span class='ocrx_word' id='word_1_76' title='bbox 128 1229 143 1264; x_wconf 82' lang='lat' dir='ltr'><strong>o</strong></span> <span class='ocrx_word' id='word_1_77' title='bbox 166 1211 295 1287; x_wconf 66' lang='lat' dir='ltr'><strong>Toum„</strong></span> <span class='ocrx_word' id='word_1_78' title='bbox 310 1217 410 1286; x_wconf 86' lang='lat' dir='ltr'><strong>etc...,</strong></span> <span class='ocrx_word' id='word_1_79' title='bbox 425 1209 507 1291; x_wconf 89' lang='lat' dir='ltr'><strong>qubd</strong></span> <span class='ocrx_word' id='word_1_80' title='bbox 522 1209 546 1271; x_wconf 91' lang='lat' dir='ltr'><strong>si</strong></span> <span class='ocrx_word' id='word_1_81' title='bbox 561 1210 738 1292; x_wconf 76' lang='lat' dir='ltr'><strong>impotentia</strong></span> <span class='ocrx_word' id='word_1_82' title='bbox 753 1230 814 1272; x_wconf 91' lang='lat' dir='ltr'><strong>non</strong></span> <span class='ocrx_word' id='word_1_83' title='bbox 829 1211 918 1273; x_wconf 84' lang='lat' dir='ltr'><strong>tuerit</strong></span> <span class='ocrx_word' id='word_1_84' title='bbox 936 1211 1098 1290; x_wconf 79' lang='lat' dir='ltr'><strong>naturalis,</strong></span> 
     </span>
     <span class='ocr_line' id='line_1_14' title="bbox 126 1297 1098 1380; baseline 0.002 -21"><span class='ocrx_word' id='word_1_85' title='bbox 126 1319 143 1352; x_wconf 80' lang='lat' dir='ltr'><strong>n</strong></span> <span class='ocrx_word' id='word_1_86' title='bbox 167 1297 220 1359; x_wconf 87' lang='lat' dir='ltr'><strong>sed</strong></span> <span class='ocrx_word' id='word_1_87' title='bbox 233 1297 437 1373; x_wconf 86' lang='lat' dir='ltr'><strong>accidentalis,</strong></span> <span class='ocrx_word' id='word_1_88' title='bbox 454 1316 564 1380; x_wconf 84' lang='lat' dir='ltr'><strong>nempe</strong></span> <span class='ocrx_word' id='word_1_89' title='bbox 578 1317 614 1361; x_wconf 90' lang='lat' dir='ltr'><strong>ex</strong></span> <span class='ocrx_word' id='word_1_90' title='bbox 629 1299 787 1374; x_wconf 84' lang='lat' dir='ltr'><strong>maleficio,</strong></span> <span class='ocrx_word' id='word_1_91' title='bbox 799 1301 891 1362; x_wconf 88' lang='lat' dir='ltr'><strong>velex</strong></span> <span class='ocrx_word' id='word_1_92' title='bbox 904 1300 1098 1373; x_wconf 76' lang='lat' dir='ltr'><strong>abscissione,</strong></span> 
     </span>
     <span class='ocr_line' id='line_1_15' title="bbox 127 1387 1100 1470; baseline 0.006 -26"><span class='ocrx_word' id='word_1_93' title='bbox 127 1408 143 1444; x_wconf 77' lang='lat' dir='ltr'><strong>a</strong></span> <span class='ocrx_word' id='word_1_94' title='bbox 167 1393 220 1448; x_wconf 81' lang='lat' dir='ltr'><strong>aut</strong></span> <span class='ocrx_word' id='word_1_95' title='bbox 239 1387 297 1450; x_wconf 86' lang='lat' dir='ltr'><strong>atio</strong></span> <span class='ocrx_word' id='word_1_96' title='bbox 311 1387 436 1460; x_wconf 87' lang='lat' dir='ltr'><strong>morbo,</strong></span> <span class='ocrx_word' id='word_1_97' title='bbox 462 1393 534 1449; x_wconf 92' lang='lat' dir='ltr'><strong>tnnc</strong></span> <span class='ocrx_word' id='word_1_98' title='bbox 549 1387 579 1448; x_wconf 93' lang='lat' dir='ltr'><strong>in</strong></span> <span class='ocrx_word' id='word_1_99' title='bbox 602 1387 694 1449; x_wconf 90' lang='lat' dir='ltr'><strong>dubio</strong></span> <span class='ocrx_word' id='word_1_100' title='bbox 708 1389 901 1468; x_wconf 86' lang='lat' dir='ltr'><strong>praesumitur</strong></span> <span class='ocrx_word' id='word_1_101' title='bbox 915 1390 1100 1470; x_wconf 73' lang='lat' dir='ltr'><strong>precessisse</strong></span> 
     </span>
     <span class='ocr_line' id='line_1_16' title="bbox 126 1474 1101 1558; baseline 0.006 -24"><span class='ocrx_word' id='word_1_102' title='bbox 126 1495 143 1533; x_wconf 81' lang='lat' dir='ltr'><strong>r</strong></span> <span class='ocrx_word' id='word_1_103' title='bbox 168 1477 417 1551; x_wconf 80' lang='lat' dir='ltr'><strong>matrimonium,</strong></span> <span class='ocrx_word' id='word_1_104' title='bbox 438 1474 463 1536; x_wconf 87' lang='lat' dir='ltr'><strong>si</strong></span> <span class='ocrx_word' id='word_1_105' title='bbox 485 1475 631 1556; x_wconf 82' lang='lat' dir='ltr'><strong>allegetur</strong></span> <span class='ocrx_word' id='word_1_106' title='bbox 653 1476 734 1538; x_wconf 89' lang='lat' dir='ltr'><strong>brevi</strong></span> <span class='ocrx_word' id='word_1_107' title='bbox 761 1483 827 1558; x_wconf 89' lang='lat' dir='ltr'><strong>post</strong></span> <span class='ocrx_word' id='word_1_108' title='bbox 849 1479 915 1557; x_wconf 87' lang='lat' dir='ltr'><strong>ejus</strong></span> <span class='ocrx_word' id='word_1_109' title='bbox 929 1477 1101 1540; x_wconf 87' lang='lat' dir='ltr'><strong>celebratio·</strong></span> 
     </span>
     <span class='ocr_line' id='line_1_17' title="bbox 127 1563 1098 1648; baseline 0.008 -26"><span class='ocrx_word' id='word_1_110' title='bbox 127 1585 143 1621; x_wconf 81' lang='lat' dir='ltr'><strong>n</strong></span> <span class='ocrx_word' id='word_1_111' title='bbox 168 1581 257 1642; x_wconf 91' lang='lat' dir='ltr'><strong>nem;</strong></span> <span class='ocrx_word' id='word_1_112' title='bbox 273 1583 360 1627; x_wconf 86' lang='lat' dir='ltr'><strong>secus</strong></span> <span class='ocrx_word' id='word_1_113' title='bbox 378 1565 449 1627; x_wconf 81' lang='lat' dir='ltr'><strong>verb</strong></span> <span class='ocrx_word' id='word_1_114' title='bbox 468 1563 492 1626; x_wconf 89' lang='lat' dir='ltr'><strong>si</strong></span> <span class='ocrx_word' id='word_1_115' title='bbox 507 1572 575 1646; x_wconf 88' lang='lat' dir='ltr'><strong>post</strong></span> <span class='ocrx_word' id='word_1_116' title='bbox 588 1564 713 1647; x_wconf 78' lang='lat' dir='ltr'><strong>longum</strong></span> <span class='ocrx_word' id='word_1_117' title='bbox 727 1570 858 1646; x_wconf 88' lang='lat' dir='ltr'><strong>tempus.</strong></span> <span class='ocrx_word' id='word_1_118' title='bbox 884 1585 900 1624; x_wconf 79' lang='lat' dir='ltr'><strong>n</strong></span> <span class='ocrx_word' id='word_1_119' title='bbox 918 1567 951 1629; x_wconf 84' lang='lat' dir='ltr'><strong>S.</strong></span> <span class='ocrx_word' id='word_1_120' title='bbox 976 1565 1098 1648; x_wconf 84' lang='lat' dir='ltr'><strong>Lignor.</strong></span> 
     </span>
     <span class='ocr_line' id='line_1_18' title="bbox 127 1652 413 1732; baseline -0.003 -18"><span class='ocrx_word' id='word_1_121' title='bbox 127 1652 192 1732; x_wconf 81' lang='lat' dir='ltr'><strong>(tib.</strong></span> <span class='ocrx_word' id='word_1_122' title='bbox 208 1656 247 1726; x_wconf 84' lang='lat'><strong>6,</strong></span> <span class='ocrx_word' id='word_1_123' title='bbox 264 1661 298 1715; x_wconf 82' lang='lat' dir='ltr'><strong>n⁰</strong></span> <span class='ocrx_word' id='word_1_124' title='bbox 313 1655 413 1726; x_wconf 80' lang='lat' dir='ltr'><strong>ttott.</strong></span> 
     </span>
    </p>

    <p class='ocr_par' dir='ltr' id='par_1_7' title="bbox 129 1741 1099 2002">
     <span class='ocr_line' id='line_1_19' title="bbox 166 1741 1099 1824; baseline 0 -21"><span class='ocrx_word' id='word_1_125' title='bbox 166 1744 259 1804; x_wconf 74' lang='lat' dir='ltr'><strong>trau.</strong></span> <span class='ocrx_word' id='word_1_126' title='bbox 282 1744 316 1804; x_wconf 89' lang='lat' dir='ltr'><strong>In</strong></span> <span class='ocrx_word' id='word_1_127' title='bbox 329 1743 417 1804; x_wconf 83' lang='lat' dir='ltr'><strong>variis</strong></span> <span class='ocrx_word' id='word_1_128' title='bbox 430 1741 530 1804; x_wconf 91' lang='lat' dir='ltr'><strong>dubiis</strong></span> <span class='ocrx_word' id='word_1_129' title='bbox 543 1761 611 1822; x_wconf 86' lang='lat' dir='ltr'><strong>quae</strong></span> <span class='ocrx_word' id='word_1_130' title='bbox 622 1743 654 1804; x_wconf 96' lang='lat' dir='ltr'><strong>in</strong></span> <span class='ocrx_word' id='word_1_131' title='bbox 668 1741 726 1804; x_wconf 73' lang='lat' dir='ltr'><strong>hac</strong></span> <span class='ocrx_word' id='word_1_132' title='bbox 738 1744 864 1804; x_wconf 76' lang='lat' dir='ltr'><strong>materie</strong></span> <span class='ocrx_word' id='word_1_133' title='bbox 877 1742 949 1805; x_wconf 92' lang='lat' dir='ltr'><strong>oriri</strong></span> <span class='ocrx_word' id='word_1_134' title='bbox 963 1749 1099 1824; x_wconf 89' lang='lat' dir='ltr'><strong>possunt,</strong></span> 
     </span>
     <span class='ocr_line' id='line_1_20' title="bbox 129 1829 1099 1914; baseline 0.002 -22"><span class='ocrx_word' id='word_1_135' title='bbox 129 1848 185 1914; x_wconf 89' lang='lat' dir='ltr'><strong>pro</strong></span> <span class='ocrx_word' id='word_1_136' title='bbox 198 1831 303 1910; x_wconf 79' lang='lat' dir='ltr'><strong>regula</strong></span> <span class='ocrx_word' id='word_1_137' title='bbox 317 1831 447 1912; x_wconf 86' lang='lat' dir='ltr'><strong>generati</strong></span> <span class='ocrx_word' id='word_1_138' title='bbox 463 1831 565 1892; x_wconf 83' lang='lat' dir='ltr'><strong>heberi</strong></span> <span class='ocrx_word' id='word_1_139' title='bbox 582 1831 670 1892; x_wconf 89' lang='lat' dir='ltr'><strong>debet</strong></span> <span class='ocrx_word' id='word_1_140' title='bbox 684 1849 840 1894; x_wconf 86' lang='lat' dir='ltr'><strong>recurrere</strong></span> <span class='ocrx_word' id='word_1_141' title='bbox 854 1829 893 1892; x_wconf 89' lang='lat' dir='ltr'><strong>ad</strong></span> <span class='ocrx_word' id='word_1_142' title='bbox 906 1831 1099 1912; x_wconf 87' lang='lat' dir='ltr'><strong>Episcopum.</strong></span> 
     </span>
     <span class='ocr_line' id='line_1_21' title="bbox 133 1919 789 2002; baseline 0 -22"><span class='ocrx_word' id='word_1_143' title='bbox 133 1919 205 1981; x_wconf 82' lang='lat' dir='ltr'><strong>vide</strong></span> <span class='ocrx_word' id='word_1_144' title='bbox 219 1920 343 2002; x_wconf 88' lang='lat' dir='ltr'><strong>insuper</strong></span> <span class='ocrx_word' id='word_1_145' title='bbox 356 1919 484 1982; x_wconf 88' lang='lat' dir='ltr'><strong>dicenda</strong></span> <span class='ocrx_word' id='word_1_146' title='bbox 499 1919 574 1980; x_wconf 84' lang='lat' dir='ltr'><strong>intra</strong></span> <span class='ocrx_word' id='word_1_147' title='bbox 591 1922 691 1996; x_wconf 85' lang='grc'><strong>(6033,</strong></span> <span class='ocrx_word' id='word_1_148' title='bbox 703 1919 789 1996; x_wconf 79' lang='lat' dir='ltr'><strong>etc).</strong></span> 
     </span>
    </p>

    <p class='ocr_par' dir='ltr' id='par_1_8' title="bbox 121 2007 1102 3242">
     <span class='ocr_line' id='line_1_22' title="bbox 167 2007 1101 2089; baseline 0.005 -21"><span class='ocrx_word' id='word_1_149' title='bbox 167 2010 259 2070; x_wconf 74' lang='lat' dir='ltr'><strong>aaut.</strong></span> <span class='ocrx_word' id='word_1_150' title='bbox 282 2042 319 2054; x_wconf 91' lang='lat'>-</span> <span class='ocrx_word' id='word_1_151' title='bbox 340 2009 377 2070; x_wconf 88' lang='lat'><strong>11.</strong></span> <span class='ocrx_word' id='word_1_152' title='bbox 400 2011 483 2070; x_wconf 83' lang='lat' dir='ltr'><strong>AEtas</strong></span> <span class='ocrx_word' id='word_1_153' title='bbox 496 2008 641 2089; x_wconf 82' lang='lat' dir='ltr'><strong>requisita</strong></span> <span class='ocrx_word' id='word_1_154' title='bbox 653 2007 691 2068; x_wconf 90' lang='lat' dir='ltr'><strong>ad</strong></span> <span class='ocrx_word' id='word_1_155' title='bbox 705 2007 836 2071; x_wconf 85' lang='lat' dir='ltr'><strong>valorem</strong></span> <span class='ocrx_word' id='word_1_156' title='bbox 858 2008 1042 2072; x_wconf 81' lang='lat' dir='ltr'><strong>Matrimonii</strong></span> <span class='ocrx_word' id='word_1_157' title='bbox 1057 2015 1101 2073; x_wconf 88' lang='lat' dir='ltr'><strong>est</strong></span> 
     </span>
     <span class='ocr_line' id='line_1_23' title="bbox 125 2096 1102 2180; baseline 0.001 -21"><span class='ocrx_word' id='word_1_158' title='bbox 125 2115 228 2159; x_wconf 83' lang='lat' dir='ltr'><strong>annus</strong></span> <span class='ocrx_word' id='word_1_159' title='bbox 242 2099 280 2158; x_wconf 76' lang='lat' dir='ltr'><strong>tt</strong></span> <span class='ocrx_word' id='word_1_160' title='bbox 305 2096 473 2179; x_wconf 77' lang='lat' dir='ltr'><strong>completus</strong></span> <span class='ocrx_word' id='word_1_161' title='bbox 487 2115 542 2178; x_wconf 92' lang='lat' dir='ltr'><strong>pro</strong></span> <span class='ocrx_word' id='word_1_162' title='bbox 556 2097 642 2172; x_wconf 90' lang='lat' dir='ltr'><strong>viris,</strong></span> <span class='ocrx_word' id='word_1_163' title='bbox 657 2105 686 2157; x_wconf 88' lang='lat' dir='ltr'><strong>et</strong></span> <span class='ocrx_word' id='word_1_164' title='bbox 700 2101 737 2159; x_wconf 76' lang='grc'><strong>33</strong></span> <span class='ocrx_word' id='word_1_165' title='bbox 755 2099 923 2180; x_wconf 87' lang='lat' dir='ltr'><strong>completus</strong></span> <span class='ocrx_word' id='word_1_166' title='bbox 945 2117 1000 2180; x_wconf 88' lang='lat' dir='ltr'><strong>pro</strong></span> <span class='ocrx_word' id='word_1_167' title='bbox 1018 2098 1102 2161; x_wconf 83' lang='lat' dir='ltr'><strong>temi-</strong></span> 
     </span>
     <span class='ocr_line' id='line_1_24' title="bbox 127 2185 1100 2270; baseline 0.003 -22"><span class='ocrx_word' id='word_1_168' title='bbox 127 2186 177 2248; x_wconf 84' lang='lat' dir='ltr'><strong>nis</strong></span> <span class='ocrx_word' id='word_1_169' title='bbox 188 2205 195 2245; x_wconf 92' lang='lat'><strong>:</strong></span> <span class='ocrx_word' id='word_1_170' title='bbox 207 2185 247 2246; x_wconf 86' lang='lat' dir='ltr'><strong>ite</strong></span> <span class='ocrx_word' id='word_1_171' title='bbox 261 2203 328 2267; x_wconf 83' lang='lat' dir='ltr'><strong>cap.</strong></span> <span class='ocrx_word' id='word_1_172' title='bbox 340 2189 510 2262; x_wconf 71' lang='lat' dir='ltr'><strong>aruerit,</strong></span> <span class='ocrx_word' id='word_1_173' title='bbox 525 2185 559 2247; x_wconf 86' lang='lat' dir='ltr'><strong>de</strong></span> <span class='ocrx_word' id='word_1_174' title='bbox 573 2185 700 2266; x_wconf 77' lang='lat' dir='ltr'><strong>despera.</strong></span> <span class='ocrx_word' id='word_1_175' title='bbox 717 2187 881 2270; x_wconf 48' lang='lat' dir='ltr'><strong>imperante</strong></span> <span class='ocrx_word' id='word_1_176' title='bbox 895 2187 1100 2251; x_wconf 84' lang='lat' dir='ltr'><strong>bancaetatem</strong></span> 
     </span>
     <span class='ocr_line' id='line_1_25' title="bbox 125 2275 1098 2357; baseline 0.004 -21"><span class='ocrx_word' id='word_1_177' title='bbox 125 2281 245 2336; x_wconf 89' lang='lat' dir='ltr'><strong>certum</strong></span> <span class='ocrx_word' id='word_1_178' title='bbox 254 2281 299 2334; x_wconf 89' lang='lat' dir='ltr'><strong>est</strong></span> <span class='ocrx_word' id='word_1_179' title='bbox 308 2275 484 2355; x_wconf 82' lang='lat' dir='ltr'><strong>conjugium</strong></span> <span class='ocrx_word' id='word_1_180' title='bbox 492 2292 556 2336; x_wconf 86' lang='lat' dir='ltr'><strong>esse</strong></span> <span class='ocrx_word' id='word_1_181' title='bbox 569 2275 684 2336; x_wconf 88' lang='lat' dir='ltr'><strong>nntium</strong></span> <span class='ocrx_word' id='word_1_182' title='bbox 694 2322 702 2353; x_wconf 88' lang='lat'><strong>,</strong></span> <span class='ocrx_word' id='word_1_183' title='bbox 712 2277 764 2337; x_wconf 90' lang='lat' dir='ltr'><strong>etsi</strong></span> <span class='ocrx_word' id='word_1_184' title='bbox 781 2277 867 2357; x_wconf 86' lang='lat' dir='ltr'><strong>pauci</strong></span> <span class='ocrx_word' id='word_1_185' title='bbox 874 2277 1012 2339; x_wconf 88' lang='lat' dir='ltr'><strong>deessent</strong></span> <span class='ocrx_word' id='word_1_186' title='bbox 1023 2276 1098 2357; x_wconf 87' lang='lat' dir='ltr'><strong>dies,</strong></span> 
     </span>
     <span class='ocr_line' id='line_1_26' title="bbox 126 2361 1096 2447; baseline 0.004 -23"><span class='ocrx_word' id='word_1_187' title='bbox 126 2362 185 2425; x_wconf 91' lang='lat' dir='ltr'><strong>nisi</strong></span> <span class='ocrx_word' id='word_1_188' title='bbox 200 2361 320 2423; x_wconf 81' lang='lat' dir='ltr'><strong>matitia</strong></span> <span class='ocrx_word' id='word_1_189' title='bbox 338 2363 487 2445; x_wconf 80' lang='lat' dir='ltr'><strong>suppleret</strong></span> <span class='ocrx_word' id='word_1_190' title='bbox 501 2371 632 2441; x_wconf 78' lang='lat' dir='ltr'><strong>etatem,</strong></span> <span class='ocrx_word' id='word_1_191' title='bbox 648 2371 681 2426; x_wconf 92' lang='lat' dir='ltr'><strong>ut</strong></span> <span class='ocrx_word' id='word_1_192' title='bbox 695 2363 822 2426; x_wconf 87' lang='lat' dir='ltr'><strong>habetur</strong></span> <span class='ocrx_word' id='word_1_193' title='bbox 838 2367 869 2427; x_wconf 93' lang='lat' dir='ltr'><strong>in</strong></span> <span class='ocrx_word' id='word_1_194' title='bbox 889 2383 956 2447; x_wconf 87' lang='lat' dir='ltr'><strong>cap.</strong></span> <span class='ocrx_word' id='word_1_195' title='bbox 974 2366 1096 2439; x_wconf 78' lang='lat' dir='ltr'><strong>Patere,</strong></span> 
     </span>
     <span class='ocr_line' id='line_1_27' title="bbox 124 2449 1100 2534; baseline 0.006 -22"><span class='ocrx_word' id='word_1_196' title='bbox 124 2449 161 2512; x_wconf 83' lang='lat' dir='ltr'><strong>de</strong></span> <span class='ocrx_word' id='word_1_197' title='bbox 173 2450 253 2532; x_wconf 83' lang='lat' dir='ltr'><strong>desp.</strong></span> <span class='ocrx_word' id='word_1_198' title='bbox 270 2451 399 2532; x_wconf 73' lang='lat' dir='ltr'><strong>impub,</strong></span> <span class='ocrx_word' id='word_1_199' title='bbox 416 2450 466 2513; x_wconf 93' lang='lat' dir='ltr'><strong>ubi</strong></span> <span class='ocrx_word' id='word_1_200' title='bbox 486 2449 618 2514; x_wconf 88' lang='lat' dir='ltr'><strong>dicitur:</strong></span> <span class='ocrx_word' id='word_1_201' title='bbox 636 2473 652 2512; x_wconf 82' lang='lat' dir='ltr'><strong>r</strong></span> <span class='ocrx_word' id='word_1_202' title='bbox 669 2454 790 2516; x_wconf 85' lang='lat' dir='ltr'><strong>Certum</strong></span> <span class='ocrx_word' id='word_1_203' title='bbox 805 2461 850 2516; x_wconf 87' lang='lat' dir='ltr'><strong>est</strong></span> <span class='ocrx_word' id='word_1_204' title='bbox 869 2472 940 2516; x_wconf 91' lang='lat' dir='ltr'><strong>eum</strong></span> <span class='ocrx_word' id='word_1_205' title='bbox 954 2455 1100 2534; x_wconf 80' lang='lat' dir='ltr'><strong>puberem</strong></span> 
     </span>
     <span class='ocr_line' id='line_1_28' title="bbox 123 2539 1099 2623; baseline 0.004 -21"><span class='ocrx_word' id='word_1_206' title='bbox 123 2561 140 2602; x_wconf 83' lang='lat' dir='ltr'><strong>r</strong></span> <span class='ocrx_word' id='word_1_207' title='bbox 165 2557 233 2601; x_wconf 87' lang='lat' dir='ltr'><strong>esse</strong></span> <span class='ocrx_word' id='word_1_208' title='bbox 248 2539 300 2620; x_wconf 87' lang='lat' dir='ltr'><strong>qui</strong></span> <span class='ocrx_word' id='word_1_209' title='bbox 315 2557 351 2601; x_wconf 86' lang='lat' dir='ltr'><strong>ex</strong></span> <span class='ocrx_word' id='word_1_210' title='bbox 364 2539 466 2602; x_wconf 85' lang='lat' dir='ltr'><strong>babitu</strong></span> <span class='ocrx_word' id='word_1_211' title='bbox 484 2541 618 2620; x_wconf 88' lang='lat' dir='ltr'><strong>corporis</strong></span> <span class='ocrx_word' id='word_1_212' title='bbox 632 2542 820 2622; x_wconf 81' lang='lat' dir='ltr'><strong>pubertatem</strong></span> <span class='ocrx_word' id='word_1_213' title='bbox 840 2540 987 2616; x_wconf 86' lang='lat' dir='ltr'><strong>ostendit,</strong></span> <span class='ocrx_word' id='word_1_214' title='bbox 1003 2548 1034 2604; x_wconf 85' lang='lat' dir='ltr'><strong>et</strong></span> <span class='ocrx_word' id='word_1_215' title='bbox 1047 2561 1099 2623; x_wconf 79' lang='lat' dir='ltr'><strong>ge·</strong></span> 
     </span>
     <span class='ocr_line' id='line_1_29' title="bbox 122 2627 1101 2709; baseline 0 -19"><span class='ocrx_word' id='word_1_216' title='bbox 122 2650 140 2690; x_wconf 75' lang='lat' dir='ltr'><strong>n</strong></span> <span class='ocrx_word' id='word_1_217' title='bbox 167 2645 275 2690; x_wconf 80' lang='lat' dir='ltr'><strong>necare</strong></span> <span class='ocrx_word' id='word_1_218' title='bbox 295 2627 359 2706; x_wconf 80' lang='lat' dir='ltr'><strong>jam</strong></span> <span class='ocrx_word' id='word_1_219' title='bbox 381 2635 486 2709; x_wconf 83' lang='lat' dir='ltr'><strong>potest</strong></span> <span class='ocrx_word' id='word_1_220' title='bbox 512 2649 529 2688; x_wconf 85' lang='lat' dir='ltr'><strong>r</strong></span> <span class='ocrx_word' id='word_1_221' title='bbox 556 2629 620 2690; x_wconf 89' lang='lat' dir='ltr'><strong>Hoc</strong></span> <span class='ocrx_word' id='word_1_222' title='bbox 642 2629 828 2709; x_wconf 83' lang='lat' dir='ltr'><strong>dignoscitur</strong></span> <span class='ocrx_word' id='word_1_223' title='bbox 850 2629 892 2704; x_wconf 90' lang='lat' dir='ltr'><strong>si,</strong></span> <span class='ocrx_word' id='word_1_224' title='bbox 908 2646 937 2688; x_wconf 87' lang='lat' dir='ltr'><strong>v.</strong></span> <span class='ocrx_word' id='word_1_225' title='bbox 962 2647 1005 2707; x_wconf 81' lang='lat' dir='ltr'><strong>g.,</strong></span> <span class='ocrx_word' id='word_1_226' title='bbox 1024 2647 1101 2708; x_wconf 91' lang='lat' dir='ltr'><strong>puer</strong></span> 
     </span>
     <span class='ocr_line' id='line_1_30' title="bbox 121 2713 1101 2798; baseline -0.003 -18"><span class='ocrx_word' id='word_1_227' title='bbox 121 2717 188 2798; x_wconf 82' lang='lat' dir='ltr'><strong>jam</strong></span> <span class='ocrx_word' id='word_1_228' title='bbox 209 2717 349 2779; x_wconf 86' lang='lat' dir='ltr'><strong>babuerit</strong></span> <span class='ocrx_word' id='word_1_229' title='bbox 362 2717 520 2798; x_wconf 85' lang='lat' dir='ltr'><strong>copulem,</strong></span> <span class='ocrx_word' id='word_1_230' title='bbox 541 2719 586 2779; x_wconf 82' lang='lat' dir='ltr'><strong>rel</strong></span> <span class='ocrx_word' id='word_1_231' title='bbox 601 2717 626 2778; x_wconf 91' lang='lat' dir='ltr'><strong>si</strong></span> <span class='ocrx_word' id='word_1_232' title='bbox 637 2717 701 2796; x_wconf 86' lang='lat' dir='ltr'><strong>jem</strong></span> <span class='ocrx_word' id='word_1_233' title='bbox 715 2717 753 2777; x_wconf 90' lang='lat' dir='ltr'><strong>sit</strong></span> <span class='ocrx_word' id='word_1_234' title='bbox 771 2723 858 2796; x_wconf 84' lang='lat' dir='ltr'><strong>aptus</strong></span> <span class='ocrx_word' id='word_1_235' title='bbox 871 2713 909 2776; x_wconf 86' lang='lat' dir='ltr'><strong>ad</strong></span> <span class='ocrx_word' id='word_1_236' title='bbox 924 2714 1101 2777; x_wconf 83' lang='lat' dir='ltr'><strong>effusionem</strong></span> 
     </span>
     <span class='ocr_line' id='line_1_31' title="bbox 122 2803 1100 2888; baseline -0.002 -20"><span class='ocrx_word' id='word_1_237' title='bbox 122 2804 272 2880; x_wconf 83' lang='lat' dir='ltr'><strong>seminis,</strong></span> <span class='ocrx_word' id='word_1_238' title='bbox 287 2805 333 2868; x_wconf 88' lang='lat' dir='ltr'><strong>vel</strong></span> <span class='ocrx_word' id='word_1_239' title='bbox 347 2805 372 2867; x_wconf 93' lang='lat' dir='ltr'><strong>si</strong></span> <span class='ocrx_word' id='word_1_240' title='bbox 386 2807 484 2888; x_wconf 87' lang='lat' dir='ltr'><strong>puelia</strong></span> <span class='ocrx_word' id='word_1_241' title='bbox 497 2807 560 2884; x_wconf 85' lang='lat' dir='ltr'><strong>jam</strong></span> <span class='ocrx_word' id='word_1_242' title='bbox 579 2805 683 2867; x_wconf 90' lang='lat' dir='ltr'><strong>babuit</strong></span> <span class='ocrx_word' id='word_1_243' title='bbox 697 2814 899 2865; x_wconf 87' lang='lat' dir='ltr'><strong>menstruum.</strong></span> <span class='ocrx_word' id='word_1_244' title='bbox 917 2803 987 2865; x_wconf 79' lang='lat' dir='ltr'><strong>Hac</strong></span> <span class='ocrx_word' id='word_1_245' title='bbox 999 2809 1100 2866; x_wconf 74' lang='lat' dir='ltr'><strong>umen</strong></span> 
     </span>
     <span class='ocr_line' id='line_1_32' title="bbox 122 2891 1100 2976; baseline -0.003 -19"><span class='ocrx_word' id='word_1_246' title='bbox 122 2895 213 2976; x_wconf 80' lang='lat' dir='ltr'><strong>signa</strong></span> <span class='ocrx_word' id='word_1_247' title='bbox 227 2912 289 2956; x_wconf 93' lang='lat' dir='ltr'><strong>non</strong></span> <span class='ocrx_word' id='word_1_248' title='bbox 303 2893 521 2970; x_wconf 72' lang='lat' dir='ltr'><strong>admittuntur,</strong></span> <span class='ocrx_word' id='word_1_249' title='bbox 538 2895 595 2956; x_wconf 88' lang='lat' dir='ltr'><strong>nisi</strong></span> <span class='ocrx_word' id='word_1_250' title='bbox 609 2896 711 2974; x_wconf 87' lang='lat' dir='ltr'><strong>sponsi</strong></span> <span class='ocrx_word' id='word_1_251' title='bbox 727 2893 785 2954; x_wconf 87' lang='lat' dir='ltr'><strong>sint</strong></span> <span class='ocrx_word' id='word_1_252' title='bbox 801 2893 929 2973; x_wconf 89' lang='lat' dir='ltr'><strong>proximi</strong></span> <span class='ocrx_word' id='word_1_253' title='bbox 940 2891 977 2954; x_wconf 84' lang='lat' dir='ltr'><strong>ad</strong></span> <span class='ocrx_word' id='word_1_254' title='bbox 990 2891 1100 2974; x_wconf 90' lang='lat' dir='ltr'><strong>puber-</strong></span> 
     </span>
     <span class='ocr_line' id='line_1_33' title="bbox 122 2981 1098 3065; baseline 0 -19"><span class='ocrx_word' id='word_1_255' title='bbox 122 2989 218 3046; x_wconf 81' lang='lat' dir='ltr'><strong>tatem</strong></span> <span class='ocrx_word' id='word_1_256' title='bbox 228 3004 237 3060; x_wconf 93' lang='lat'>;</span> <span class='ocrx_word' id='word_1_257' title='bbox 248 2989 279 3045; x_wconf 84' lang='lat' dir='ltr'><strong>et</strong></span> <span class='ocrx_word' id='word_1_258' title='bbox 289 2983 398 3062; x_wconf 75' lang='lat' dir='ltr'><strong>iudicis</strong></span> <span class='ocrx_word' id='word_1_259' title='bbox 423 2983 591 3065; x_wconf 75' lang='lat' dir='ltr'><strong>prudentiae</strong></span> <span class='ocrx_word' id='word_1_260' title='bbox 611 2982 791 3064; x_wconf 86' lang='lat' dir='ltr'><strong>relinquitur</strong></span> <span class='ocrx_word' id='word_1_261' title='bbox 807 2981 1008 3044; x_wconf 88' lang='lat' dir='ltr'><strong>determinare</strong></span> <span class='ocrx_word' id='word_1_262' title='bbox 1021 3001 1098 3061; x_wconf 88' lang='lat' dir='ltr'><strong>quo·</strong></span> 
     </span>
     <span class='ocr_line' id='line_1_34' title="bbox 122 3071 1099 3153; baseline 0.002 -19"><span class='ocrx_word' id='word_1_263' title='bbox 122 3072 218 3135; x_wconf 88' lang='lat' dir='ltr'><strong>modo</strong></span> <span class='ocrx_word' id='word_1_264' title='bbox 228 3072 266 3134; x_wconf 90' lang='lat' dir='ltr'><strong>sit</strong></span> <span class='ocrx_word' id='word_1_265' title='bbox 281 3072 475 3153; x_wconf 80' lang='lat' dir='ltr'><strong>intelligenda</strong></span> <span class='ocrx_word' id='word_1_266' title='bbox 491 3071 556 3134; x_wconf 85' lang='lat' dir='ltr'><strong>haec</strong></span> <span class='ocrx_word' id='word_1_267' title='bbox 574 3071 765 3153; x_wconf 89' lang='lat' dir='ltr'><strong>proximitas,</strong></span> <span class='ocrx_word' id='word_1_268' title='bbox 777 3073 807 3132; x_wconf 91' lang='lat' dir='ltr'><strong>in</strong></span> <span class='ocrx_word' id='word_1_269' title='bbox 822 3089 884 3152; x_wconf 85' lang='lat' dir='ltr'><strong>quo</strong></span> <span class='ocrx_word' id='word_1_270' title='bbox 900 3080 1034 3153; x_wconf 87' lang='lat' dir='ltr'><strong>spectare</strong></span> <span class='ocrx_word' id='word_1_271' title='bbox 1050 3071 1099 3136; x_wconf 76' lang='lat' dir='ltr'><strong>de</strong></span> 
     </span>
     <span class='ocr_line' id='line_1_35' title="bbox 123 3159 989 3242; baseline 0 -19"><span class='ocrx_word' id='word_1_272' title='bbox 123 3159 208 3223; x_wconf 87' lang='lat' dir='ltr'><strong>bebit</strong></span> <span class='ocrx_word' id='word_1_273' title='bbox 219 3160 397 3242; x_wconf 83' lang='lat' dir='ltr'><strong>qualitatem</strong></span> <span class='ocrx_word' id='word_1_274' title='bbox 411 3179 565 3242; x_wconf 75' lang='lat' dir='ltr'><strong>personae,</strong></span> <span class='ocrx_word' id='word_1_275' title='bbox 577 3161 755 3241; x_wconf 88' lang='lat' dir='ltr'><strong>temperiem</strong></span> <span class='ocrx_word' id='word_1_276' title='bbox 767 3159 916 3242; x_wconf 80' lang='lat' dir='ltr'><strong>regionis,</strong></span> <span class='ocrx_word' id='word_1_277' title='bbox 932 3169 989 3223; x_wconf 89' lang='lat' dir='ltr'><strong>etc.</strong></span> 
     </span>
    </p>

    <p class='ocr_par' dir='ltr' id='par_1_9' title="bbox 122 3247 1098 3668">
     <span class='ocr_line' id='line_1_36' title="bbox 166 3247 1097 3331; baseline 0.004 -20"><span class='ocrx_word' id='word_1_278' title='bbox 166 3253 257 3312; x_wconf 74' lang='grc'><strong>3333.</strong></span> <span class='ocrx_word' id='word_1_279' title='bbox 280 3247 406 3312; x_wconf 84' lang='lat' dir='ltr'><strong>Nutiitas</strong></span> <span class='ocrx_word' id='word_1_280' title='bbox 420 3257 520 3312; x_wconf 88' lang='lat' dir='ltr'><strong>autem</strong></span> <span class='ocrx_word' id='word_1_281' title='bbox 541 3249 745 3328; x_wconf 83' lang='lat' dir='ltr'><strong>matrimonii,</strong></span> <span class='ocrx_word' id='word_1_282' title='bbox 768 3249 809 3311; x_wconf 92' lang='lat' dir='ltr'><strong>ob</strong></span> <span class='ocrx_word' id='word_1_283' title='bbox 822 3247 971 3310; x_wconf 88' lang='lat' dir='ltr'><strong>deiectum</strong></span> <span class='ocrx_word' id='word_1_284' title='bbox 986 3253 1097 3331; x_wconf 87' lang='lat' dir='ltr'><strong>aetatis,</strong></span> 
     </span>
     <span class='ocr_line' id='line_1_37' title="bbox 122 3335 1097 3419; baseline 0.004 -19"><span class='ocrx_word' id='word_1_285' title='bbox 122 3338 279 3401; x_wconf 77' lang='lat' dir='ltr'><strong>ordinarie</strong></span> <span class='ocrx_word' id='word_1_286' title='bbox 293 3335 417 3419; x_wconf 87' lang='lat' dir='ltr'><strong>quidem</strong></span> <span class='ocrx_word' id='word_1_287' title='bbox 432 3337 525 3402; x_wconf 86' lang='lat' dir='ltr'><strong>solius</strong></span> <span class='ocrx_word' id='word_1_288' title='bbox 536 3339 612 3419; x_wconf 82' lang='lat' dir='ltr'><strong>juris</strong></span> <span class='ocrx_word' id='word_1_289' title='bbox 622 3338 812 3401; x_wconf 80' lang='lat' dir='ltr'><strong>ecclesiastici</strong></span> <span class='ocrx_word' id='word_1_290' title='bbox 823 3343 869 3400; x_wconf 84' lang='lat' dir='ltr'><strong>est</strong></span> <span class='ocrx_word' id='word_1_291' title='bbox 884 3355 892 3399; x_wconf 72' lang='grc' dir='ltr'><strong>ι</strong></span> <span class='ocrx_word' id='word_1_292' title='bbox 908 3345 985 3400; x_wconf 87' lang='lat' dir='ltr'><strong>esset</strong></span> <span class='ocrx_word' id='word_1_293' title='bbox 997 3347 1097 3404; x_wconf 88' lang='lat' dir='ltr'><strong>tamen</strong></span> 
     </span>
     <span class='ocr_line' id='line_1_38' title="bbox 122 3425 1097 3504; baseline 0 -16"><span class='ocrx_word' id='word_1_294' title='bbox 122 3427 217 3489; x_wconf 85' lang='lat' dir='ltr'><strong>etiam</strong></span> <span class='ocrx_word' id='word_1_295' title='bbox 237 3427 316 3504; x_wconf 87' lang='lat' dir='ltr'><strong>juris</strong></span> <span class='ocrx_word' id='word_1_296' title='bbox 338 3426 498 3502; x_wconf 80' lang='lat' dir='ltr'><strong>naturalia,</strong></span> <span class='ocrx_word' id='word_1_297' title='bbox 523 3428 547 3489; x_wconf 90' lang='lat' dir='ltr'><strong>si</strong></span> <span class='ocrx_word' id='word_1_298' title='bbox 569 3427 778 3490; x_wconf 85' lang='lat' dir='ltr'><strong>contrahentes</strong></span> <span class='ocrx_word' id='word_1_299' title='bbox 799 3425 936 3488; x_wconf 90' lang='lat' dir='ltr'><strong>nondum</strong></span> <span class='ocrx_word' id='word_1_300' title='bbox 955 3426 1097 3490; x_wconf 85' lang='lat' dir='ltr'><strong>heberent</strong></span> 
     </span>
     <span class='ocr_line' id='line_1_39' title="bbox 124 3513 1098 3599; baseline -0.002 -23"><span class='ocrx_word' id='word_1_301' title='bbox 124 3517 328 3578; x_wconf 81' lang='lat' dir='ltr'><strong>subicientem</strong></span> <span class='ocrx_word' id='word_1_302' title='bbox 340 3513 554 3582; x_wconf 79' lang='lat' dir='ltr'><strong>discretionem</strong></span> <span class='ocrx_word' id='word_1_303' title='bbox 567 3517 605 3578; x_wconf 86' lang='lat' dir='ltr'><strong>ad</strong></span> <span class='ocrx_word' id='word_1_304' title='bbox 619 3515 845 3599; x_wconf 80' lang='lat' dir='ltr'><strong>intelligendam</strong></span> <span class='ocrx_word' id='word_1_305' title='bbox 858 3517 920 3578; x_wconf 88' lang='lat' dir='ltr'><strong>vim</strong></span> <span class='ocrx_word' id='word_1_306' title='bbox 932 3515 1098 3596; x_wconf 77' lang='lat' dir='ltr'><strong>conjugatis</strong></span> 
     </span>
     <span class='ocr_line' id='line_1_40' title="bbox 124 3607 306 3668; baseline 0.005 -1"><span class='ocrx_word' id='word_1_307' title='bbox 124 3607 306 3668; x_wconf 73' lang='lat' dir='ltr'><strong>muscosus.</strong></span> 
     </span>
    </p>
   </div>
   <div class='ocr_carea' id='block_1_6' title="bbox 0 0 1242 3946">
    <p class='ocr_par' dir='ltr' id='par_1_10' title="bbox 0 0 1242 3946">
     <span class='ocr_line' id='line_1_41' title="bbox 0 0 1242 3946; baseline 0 0"><span class='ocrx_word' id='word_1_308' title='bbox 0 0 1242 3946; x_wconf 95' lang='lat' dir='ltr'><strong> </strong></span> 
     </span>
    </p>
   </div>
  </div>
 </body>
</html>
