2498 3966
194 201 251 262 tut
415 219 553 264 ninutas
574 217 679 266 sortus
696 221 778 267 tnnts
793 181 942 270 cenentur.

193 337 285 398 etiam
311 334 405 398 unius
419 336 634 399 testimonium
652 337 794 400 absolute
809 357 872 402 non
897 342 1063 422 respuitS.
1090 344 1122 408 C.
1138 348 1168 409 in

192 424 378 490 dirimendis
391 423 571 507 huiusmodi
587 424 724 502 casibus,
739 422 915 493 dummodo
938 431 993 494 ille
1010 435 1097 496 testis
1121 455 1169 497 re-

192 515 322 579 censitis
337 513 574 578 conditionibus
587 517 626 576 sit
642 515 806 596 praeditus,
823 519 903 581 nulli
918 523 1098 603 exceptioni
1111 525 1168 586 ob-

193 607 316 676 noxius,
331 621 368 666 ac
383 611 531 686 praeterea
545 603 615 682 ejus
627 602 780 687 depositio
801 607 872 670 aliis
885 609 1103 693 gravibusque
1117 616 1171 676 ad·

193 694 351 759 miniculis
380 691 547 766 lulciatur;
564 694 654 774 sique
681 695 744 756 alia
772 697 948 760 extrinseca
972 699 1169 764 adminicula

192 785 297 864 colligi
312 782 443 847 omnino
458 791 626 864 nequeant,
644 783 703 846 ltoc
719 794 823 848 tamen
841 795 962 850 certum
977 791 1028 864 sit,
1047 791 1128 854 nibil
1140 795 1168 856 in

192 877 258 958 ejus
271 873 449 936 testimonio
463 872 593 952 reperiri
606 872 693 954 quod
717 890 782 935 non
811 875 850 936 sit
873 893 1054 958 congruum
1076 893 1169 964 atque

191 965 323 1028 omnino
338 961 517 1026 ierisimile.

148 1047 152 1054 '
233 1061 292 1118 25.
311 1052 471 1129 Contingit
492 1052 588 1114 etiem
612 1060 648 1115 ut
676 1059 770 1115 testes
791 1055 977 1118 omnimoda
993 1057 1058 1120 fide
1083 1061 1168 1143 digni

192 1146 398 1210 testificentur
409 1159 443 1203 se
457 1152 599 1223 tempore
614 1159 678 1205 non
694 1151 852 1222 suspecto,
874 1153 1009 1208 mortern
1025 1150 1168 1232 conjugis

191 1255 230 1300 ex
244 1234 380 1298 aliorum
395 1231 592 1294 attestatione
607 1231 802 1306 audivissse;
819 1233 870 1295 isti
881 1241 1002 1310 autem,
1022 1238 1073 1300 rel
1095 1242 1168 1322 quia

192 1326 348 1397 absentes,
363 1320 412 1383 rel
428 1319 504 1400 quia
528 1319 676 1396 obierint,
694 1319 743 1384 vel
759 1320 854 1382 aliam
870 1323 912 1385 ob
932 1342 1168 1411 quamcumque

191 1410 411 1479 rationabilem
439 1426 566 1472 causam
581 1409 756 1472 examinari
780 1420 964 1492 nequeunt;
981 1425 1072 1492 tunc,
1088 1418 1168 1482 dicta

191 1525 229 1568 ex
257 1501 363 1565 alieno
377 1517 442 1577 ore,
467 1506 623 1580 quatenus
644 1499 794 1562 omnibus
808 1499 878 1562 aliis
900 1501 933 1563 in
949 1521 1168 1570 casuconcur·

192 1589 336 1657 rentibus
356 1586 613 1662 circumstantiis,
629 1594 684 1648 aut
710 1586 820 1649 saltem
839 1590 1026 1670 urgentibus
1042 1611 1170 1676 respon·

192 1683 297 1754 deant,
325 1677 400 1742 satis
412 1693 480 1740 esse
501 1683 672 1739 censentur
685 1693 742 1756 pro
756 1685 872 1740 secuta
885 1681 996 1741 mortis
1020 1686 1170 1762 prudenti

193 1773 322 1836 'udicio
495 1773 498 1782 ’
703 1829 707 1838 ,

189 1793 201 1854 J
233 1862 292 1922 »6.
321 1855 438 1921 Verum
472 1853 558 1918 haud
597 1853 693 1918 wmel
739 1856 933 1938 experientia
969 1872 1172 1944 compertum

192 1943 339 2013 babetur,
353 1936 438 2017 quod
455 1935 746 2018 necunusquidern
761 1937 935 2016 reperiatur
948 1944 1050 2022 testis,
1067 1947 1172 2024 qualis
1236 1983 1237 1986 =

192 2049 287 2112 supra
314 2027 496 2090 adstruitur.
521 2025 586 2088 lloc
613 2025 647 2087 in
667 2043 742 2089 casu
761 2025 905 2106 probatio
918 2028 1025 2092 obitus
1041 2049 1079 2094 ex
1094 2051 1171 2096 con-

188 2119 331 2203 jecturis,
348 2113 659 2199 praesumptionibus,
671 2115 808 2190 indiciis,
820 2127 850 2176 et
865 2115 1024 2197 adjunctis
1035 2123 1168 2200 quibus-

192 2225 341 2289 cumque,
353 2205 463 2268 sedula
483 2213 567 2268 certe
578 2213 612 2266 et
626 2202 798 2267 admodum
814 2216 906 2268 caute
929 2205 1166 2290 investigatione

192 2297 332 2362 curanda
347 2295 418 2369 erit,
441 2295 483 2356 ita
511 2294 662 2356 nimirum
678 2297 725 2368 ut,
741 2292 886 2374 pluribus
908 2295 986 2358 ltiuc
1014 2297 1162 2362 indeool-
1236 2295 1237 2368 l

193 2387 291 2460 lectis,
306 2401 480 2466 eorumque
496 2391 607 2446 natura
620 2399 786 2463 perpense,
808 2391 901 2463 prout
922 2385 1048 2450 scilicet
1061 2405 1157 2468 urgere

192 2479 271 2541 tiora
284 2473 332 2537 rel
349 2473 463 2536 leviora
475 2481 561 2550 sunt,
578 2489 633 2534 seu
658 2471 804 2552 propiore
825 2469 874 2533 vel
902 2475 1074 2539 remotiore
1083 2494 1158 2538 nexu

192 2587 263 2631 cunr
281 2565 409 2628 veritate
425 2561 537 2626 mortis
552 2562 804 2641 conjunguntur,
827 2559 901 2623 inde
916 2563 1085 2641 prudentis
1110 2567 1165 2630 riri

190 2658 346 2740 judicium
360 2653 399 2716 arl
410 2651 554 2716 eamdem
570 2645 935 2713 mortemalflrmandam
947 2651 1168 2732 probabilitate

195 2749 343 2820 maxima,
381 2761 437 2808 seu
470 2740 581 2804 morali
611 2737 813 2812 certitudine,
838 2741 1017 2820 promereri
1060 2746 1167 2825 possit.

194 2840 387 2919 Quapropter
412 2831 619 2911 quandonam
645 2830 677 2892 in
703 2827 837 2908 singulis
862 2828 989 2893 casibus
1012 2831 1172 2898 habeatnr

193 2947 230 2988 ex
252 2921 434 3004 hujusmodi
455 2917 647 3000 conjecturis
677 2917 770 2980 simul
795 2917 973 2996 conjunctis
995 2919 1083 3000 Justa
1099 2943 1172 3004 pro-

197 3015 292 3089 butio,
304 3015 337 3075 id
354 3010 502 3095 prudenti
525 3008 775 3088 relinquendum
797 3015 843 3069 est
867 3007 984 3090 judicis
1009 3011 1172 3098 arbitrio,

194 3104 366 3166 hictemen
395 3119 458 3164 non
475 3099 531 3164 abs
559 3115 593 3161 re
607 3097 668 3160 erit
688 3093 797 3178 plures
824 3096 964 3160 indicare
999 3097 1119 3177 lontm,
1135 3121 1175 3164 ex

194 3191 310 3272 quibus
337 3189 411 3266 illae,
428 3191 493 3254 sive
516 3187 724 3269 urgentiores,
748 3186 921 3250 siveetiam
942 3184 1088 3264 leviores,
1105 3191 1175 3254 col·

193 3279 247 3357 ligi
265 3287 297 3339 et
311 3277 421 3340 haberi
436 3279 570 3358 possint.

235 3389 250 3422 s
271 3371 301 3426 7.
326 3369 433 3448 ltaque
462 3367 495 3429 in
522 3367 633 3449 primis
658 3365 1010 3450 illae‘praesumptiones
1038 3366 1174 3432 investi·

192 3453 303 3531 gandae
316 3463 423 3529 erunt,
438 3472 510 3534 quae
523 3472 693 3536 personam
714 3455 814 3536 ipsius
828 3455 937 3518 asserti
951 3453 1096 3518 defuncti
1110 3475 1174 3521 res·

193 3542 327 3621 piciunt,
343 3542 627 3624 quaequeprolectn
640 3543 733 3608 lacile
746 3543 856 3606 heberi
874 3551 1021 3626 poterunt
1046 3561 1065 3606 a
1093 3563 1174 3608 con·
