2420 3968
350 249 434 294 arara
455 247 612 294 arcuimus,
915 231 972 294 573

33 342 171 424 liunustde
181 347 282 410 cororad
294 347 414 425 militia,
426 365 455 410 c.
469 351 517 427 3):
537 347 700 428 «Denique
715 353 748 410 ut
761 349 778 410 d
792 347 974 428 Baptismate

32 453 43 490 a
64 433 216 515 ingrediar,
244 455 354 518 aquam
380 435 501 510 edituri,
530 434 661 514 ibidem,
685 435 740 500 sed
759 442 789 498 et
811 435 974 517 aliquando

31 543 42 578 a
62 523 135 602 prius
148 523 177 585 in
194 523 326 588 Ecclesia
348 523 406 587 sub
430 523 577 586 Antistitis
589 541 683 587 manu
697 528 901 588 contestamur
918 542 974 588 noa

32 632 42 667 a
62 612 216 677 renuntiare
228 613 347 678 diabolo
361 619 390 676 et
404 630 524 696 pompae
538 611 691 693 elongetis
704 615 780 694 ejus.
798 612 914 676 Dehinc
928 619 974 676 ter

31 721 42 756 a
63 697 257 782 mergitamur,
271 700 401 784 amplius
416 699 529 783 aliquid
542 698 759 783 respondentes
768 703 861 784 quim
874 703 974 766 Domi·

27 811 43 844 0
65 808 112 851 0οε
124 791 153 852 10
166 791 328 874 Evangelio
339 790 559 854 determinavit.
577 790 651 852 Inde
669 791 811 873 suscepti,
838 789 922 855 lactis
944 797 975 854 et

31 899 41 934 o
62 877 144 942 mettis
166 879 356 944 concordiam
379 885 634 964 praegustamus...
653 879 847 944 Eucharistiae
868 882 973 942 Sacra·

32 987 42 1023 t
61 976 198 1049 mentum,
212 976 269 1033 ete.
285 992 301 1030 a
318 967 393 1032 Vide
406 987 455 1052 ap.
473 969 509 1032 D.
536 969 648 1047 Bouix,
664 969 709 1031 De
721 968 797 1030 dure
808 969 972 1050 Ltturpr'eo,

32 1061 182 1135 0158010.
204 1061 284 1141 Ergo
293 1059 332 1122 ab
338 1058 480 1122 neotesiae
495 1058 667 1141 primordiis
679 1058 790 1120 exstitit
802 1055 933 1139 liturgia.

60 1149 137 1210 5010.
159 1149 300 1212 Primitirs
314 1147 380 1212 haec
393 1147 513 1229 liturgia
528 1147 609 1210 varia
621 1146 738 1210 videtur
752 1145 843 1209 fuisse
856 1145 888 1208 in
901 1146 977 1208 acci·

31 1231 175 1300 dentalibus
189 1257 242 1321 pro
251 1237 422 1301 diversitate
436 1237 589 1314 locomm3
604 1227 843 1318 potestatemque
862 1233 977 1316 legista·

31 1323 102 1386 timm
121 1327 196 1390 circa
218 1326 392 1408 hujusmodi
410 1325 606 1389 accidentalia
619 1324 765 1388 Praesutes
779 1323 977 1406 possederunt

31 1415 149 1494 0100100
161 1417 306 1480 seculum
317 1415 456 1498 quintum
468 1435 476 1491 ;
492 1413 658 1477 sedversirs
667 1413 745 1478 hanc
756 1411 901 1495 epocham
912 1459 920 1490 ,
933 1414 977 1475 in·

30 1501 122 1566 traduci
131 1507 218 1587 cepit
231 1505 331 1570 unitas
344 1504 588 1586 Matr-cpolitano,
604 1502 782 1585 utpluribus
795 1509 912 1566 constat
925 1521 973 1585 ap.
1036 1555 1040 1568 .

30 1589 55 1650 b.
69 1593 223 1674 00010110,
236 1616 270 1678 p.
283 1597 351 1673 108)
364 1613 371 1655 :
383 1592 508 1656 sufficiat
517 1591 628 1655 referre
637 1591 979 1654 verbanoncititotitevi.

30 1681 75 1741 tani
86 1682 112 1744 in
130 1683 233 1762 Africa,
245 1702 328 1746 anno
341 1686 418 1745 ets:
439 1680 673 1744 «Placutteuam
688 1687 718 1742 et
732 1679 818 1757 illud,
829 1688 978 1764 utpreces

30 1789 40 1823 r
58 1771 95 1832 ret
106 1774 257 1836 Orationes
270 1791 325 1834 seu
335 1771 434 1834 missae
448 1789 517 1852 quae
528 1769 661 1852 probatae
675 1768 787 1831 fuerint
800 1772 818 1832 a
831 1773 977 1855 Concilio,

30 1859 317 1944 rsivepraetationes,
332 1861 395 1924 siva
413 1857 693 1923 commendationes
717 1876 771 1921 seu
792 1863 902 1924 munds
925 1863 980 1928 im-

31 1967 40 2000 r
59 1951 222 2030 positiones,
242 1951 282 2013 ab
300 1949 443 2013 omnibus
462 1948 662 2011 celebrentur.
686 1949 749 2012 Nec
768 1947 834 2012 uliae
852 1954 980 2016 omnino

30 2059 39 2090 r
57 2038 181 2104 dicautur
195 2041 226 2102 in
240 2037 376 2103 Ecclesia
391 2037 448 2100 nisi
463 2037 558 2119 quaed
573 2035 817 2118 prudentioribus
829 2043 978 2121 tractata,

29 2147 39 2180 a
58 2128 94 2188 ret
107 2129 307 2212 comprobatae
322 2128 353 2190 in
367 2125 490 2209 Synodo
504 2124 634 2188 fuerint:
652 2143 690 2186 ne
700 2123 979 2208 1000100000-

29 2237 39 2270 n
58 2223 94 2279 tra
106 2217 212 2297 tidem,
227 2217 276 2280 vet
290 2235 344 2299 par
355 2215 578 2298 ignorantiam,
592 2213 637 2277 vel
658 2231 710 2296 per
732 2214 835 2278 minus
846 2217 980 2282 studium

29 2325 39 2358 r
57 2307 89 2367 sit
99 2308 311 2390 compositum.
321 2305 467 2383 esssimilia
481 2303 622 2386 leguntur
633 2303 664 2366 in
675 2301 980 2370 ConciliiaVenatensi

30 2395 150 2477 (lennes)
159 2415 241 2460 anno
250 2395 308 2458 161
320 2413 329 2471 ;
342 2393 521 2478 Agatbensi‚
536 2411 617 2456 anno
624 2396 704 2470 5063
720 2391 908 2457 Gerondensi
928 2413 981 2458 eo·

31 2481 84 2547 dom
96 2505 189 2562 anno;
206 2541 212 2550 .
372 2503 476 2564 ,anno
490 2486 561 2560 503,
581 2483 738 2559 Toletano,
753 2499 835 2544 anno
852 2487 922 2545 633.
946 2485 981 2544 10

29 2573 73 2636 do
85 2575 214 2640 Concilio
223 2579 380 2648 Toletano,
395 2591 476 2636 anno
485 2575 556 2642 010,
569 2571 614 2632 sic
626 2570 746 2650 legitur,
754 2587 783 2632 o.
793 2573 830 2632 3:
845 2571 983 2632 «Placuit

28 2681 38 2716 r
58 2665 181 2730 Concilio
190 2672 225 2729 ut
238 2657 749 2744 MetropolitanaeSedisauctorltate
759 2657 866 2737 coacti,
881 2659 983 2721 unius·

28 2756 195 2839 rquusque
227 2751 391 2816 Provincia
416 2750 515 2826 eires,
539 2751 732 2827 rectoresque
764 2745 982 2827 ecclesiarum,

29 2859 39 2894 ι
58 2861 145 2908 unum
158 2842 363 2923 eumdemque
371 2839 402 2901 in
412 2835 567 2922 psallendo
576 2840 699 2898 tenenn
709 2833 835 2898 modum
843 2853 937 2916 quem
951 2836 983 2899 in

28 2951 39 2984 a
59 2933 277 3016 Metropolitant
291 2929 369 2993 Sede
382 2931 588 3010 cognoverunt
604 2923 791 3002 institutum,
807 2942 865 2988 nec
882 2925 984 3008 aliqud

27 3039 39 3074 r
57 3022 216 3086 diversitate
228 3022 378 3101 cujusque
385 3015 499 3080 ordinis
512 3013 559 3076 vel
572 3012 691 3076 officiis
706 3014 937 3096 Metropolitantr
951 3031 984 3080 aa

28 3127 39 3162 a
59 3111 200 3189 patiantur
224 3111 301 3173 Sede
314 3107 486 3188 disiungi...
501 3125 518 3164 a
536 3105 654 3166 Deerat.
670 3102 828 3180 Gratiani,
847 3102 917 3167 dist.
929 3108 981 3184 10,

27 3215 48 3257 c.
65 3202 108 3262 13.

58 3291 143 3352 5011.
158 3287 223 3350 Etsi
237 3295 307 3351 ante
326 3284 472 3350 sarculum
490 3285 555 3345 tht
569 3283 622 3346 SS.
641 3280 805 3346 Pontifices
821 3299 902 3365 sape
915 3283 984 3346 bor·

26 3376 68 3436 teti
83 3375 190 3440 tuerint
204 3375 352 3440 Ecclesias
365 3373 570 3437 occidentales
582 3371 620 3434 ad
633 3371 821 3453 sequendam
834 3372 986 3454 liturgiam

29 3461 200 3542 itomanam,
228 3473 261 3528 ut
287 3464 388 3527 videre
413 3469 459 3525 est
485 3462 516 3523 in
540 3459 672 3542 epistolis
686 3458 801 3536 Siricii,
823 3459 985 3538 Caelestini,

28 3550 180 3616 lnnocentii
196 3555 219 3630 1,
234 3557 251 3618 tt
265 3557 301 3616 D.
320 3554 415 3614 Bouix
428 3551 529 3613 relatis
543 3549 608 3628 (ib,
624 3569 654 3630 p.
671 3551 751 3627 nn),
766 3553 897 3609 attamen
912 3565 987 3607 nun·

28 3657 109 3718 quam
136 3643 220 3706 ittam
247 3643 398 3722 liturgiam
419 3638 518 3703 stricte
544 3637 752 3718 obligatoriam
776 3635 931 3704 iecerunt,
955 3637 987 3693 ut
