2416 3954
146 95 203 161 114
364 113 501 161 1111111111
520 113 621 162 rorrus
640 115 724 162 rums
743 113 893 162 oenomai.

145 206 313 271 benedictio
326 206 469 270 solemnis
484 226 545 269 non
569 213 615 271 est
629 209 823 291 intelligenda
836 208 876 272 de
891 209 1106 272 Consecratiom

145 297 266 380 proprie
279 296 375 358 dictt:
393 296 458 358 vide
475 297 586 358 Bened.
600 299 667 359 XlV
681 300 736 379 (De
750 302 839 380 Syn,
856 298 909 360 lib.
926 302 974 375 13,
986 317 1049 382 cap.
1064 298 1106 370 15,

147 387 187 448 nl·
216 389 300 464 ll·l').
331 385 461 448 Abbales
485 391 587 449 tamen
613 387 766 468 regulares
793 387 930 450 obtinere
954 389 1107 470 possuntt

147 477 178 537 S.
195 473 271 538 Sede
294 473 465 537 facultatem
486 474 590 537 altaria
612 495 667 558 pro
686 477 749 538 suis
767 476 904 539 ecclesiis
926 476 1108 540 consecrandi

146 563 223 642 (vide
233 583 323 645 supra
334 566 435 641 3639),
448 565 600 626 autetiam
615 565 811 628 consecrandi
825 567 906 648 ipsas
915 565 1053 628 molesios
1061 565 1108 626 sibi

147 653 299 734 proprias;
316 653 367 715 sed
382 654 406 714 si
427 667 490 714 non
504 653 634 716 babeant
644 655 886 733 jurisdictionem
907 656 1109 738 quasiepisca-

147 741 246 822 palam
259 761 328 804 cum
343 741 493 804 territorio
507 750 662 824 separato,
679 743 752 824 ipsis
765 744 890 806 concedi
906 763 968 806 non
983 744 1055 806 solet
1066 745 1109 804 ln·

146 831 264 893 dullum
278 831 420 894 ecclesias
443 831 557 894 noviler
577 831 739 894 aedificatas
748 833 956 895 consecrandi.
973 835 1005 895 S.
1022 836 1057 894 n.
1071 831 1110 908 u,

149 920 177 982 in
195 919 357 1002 propensi,
370 925 403 984 31
422 940 493 1002 aug.
510 925 604 998 1715,
620 915 669 1003 ap,
686 922 819 983 Ferraris
833 923 874 1002 (11ο
886 919 1004 1001 Albos,
1015 931 1047 982 n⁰
1058 923 1109 998 33).

187 1012 277 1072 4176.
293 1043 333 1057 -
346 1016 379 1072 5⁰
393 1011 582 1072 consecratio
592 1010 725 1072 ecclesiae
741 1009 804 1072 lieri
816 1015 916 1092 potest
928 1028 1111 1093 quocumque

149 1097 213 1176 die,
235 1101 294 1161 tbm
309 1099 470 1162 dominicis
484 1101 576 1180 quem
590 1099 705 1161 caeoeris
718 1099 825 1162 diebus
839 1102 916 1181 (cap.
936 1098 1000 1162 Tuo
1012 1099 1112 1182 froter-

149 1189 228 1250 nitos
241 1192 274 1258 2,
287 1188 322 1250 de
334 1196 490 1250 rocenat.
506 1187 627 1266 eccles).
643 1187 722 1250 Fieri
736 1187 907 1250 debetcum
922 1189 1113 1251 celebratione

150 1279 260 1360 missre,
271 1277 354 1355 juxta
368 1294 434 1357 cap.
446 1275 548 1337 Omnes
556 1279 586 1351 3,
597 1275 796 1353 deGonsecr.,
808 1275 878 1338 dist.
891 1279 921 1354 1,
937 1277 1010 1339 ubi:
1026 1278 1112 1338 allm-

149 1387 164 1422 1)
189 1383 243 1426 nes
265 1363 399 1426 Basilieae
420 1381 492 1426 cum
516 1365 607 1426 misse
630 1365 741 1427 debent
761 1383 881 1447 semper
908 1364 1110 1428 consecrari.»

149 1456 214 1514 Non
230 1459 332 1515 tomen
348 1453 425 1516 foret
444 1452 545 1531 nulla,
565 1453 616 1515 sed
638 1455 736 1516 solirm
752 1455 853 1516 illicita
874 1454 1010 1518 ecclcsiae
1023 1471 1114 1517 conse

149 1542 242 1605 oratio
260 1543 374 1624 absque
391 1543 551 1604 missarum
566 1543 776 1606 celebratione.
801 1543 877 1606 Vide
891 1545 994 1605 Donati
1011 1543 1071 1625 (lib.
1082 1546 1113 1616 2,

149 1633 193 1693 tit.
210 1637 245 1710 7,
261 1637 334 1694 seat.
352 1635 387 1710 1,
402 1633 492 1714 §171
510 1634 600 1695 Missa
615 1651 676 1694 non
691 1639 735 1694 est
750 1633 917 1694 necessario
935 1631 1064 1695 dicenda
1084 1630 1115 1693 ab

151 1721 299 1804 Episcopo
317 1729 543 1799 consecratore,
567 1721 619 1783 sed
637 1721 779 1783 celebrari
795 1727 893 1802 potest
905 1723 922 1783 b
935 1721 1063 1802 simplici
1075 1739 1114 1782 sa·

151 1811 282 1874 cerdote.
299 1811 374 1874 Vide
389 1812 586 1894 Pontificole,
603 1811 633 1871 in
649 1809 710 1871 fine
724 1810 964 1872 Consecratlonis
977 1811 1112 1873 ecclesia.

190 1906 279 1962 4117.
296 1937 335 1946 -
348 1905 380 1963 6⁰
393 1901 532 1962 Ecclesiae
548 1899 739 1963 consecratio
754 1918 814 1960 non
838 1900 1046 1980 presumitur,
1070 1897 1114 1961 sed

150 1994 197 2050 est
208 1989 380 2069 probanda,
402 2008 512 2070 nempe
530 1988 576 2050 vel
599 1988 746 2069 scripture
764 1989 795 2049 in
810 1987 886 2050 libro
900 1995 950 2051 aut
964 1987 1063 2070 lapide
1075 2005 1114 2050 re-

151 2080 249 2157 perit,
266 2077 311 2138 vel
330 2077 453 2138 testibus
474 2077 533 2138 lide
551 2077 668 2156 dignis,
694 2077 798 2140 saltem
822 2095 904 2139 uno:
925 2097 1009 2158 oper
1029 2093 1114 2140 unum

151 2187 166 2225 1
189 2170 297 2228 teslem
310 2167 362 2246 qui
376 2165 455 2226 dicet
469 2165 560 2227 luisse
574 2173 779 2228 consecratam
801 2166 861 2229 sive
876 2165 914 2228 de
932 2167 997 2229 visu
1012 2169 1071 2230 sive
1083 2165 1114 2227 de

150 2277 165 2316 n
190 2254 305 2334 auditu,
318 2253 362 2316 vel
377 2273 430 2336 per
441 2260 543 2317 notam
558 2255 589 2316 in
608 2254 691 2316 libris
707 2255 854 2330 ecelesiae,
871 2261 955 2317 etc..:
968 2257 1039 2337 quia
1053 2263 1115 2318 tunc

151 2368 166 2405 a
191 2344 344 2408 sufficiunt
358 2343 532 2425 semiplenae
542 2343 734 2426 probationes
747 2344 869 2425 quando
883 2343 997 2406 nemini
1009 2345 1043 2406 lit
1052 2362 1114 2426 pre

151 2457 166 2495 a
188 2435 556 2515 judiciumnlitaZoesap.
568 2433 716 2512 Ferraria,
731 2431 1011 2508 contestante,
1024 2435 1113 2509 nllll),

152 2521 830 2604 sulliciunleliamcrucesinparietedepictae:
851 2523 1114 2586 alleecclesiarum

152 2636 166 2672 a
191 2610 1114 2695 consecrationequoticsdubitatur,etneccertescriptnra,nec

152 2726 166 2761 a
191 2705 263 2766 certi
278 2711 368 2767 tesles
383 2703 542 2765 existunta
556 2699 666 2782 quibus
676 2699 865 2762 Consecratio
879 2702 1001 2774 sciatur,
1012 2702 1114 2782 absquo

152 2815 166 2851 a
192 2793 253 2854 ulla
267 2792 453 2856 dubitatione
467 2793 570 2853 scitote
584 2807 634 2850 eos
654 2805 719 2850 esse
733 2789 971 2867 consecrandam
988 2809 1044 2852 nec
1057 2789 1113 2850 talis

153 2903 166 2938 n
191 2882 350 2962 trepidatio
372 2881 443 2944 lacit
460 2879 672 2955 iterationem,
692 2878 837 2960 quoniam
853 2898 915 2941 non
940 2886 1113 2942 monstratur

153 2993 167 3026 n
192 2987 259 3031 esse
273 2970 431 3046 iteratum,
448 2968 531 3048 quod
545 2966 675 3030 nescitur
694 2966 815 3030 lactum.
833 2989 849 3030 a
872 2971 915 3032 lta
928 2987 997 3031 can.
1014 2969 1111 3032 Solen·

153 3058 260 3119 uitales
273 3063 326 3133 16,
339 3055 377 3118 de
391 3057 544 3132 consecr,
560 3057 629 3118 dist.
646 3059 675 3117 l.

193 3150 281 3208 4118.
290 3179 325 3191 -
338 3150 371 3206 1⁰
387 3145 582 3207 Caeremoniae
596 3145 980 3210 Consecrationisecclesiae
991 3148 1111 3210 etbcne·

153 3235 292 3296 dictionis
307 3233 442 3294 Primarii
458 3231 577 3313 Lapidis
595 3234 689 3314 ipsius
703 3234 741 3295 ab
754 3236 904 3316 Episcopo
917 3235 1112 3300 faciendarum

155 3323 347 3384 inveniuntur
357 3323 387 3381 in
401 3321 895 3402 Pontifieoli;caeremoniaeantem
905 3324 1112 3388 benedictionis

154 3415 214 3472 lem
237 3409 370 3470 ecclesie
390 3413 482 3489 quim
497 3410 633 3470 Primarii
654 3411 775 3490 Lapidis
788 3414 806 3472 a
819 3411 974 3478 sacerdote
987 3416 1111 3496 delegato

154 3492 309 3574 faciende,
324 3493 356 3560 in
370 3493 489 3558 Ilituoli
502 3495 861 3564 Runcnodescribuntur.
