2416 3954
207 153 268 218 360
433 166 573 214 uacuam
593 165 696 214 corros
714 165 796 213 rnen
818 156 971 213 clunium.¹

207 290 223 327 n
248 274 301 330 aut
309 266 425 341 saltem,
438 283 580 346 expresso
589 282 739 328 consensu
751 264 790 326 de
802 264 941 346 praesenti
950 281 1004 345 per
1017 263 1158 345 Epistulam

208 379 223 418 n
249 357 394 417 directam
409 353 531 434 proprio
551 353 682 434 parocho
696 353 740 415 vel
760 353 845 415 alteri
867 351 1013 414 secerdoti
1035 351 1160 414 Ordinarii

208 451 300 506 »aut
330 440 452 524 parocld
484 441 636 504 licentiam
666 440 809 520 habenti,
842 441 1070 504 matrimonium
1095 459 1161 503 rano

209 556 224 592 a
249 539 344 594 retur.
364 552 379 590 »

247 624 338 684 443Ἱ.
362 619 392 682 Si
407 619 530 682 tandem
544 637 613 702 pars
635 617 811 699 indisposita
831 618 919 681 etiam
937 639 992 701 per
1009 623 1162 702 procurato

211 728 274 772 rom
289 714 342 772 aut
356 726 408 790 per
418 709 529 771 litteras
542 725 725 770 consensum
739 707 811 769 dere
825 715 933 770 renuet
947 728 955 770 :
970 731 985 768 u
1000 709 1163 780 Dummodo,

212 823 225 858 a
251 796 475 879 pergilCardin.
489 799 618 880 Caprara
631 801 677 874 (nt
688 796 746 873 lt),
760 795 798 857 de
810 797 949 877 praesenti
964 797 1100 860 exhibeat
1111 815 1164 860 con·

209 912 224 948 n
249 905 373 950 sensum
388 885 565 947 remanendi
581 885 613 947 in
628 884 858 960 matrimonio„
875 891 904 947 et
918 887 1039 949 attentis
1053 887 1165 949 senatis-

209 1000 224 1036 »
249 995 309 1058 que
330 974 590 1037 conditionibus...
611 973 737 1035 interius
756 974 936 1055 prescriptis
951 979 1002 1052 (ne
1021 975 1115 1038 obstet
1127 993 1166 1056 pn·

209 1089 224 1125 r
250 1064 366 1126 blicitas
377 1062 544 1126 fornicariae
557 1059 756 1144 copulationis
770 1069 799 1124 ot
813 1081 875 1125 non
887 1063 959 1141 iusti
975 1064 1167 1140 matrimonii,

210 1177 225 1212 a
250 1151 550 1232 addispensationem
565 1151 596 1212 in
611 1151 711 1212 radice
726 1152 922 1229 matrimonii,
937 1169 991 1214 seu
1006 1151 1044 1214 ad
1060 1153 1169 1215 sanatio

209 1263 224 1302 r
250 1258 320 1302 nem
342 1240 373 1300 in
393 1237 493 1301 radice
506 1237 647 1302 devenire
666 1257 753 1320 posse
769 1239 962 1320 judicamus,
978 1241 1018 1304 ita
1032 1248 1068 1304 ut
1080 1243 1168 1305 salton

208 1352 223 1388 n
247 1329 417 1391 innocentis
427 1328 519 1410 pertis
532 1329 642 1390 nnineu
657 1328 858 1410 saluti,prolis
870 1329 1047 1410 legitimitati
1061 1338 1090 1393 et
1102 1329 1168 1392 iami-
1184 1342 1187 1353 ’

208 1439 223 1477 u
249 1417 358 1478 liarum
370 1415 577 1497 tranquillitati
591 1417 719 1478 omnino
728 1417 901 1480 consultum
919 1418 976 1494 sit,
992 1425 1023 1481 et
1034 1419 1170 1502 quampri-

208 1529 223 1564 ι)
247 1505 333 1566 mirm
348 1504 439 1566 etiam
454 1505 608 1567 renuentis
621 1505 730 1567 animae
744 1506 832 1567 saluti
847 1505 995 1588 provideri
1011 1507 1137 1590 possit.»

247 1595 338 1657 4438.
362 1593 440 1655 Nihil
454 1600 556 1656 autem
570 1602 615 1656 est
625 1593 675 1656 hlc
691 1601 721 1656 el
737 1611 820 1657 nunc
834 1593 1024 1674 faciendum,
1040 1597 1066 1660 si
1080 1603 1169 1659 neutra

209 1681 279 1766 pais
292 1683 393 1746 denud
408 1683 635 1744 matrimonium
653 1700 756 1744 coram
775 1683 906 1764 parocho
924 1690 955 1746 et
974 1686 1100 1749 testibus
1113 1704 1169 1747 con·

208 1773 327 1836 trabere
340 1772 518 1848 consentiat,
528 1772 600 1853 quia
615 1771 781 1834 necessaria
795 1781 872 1834 esset
882 1772 920 1834 ad
930 1773 988 1836 hoc
1000 1773 1168 1856 dispensatio

208 1879 302 1943 quam
315 1869 389 1924 tunc
404 1861 535 1924 Ecclesia
545 1879 606 1922 non
621 1861 695 1922 solet
708 1861 890 1938 oonoedere3
902 1862 999 1924 soldm
1010 1881 1086 1946 ergo
1097 1881 1168 1943 supe

208 1957 269 2011 rest
286 1957 319 2011 ut
338 1949 488 2030 parochus
508 1949 651 2012 instanter
664 1957 730 2011 oret
747 1968 803 2030 pro
822 1951 1017 2014 conversione
1032 1951 1166 2034 peroclie

208 2053 318 2098 norum
333 2037 377 2098 sic
388 2036 467 2098 male
476 2038 720 2116 conjunctorum.
737 2039 780 2116 (P.
798 2040 892 2121 Gury,
908 2049 942 2102 n·
955 2043 1040 2120 675.)

247 2127 338 2186 4439.
353 2157 394 2168 -
407 2125 453 2186 111.
479 2125 510 2186 Si
525 2125 752 2189 revalidundum
766 2127 805 2190 sit
818 2127 1046 2193 matrimonium
1065 2129 1166 2194 nullum

207 2211 248 2274 ob
258 2211 475 2274 inhabilitatem
500 2213 642 2293 partium,
669 2215 781 2296 duplici
805 2217 896 2280 modo
919 2219 1040 2300 procedi
1064 2227 1166 2302 polest,

208 2318 319 2381 nempe
343 2300 433 2363 modo
451 2301 624 2380 ordinario,
645 2303 809 2367 obtinendo
829 2307 913 2386 prius
931 2307 1100 2390 simplicem
1118 2308 1168 2370 dis·

207 2388 416 2471 pensationem
428 2437 437 2470 ,
449 2390 495 2453 rel
510 2389 676 2454 obtinendo
689 2391 942 2475 dispensationem
958 2397 989 2458 in
1004 2397 1114 2461 radice.

248 2480 282 2540 ln
303 2479 402 2562 primo
420 2497 492 2543 casu
511 2479 623 2561 regulae
643 2491 804 2564 sequentes
817 2484 975 2548 traduntur
993 2487 1060 2550 dP.
1077 2490 1168 2569 dury,

209 2572 322 2633 neore.

251 2679 267 2717 u
287 2662 319 2720 1⁸
334 2658 450 2741 Reputo
472 2657 531 2720 :Si
549 2663 677 2740 uterque
697 2661 810 2740 conjux
831 2661 868 2724 sit
887 2665 1029 2727 conscius
1051 2663 1172 2748 impedi-

207 2770 223 2806 »
247 2748 361 2826 menti,
384 2755 511 2828 uterque
531 2753 650 2809 tenetur
664 2767 848 2811 consensum
870 2769 1034 2833 renovare,
1057 2753 1173 2818 obtenti

207 2857 222 2893 r
247 2833 469 2916 dispensatione
504 2834 542 2896 ad
566 2829 801 2900 matrimonium
816 2839 1054 2905 revalidendum.
1094 2843 1173 2905 Ratio

208 2945 223 2980 p
246 2929 306 2998 est,
331 2923 401 3003 quia
423 2923 546 2985 scientie
565 2923 708 2987 nullitatis
725 2925 926 3008 matrimonii,
942 2939 1039 2995 stante
1053 2933 1172 3016 impedi·

206 3032 221 3069 n
248 3016 350 3071 mento
377 3009 562 3087 dirimente,
596 3015 764 3076 necessario
795 3033 900 3080 verum
926 3037 1112 3087 consensum
1115 3067 1169 3086 .....

205 3121 221 3157 u
246 3098 386 3160 excludit.

244 3207 260 3246 n
284 3191 316 3248 2·
330 3186 444 3268 Reputo
453 3188 503 3250 :Si
514 3207 575 3252 una
588 3209 658 3271 pars
670 3197 789 3257 tuntdm
803 3195 1055 3278 impedimentum
1067 3219 1172 3284 cogno

205 3297 220 3334 r
244 3274 336 3422 repit,
359 3276 411 3376 illa
433 3279 515 3338 certo
537 3284 656 3342 tenetur
677 3300 860 3346 consensum
883 3297 1044 3364 renovare,
1070 3291 1172 3353 saltem

204 3383 220 3422 a
243 3381 307 3424 soa
320 3381 483 3424 seorsim...

242 3454 333 3512 4440.
356 3472 372 3510 u
395 3454 427 3512 3·
451 3451 576 3534 Reputo.
600 3457 673 3520 Pars
694 3457 799 3540 ignara
820 3461 1029 3544 impedimenti
1049 3467 1172 3532 nonde

202 3556 218 3599 r
243 3535 328 3598 beret
353 3539 519 3601 necessario
546 3558 690 3609 renovare
716 3565 899 3618 consensum
921 3550 959 3613 ad
986 3555 1170 3625 matrimonii
