2462 3972
406 171 491 215 risun
511 169 668 216 sccundus.
965 151 1022 214 tou

93 271 185 330 5373.
202 266 329 340 Quando
351 267 430 348 perit
449 265 562 329 fundus
576 271 629 341 oui
642 265 739 328 fuerat
758 265 846 328 datus
859 264 891 327 in
905 283 1023 326 assecu-

56 359 211 418 rationem·
227 354 410 418 fundationis
429 362 481 416 eut
501 355 556 416 iste
576 356 608 416 in
631 363 810 436 perpetuum
830 353 941 415 desinit
960 370 1026 415 esse

56 444 207 523 fructifer,
226 451 299 506 tunc
316 461 409 506 onera
423 441 627 521 fundationis,
652 444 711 504 nisi
724 462 762 505 ex
775 442 864 524 culpa
876 448 1026 504 rectorum

57 533 85 594 id
98 533 264 614 contingat,
275 532 395 613 penitus
405 539 522 594 cessant
533 551 541 592 t
553 531 619 594 vide
628 530 706 593 dicta
714 550 803 612 supra
814 533 914 610 (3t88‚
925 533 1025 601 uelut:

56 639 95 682 on
111 629 212 683 autem
224 625 342 682 cessent
354 638 408 702 per
422 620 676 702 prascriptionem
688 667 696 698 ,
710 620 779 682 uide
792 623 907 699 (3520).

97 712 187 772 5374.
211 708 377 781 Ouaerit.A
399 726 534 790 quonam
553 708 657 771 reduci
676 708 793 770 valeant
814 725 908 771 onero
925 705 1027 771 littidu-

58 800 177 860 tionnm
190 797 207 858 ‘l

98 889 190 968 Resp.
206 884 281 948 Vide
294 885 375 948 dicta
388 905 480 968 supra
494 887 605 968 (lma).

99 974 204 1047 Quoad
220 973 414 1037 formalitates
427 983 501 1038 tunc
514 974 713 1038 observandas
733 973 903 1038 indicantur
926 974 956 1036 in
971 993 1030 1036 res-

57 1063 163 1144 criptis
177 1067 193 1123 a
209 1065 240 1125 S.
257 1063 335 1125 Sede
348 1063 509 1126 concessis.
525 1063 582 1128 Ubi
593 1065 662 1126 verd
672 1071 749 1126 esset
762 1063 949 1127 consuetudo
963 1064 1030 1144 legi·

57 1155 134 1214 time
154 1151 328 1233 praescripta
352 1155 412 1233 qut
435 1151 488 1214 hos
514 1151 705 1216 reductiones
732 1171 874 1234 peregere
899 1153 1031 1214 valerent

61 1241 215 1322 Episcopi,
229 1239 423 1303 observandae
436 1248 536 1302 essent
555 1249 628 1304 tunc
645 1242 735 1303 etism
758 1239 950 1304 formalitates
963 1261 1030 1323 quae

59 1330 91 1390 in
121 1327 295 1408 hujusmodi
316 1328 389 1392 locis
411 1329 555 1410 vigerent.
578 1330 748 1392 Concilium
775 1337 876 1392 autem
897 1330 1028 1392 Trident.

59 1422 146 1495 (sess.
165 1419 224 1494 25,
239 1435 267 1479 c.
282 1419 313 1493 l)
327 1417 492 1498 praescribit
505 1425 538 1480 ut
559 1417 749 1480 reductiones
762 1417 835 1480 fiant
858 1419 890 1481 in
913 1418 1031 1501 Synodo

59 1505 241 1576 uincerent:
262 1505 316 1567 sed
333 1506 486 1587 quomodo
510 1506 634 1588 intelligi
657 1506 764 1569 debeat
784 1507 909 1571 facultas
929 1509 1032 1572 dalaia

59 1593 213 1670 Concilio,
238 1593 305 1655 vide
328 1594 511 1677 explicatum
528 1595 566 1657 ab
579 1595 702 1659 Urbano
722 1598 1030 1680 v111su⁴pn(tul5t;

60 1683 159 1746 mults
174 1680 213 1744 de
226 1681 273 1744 his
287 1682 456 1746 referuntur
469 1685 488 1745 a
500 1685 563 1746 Itu.
580 1683 661 1745 Allre
679 1703 747 1765 quaa
761 1686 873 1748 utiliter
890 1687 949 1768 legi
966 1706 1033 1770 pos-

60 1777 155 1848 sunt,
177 1771 232 1832 etsi
257 1788 320 1832 non
342 1773 468 1834 omnino
492 1771 660 1835 conformia
674 1773 735 1852 juri
762 1775 919 1836 canonico.
943 1775 1033 1848 (Vide

59 1858 186 1925 Admin.
204 1867 325 1942 torpor.
340 1859 389 1922 des
398 1861 561 1943 paroisses,
579 1865 610 1922 t·
624 1859 710 1940 edit,
725 1881 755 1944 p.
772 1866 847 1940 556,
862 1867 933 1939 etc.)

475 2047 558 2112 ART.
582 2049 628 2112 lll.

308 2189 349 2236 os
372 2194 530 2240 nsnrncus
551 2194 790 2244 sccrssrasrtcu.

518 2372 536 2452 ᾖ
556 2373 579 2436 Ι.

236 2547 239 2554 .
268 2505 346 2583 Quid
363 2513 392 2568 et
410 2503 571 2586 quotuplex
590 2505 632 2565 sit
653 2505 843 2580 Beneficium.

106 2667 198 2728 5375.
213 2664 284 2724 —l.
302 2661 487 2724 Beneficium
505 2659 737 2724 ecclesiasticum
759 2664 901 2730 definitur
914 2686 930 2729 a
945 2687 1033 2730 cano·

63 2751 153 2816 nistis
165 2771 171 2812 :
183 2751 237 2813 lus
246 2758 420 2832 perpetuum
426 2748 611 2832 percipiendi
622 2749 739 2831 [ructus
752 2771 790 2814 eu
805 2752 884 2816 bonis
895 2757 1037 2820 Ecclesioe

61 2848 189 2926 propter
202 2839 335 2923 officium
349 2837 469 2920 aliquod
479 2837 636 2919 spirituale
650 2841 827 2904 auctoritate
849 2847 1036 2908 emutilatum

63 2929 224 3012 etpiuprio
236 2929 351 2989 minine
360 2925 552 2990 exercendum
562 2949 573 2998 ,·
584 2927 1037 3012 pauldaliterquidemdelinitur

62 3016 263 3098 &theologia
282 3017 325 3078 uti
347 3021 392 3078 est
409 3014 510 3076 videre
531 3016 612 3096 apud
632 3017 719 3079 Card.
742 3019 843 3101 Soglia
863 3023 948 3099 (lust.
964 3024 1035 3105 jur.

64 3105 193 3186 on'u.,§
211 3107 276 3184 81),
301 3104 354 3167 sed
373 3102 564 3166 definitiones
586 3103 671 3168 facile
691 3108 723 3168 in
746 3107 827 3172 idem
847 3111 949 3178 reduci
968 3131 1037 3196 pos·

65 3201 150 3258 sunt.

107 3286 198 3346 5376.
223 3283 306 3359 Duo,
321 3283 340 3343 d
361 3299 394 3342 se
414 3280 543 3343 invicem
557 3283 753 3364 separabilia,
766 3285 993 3370 distinguuntur
1007 3293 1036 3353 in

66 3371 237 3448 beneficiis,
254 3387 383 3452 nempe:
404 3374 435 3434 l⁰
453 3371 504 3448 jus
523 3388 576 3433 seu
598 3378 729 3454 potestas
745 3379 904 3440 exercendi
927 3398 1038 3443 nrunus

66 3459 222 3542 spirituale
234 3479 242 3536 ;
255 3463 287 3520 2⁰
299 3459 349 3538 ius
363 3458 547 3540 percipiendi
568 3459 701 3522 redditus
714 3463 928 3528 ecclesiasticos
945 3487 952 3527 :
968 3487 1036 3546 pos-

66 3549 162 3614 terius
177 3547 318 3610 fundatur
332 3546 363 3608 in
374 3547 486 3625 priori,
503 3547 541 3611 de
554 3567 616 3624 quo
638 3547 733 3614 fusius
746 3551 877 3613 diximus
890 3555 921 3613 in
940 3555 1035 3632 primo
