2482 3944
69 11 339 119 ῃ

408 201 493 246 arasa
513 201 673 248 sucuuuus.
990 182 1030 243 45

69 300 110 360 tici
122 347 129 374 ,
143 299 260 360 affertur
281 316 348 379 cap.
366 295 512 366 Doiantos,
527 294 562 357 de
579 296 683 358 celebr.
700 295 804 364 misso,
819 295 848 357 in
865 314 927 376 quo
939 297 1031 357 Inno-

67 388 171 450 centius
191 389 226 448 lll
247 387 339 449 refert
356 386 440 466 quod
460 386 521 446 sint
538 407 553 444 u
571 385 624 468 qui
643 384 797 445 missorum
819 385 960 446 solemnio
979 384 1032 446 vis

69 477 202 537 celebant
220 485 327 557 quater
349 477 383 536 in
400 491 494 548 onno;
514 483 543 536 et
565 472 646 555 quod
664 471 868 549 celerima,
890 473 1033 536 interesse

69 573 255 627 mntemnunt
264 584 295 640 o;
305 571 335 626 et
348 563 438 644 pauld
451 570 517 644 post
528 561 648 641 adjicit:
662 563 760 624 «Herc
772 561 868 642 spitui·
878 569 908 624 et
920 561 1032 624 similia

71 676 84 712 ι
103 654 152 713 sub
162 653 247 734 prend
259 651 454 732 suspensionis
468 651 589 732 penitus
603 650 785 713 inhibemus.
801 672 818 710 o

103 743 152 802 His
165 741 351 824 respondent
360 739 492 800 fautores
501 739 607 820 primae
621 739 776 802 sententiaa
788 758 797 801 t
809 744 840 800 l·
849 738 931 820 qudd
944 739 1035 802 uerba

71 831 197 911 Epistolae
218 829 257 891 ad
273 830 418 890 flebraeos
436 827 610 908 exprimunt
629 826 759 908 quidem
775 835 952 905 potestatem
973 845 1035 889 non

73 921 132 980 send
144 920 372 1000 obligationem
388 921 420 978 2ο
433 916 523 979 verba
537 916 645 978 Christi
656 918 812 978 continent
824 917 949 998 quidem
962 935 1036 999 prac-

74 1016 182 1088 ceptum
201 1008 449 1090 presbyterorum
470 1005 677 1067 communitati
699 1006 872 1085 impositum
892 1023 952 1068 non
967 1008 1036 1068 verb

75 1095 187 1175 singulis
211 1093 439 1168 sacerdotibus;
455 1099 486 1156 3ο
501 1092 590 1156 verba
604 1095 695 1175 capit.
709 1093 845 1155 Dolentes
858 1113 871 1156 .·
886 1094 938 1156 sub
950 1095 1035 1176 prend

75 1185 255 1264 suspensionis
265 1184 384 1266 ponitus
399 1183 575 1252 inhibemus,
592 1183 637 1244 vel
662 1201 722 1244 non
746 1182 916 1244 referuntur
934 1184 971 1244 ad
985 1202 1037 1245 eos

76 1273 118 1352 qni
129 1273 179 1333 or's
192 1271 340 1334 celebrant
358 1280 464 1352 quater
477 1271 509 1331 in
526 1291 616 1339 anno,
635 1271 687 1332 sed
707 1271 745 1332 ad
759 1272 832 1333 alios
851 1279 952 1352 postea
966 1291 1038 1334 enu-

78 1367 193 1423 meratos
208 1361 239 1422 in
257 1361 339 1422 dicto
353 1379 489 1436 canone;
506 1361 551 1421 vel
567 1379 628 1421 non
643 1367 818 1441 supponunt
831 1379 951 1440 gravam
961 1361 1037 1422 obli-

79 1451 237 1527 gatonem,
252 1451 324 1511 cum
338 1449 399 1510 sint
412 1449 602 1510 solummodo
615 1449 854 1512 comminatoria.

112 1543 195 1600 blssd.
212 1540 266 1598 His
280 1546 381 1599 tamen
397 1537 678 1614 nonobstantibus,
694 1539 724 1600 S.
742 1539 863 1618 Liguor.
879 1538 1040 1601 subscribit

81 1629 223 1689 sententiae
252 1626 413 1688 aflirmanti
438 1633 473 1686 ut
499 1625 604 1686 tutiori
623 1633 652 1688 et
674 1625 756 1708 loope
778 1627 988 1695 continuatori:
1011 1635 1041 1689 et

83 1715 191 1776 undem
214 1714 369 1778 concludit
386 1715 566 1776 seutentiam
592 1715 779 1795 oppositam,
801 1716 905 1775 saltem
921 1721 1041 1794 propter

84 1803 265 1880 scandalum,
288 1805 335 1863 vix
359 1821 424 1864 esse
446 1802 635 1884 probabilem
661 1803 724 1878 (lib.
752 1807 781 1876 6,
807 1811 840 1862 ιιο
859 1805 943 1880 313);
970 1805 1042 1866 item

87 1890 182 1951 Bened.
198 1894 263 1954 xtv
280 1891 340 1970 (De
354 1891 510 1973 Sacrificio
524 1890 623 1952 lllissoe
633 1935 642 1964 ,
658 1889 710 1950 lib.
727 1893 757 1966 3,
773 1909 800 1952 c.
818 1895 850 1964 l,
867 1892 900 1950 n⁰
916 1892 962 1970 td)
976 1891 1041 1957 ait:

91 2000 102 2034 ι
118 1982 175 2040 Non
190 1999 279 2062 posse
294 1980 433 2042 sustineri
448 1980 627 2041 sententiam
648 1995 754 2040 eorum
774 1978 825 2060 qui
845 1985 979 2042 statuunt
992 1999 1041 2044 vc·

89 2070 228 2131 »naliter
250 2071 368 2130 uotum
397 2087 520 2150 peccare
552 2067 736 2130 sacerdotem
764 2068 901 2149 quinon
928 2067 1042 2134 habens

90 2177 101 2210 ι
120 2175 214 2219 curam
229 2158 422 2232 animarum,
441 2175 498 2219 nec
514 2157 598 2218 aliter
612 2157 750 2218 astrictus
769 2157 807 2218 ad
826 2159 948 2220 missam
963 2160 1041 2222 cele·

90 2243 280 2320 obtundam,
305 2263 463 2326 nunquam
489 2265 542 2326 per
565 2263 680 2307 annum
703 2245 833 2308 celebrat
847 2266 886 2324 u;
909 2255 939 2308 et
961 2249 1044 2310 addit

91 2333 115 2392 S.
129 2335 208 2397 Pium
224 2337 246 2391 V
261 2335 385 2413 Jussisse
399 2334 531 2415 expungi
545 2335 583 2395 ab
596 2334 736 2415 operibus
754 2335 873 2396 Cardin.
890 2337 1019 2415 Cajetani
1034 2386 1041 2412 ‚

91 2420 174 2484 locum
189 2423 240 2486 ubi
260 2423 338 2485 hanc
355 2423 529 2502 opinionem
545 2424 687 2500 sustinet;
704 2431 734 2484 et
750 2425 841 2487 talem
858 2425 1043 2490 sacerdotem

93 2511 133 2589 qui
144 2513 183 2574 sic
192 2531 282 2594 agere
296 2513 399 2572 statuit
413 2529 474 2572 nou
489 2530 576 2592 posse
590 2511 711 2574 absolvi.

124 2603 204 2664 3483.
224 2600 374 2674 Quaeritur
387 2607 505 2672 autem,
521 2601 637 2681 quoties
650 2602 734 2678 juxta
747 2605 924 2666 sententiam
939 2608 1044 2686 praala-

94 2692 140 2750 lam
159 2689 378 2762 affirmantem,
403 2689 540 2750 sacerdos
562 2697 699 2750 teneatur
720 2691 842 2750 missam
869 2692 1044 2770 celebrare,

95 2779 199 2856 quando
213 2797 274 2839 non
297 2784 343 2838 est
365 2777 513 2858 parochus
535 2797 593 2839 nec
611 2776 733 2838 aliunde
751 2778 890 2839 astrictus
910 2779 948 2839 ad
966 2785 1046 2861 saepb

94 2865 317 2928 celebrandum?
336 2899 370 2910 -
388 2865 481 2926 Valde
495 2868 557 2927 ΠΙ).
577 2869 609 2927 in
628 2865 685 2926 hoc
698 2864 891 2946 discrepant:
914 2869 944 2929 S.
968 2869 1046 2930 Tho·

95 2967 147 3016 tuas
154 2955 222 3018 dicit
234 2973 307 3017 eum
322 2953 415 3016 teneri
425 2954 576 3017 celebrare
589 2955 619 3016 in
634 2953 794 3035 praecipuis
803 2953 883 3017 lestis
893 2957 923 3016 in
939 2957 1048 3038 quilsus

41 3115 42 3120 γ
96 3039 183 3106 lactes
198 3045 294 3106 solent
313 3043 561 3105 communicare·
577 3061 646 3124 quae
666 3042 739 3104 festa
756 3043 805 3106 alii
828 3044 998 3126 intelligunt
1010 3047 1049 3109 dc

42 3129 234 3196 latinitate
247 3132 386 3209 Domini,
401 3133 544 3193 Paschate
557 3141 586 3193 et
602 3135 791 3194 Pentecoste·
785 3135 938 3214 ‚quibus
928 3149 1048 3202 econtra

99 3219 137 3280 alii
149 3221 228 3301 plura
249 3221 306 3282 alia
324 3219 470 3299 adjiciunt
487 3225 521 3282 ut
542 3222 732 3282 ascensionis
744 3223 906 3304 ‚Corporis
924 3226 1047 3307 Christi,

103 3309 343 3382 annuntiationis
359 3309 576 3370 NatiuitatisB.
598 3309 639 3370 Μ.
655 3310 753 3390 Virga
769 3311 1049 3392 imoquidamsen-

100 3396 164 3457 liunt
174 3397 210 3458 ad
223 3397 439 3460 celebrandum
453 3397 546 3458 teneri
561 3398 740 3470 sacerdotes,
754 3399 879 3481 singulis
892 3402 1050 3468 dominicis

103 3491 124 3542 ot
142 3484 217 3547 lastis
244 3487 409 3566 praescrtim
436 3487 683 3562 solemnioribus3
709 3487 761 3548 sed
788 3493 935 3552 sententia
963 3493 1051 3572 longd

104 3576 275 3637 ummuuior
309 3580 389 3636 tanat
410 3573 578 3636 noerdotea
601 3591 661 3636 non
686 3573 808 3656 osningi
832 3574 888 3638 tub
911 3574 991 3656 groti
1014 3573 1052 3637 od
