<?xml version="1.0" encoding="UTF-8"?>
<!DOCTYPE html PUBLIC "-//W3C//DTD XHTML 1.0 Transitional//EN"
    "http://www.w3.org/TR/xhtml1/DTD/xhtml1-transitional.dtd">
<html xmlns="http://www.w3.org/1999/xhtml" xml:lang="en" lang="en">
 <head>
  <title>
</title>
<meta http-equiv="Content-Type" content="text/html;charset=utf-8" />
  <meta name='ocr-system' content='tesseract 3.04.00' />
  <meta name='ocr-capabilities' content='ocr_page ocr_carea ocr_par ocr_line ocrx_word'/>
</head>
<body>
  <div class='ocr_page' id='page_1' title='image "./manualetotiusju00craigoog_0615.png"; bbox 0 0 2420 3968; ppageno 0'>
   <div class='ocr_carea' id='block_1_1' title="bbox 178 211 924 277">
    <p class='ocr_par' dir='ltr' id='par_1_1' title="bbox 178 211 924 277">
     <span class='ocr_line' id='line_1_1' title="bbox 178 211 924 277; baseline 0.005 -11"><span class='ocrx_word' id='word_1_1' title='bbox 178 211 235 268; x_wconf 74' lang='lat' dir='ltr'><strong>sstlt</strong></span> <span class='ocrx_word' id='word_1_2' title='bbox 371 269 374 277; x_wconf 65' lang='grc'>,</span> <span class='ocrx_word' id='word_1_3' title='bbox 398 223 533 267; x_wconf 77' lang='lat' dir='ltr'><strong>arincam</strong></span> <span class='ocrx_word' id='word_1_4' title='bbox 552 222 653 268; x_wconf 85' lang='lat' dir='ltr'><strong>ronns</strong></span> <span class='ocrx_word' id='word_1_5' title='bbox 671 224 754 269; x_wconf 81' lang='lat' dir='ltr'><strong>roais</strong></span> <span class='ocrx_word' id='word_1_6' title='bbox 774 225 924 270; x_wconf 77' lang='lat' dir='ltr'><strong>canonici.</strong></span> 
     </span>
    </p>
   </div>
   <div class='ocr_carea' id='block_1_2' title="bbox 94 317 1159 3355">
    <p class='ocr_par' dir='ltr' id='par_1_2' title="bbox 179 317 1140 580">
     <span class='ocr_line' id='line_1_2' title="bbox 179 317 1138 402; baseline 0 -20"><span class='ocrx_word' id='word_1_7' title='bbox 179 321 215 382; x_wconf 87' lang='lat' dir='ltr'><strong>cd</strong></span> <span class='ocrx_word' id='word_1_8' title='bbox 227 319 308 400; x_wconf 87' lang='lat' dir='ltr'><strong>qudd</strong></span> <span class='ocrx_word' id='word_1_9' title='bbox 322 324 395 382; x_wconf 87' lang='lat' dir='ltr'><strong>tune</strong></span> <span class='ocrx_word' id='word_1_10' title='bbox 410 317 492 380; x_wconf 85' lang='lat' dir='ltr'><strong>horae</strong></span> <span class='ocrx_word' id='word_1_11' title='bbox 507 317 631 400; x_wconf 87' lang='lat' dir='ltr'><strong>integrae</strong></span> <span class='ocrx_word' id='word_1_12' title='bbox 646 337 707 380; x_wconf 92' lang='lat' dir='ltr'><strong>non</strong></span> <span class='ocrx_word' id='word_1_13' title='bbox 718 319 899 400; x_wconf 87' lang='lat' dir='ltr'><strong>recitentur,</strong></span> <span class='ocrx_word' id='word_1_14' title='bbox 914 323 985 384; x_wconf 82' lang='lat' dir='ltr'><strong>clim</strong></span> <span class='ocrx_word' id='word_1_15' title='bbox 1001 339 1138 402; x_wconf 85' lang='lat' dir='ltr'><strong>organum</strong></span> 
     </span>
     <span class='ocr_line' id='line_1_3' title="bbox 179 406 1140 490; baseline 0.004 -20"><span class='ocrx_word' id='word_1_16' title='bbox 179 409 268 472; x_wconf 83' lang='lat' dir='ltr'><strong>rerba</strong></span> <span class='ocrx_word' id='word_1_17' title='bbox 280 427 341 470; x_wconf 92' lang='lat' dir='ltr'><strong>non</strong></span> <span class='ocrx_word' id='word_1_18' title='bbox 356 406 505 490; x_wconf 82' lang='lat' dir='ltr'><strong>proferat:</strong></span> <span class='ocrx_word' id='word_1_19' title='bbox 522 407 603 470; x_wconf 85' lang='lat' dir='ltr'><strong>unde</strong></span> <span class='ocrx_word' id='word_1_20' title='bbox 616 426 693 490; x_wconf 90' lang='lat' dir='ltr'><strong>opus</strong></span> <span class='ocrx_word' id='word_1_21' title='bbox 706 415 751 472; x_wconf 88' lang='lat' dir='ltr'><strong>est</strong></span> <span class='ocrx_word' id='word_1_22' title='bbox 764 417 797 471; x_wconf 89' lang='lat' dir='ltr'><strong>ut</strong></span> <span class='ocrx_word' id='word_1_23' title='bbox 811 410 879 490; x_wconf 90' lang='lat' dir='ltr'><strong>quis</strong></span> <span class='ocrx_word' id='word_1_24' title='bbox 892 409 999 472; x_wconf 84' lang='lat' dir='ltr'><strong>saltem</strong></span> <span class='ocrx_word' id='word_1_25' title='bbox 1012 411 1069 474; x_wconf 78' lang='lat' dir='ltr'><strong>alta</strong></span> <span class='ocrx_word' id='word_1_26' title='bbox 1079 430 1140 474; x_wconf 79' lang='lat' dir='ltr'><strong>rom¹</strong></span> 
     </span>
     <span class='ocr_line' id='line_1_4' title="bbox 180 495 952 580; baseline 0.003 -21"><span class='ocrx_word' id='word_1_27' title='bbox 180 503 252 561; x_wconf 88' lang='lat' dir='ltr'><strong>tunc</strong></span> <span class='ocrx_word' id='word_1_28' title='bbox 265 498 354 559; x_wconf 84' lang='lat' dir='ltr'><strong>rerba</strong></span> <span class='ocrx_word' id='word_1_29' title='bbox 369 497 544 579; x_wconf 81' lang='lat' dir='ltr'>pronuntiet</span> <span class='ocrx_word' id='word_1_30' title='bbox 554 495 628 560; x_wconf 91' lang='lat' dir='ltr'><strong>dum</strong></span> <span class='ocrx_word' id='word_1_31' title='bbox 642 515 792 579; x_wconf 90' lang='lat' dir='ltr'><strong>organum</strong></span> <span class='ocrx_word' id='word_1_32' title='bbox 806 499 952 580; x_wconf 84' lang='lat' dir='ltr'><strong>pulsatur.</strong></span> 
     </span>
    </p>

    <p class='ocr_par' dir='ltr' id='par_1_3' title="bbox 180 585 1143 939">
     <span class='ocr_line' id='line_1_5' title="bbox 220 585 1141 669; baseline 0.003 -21"><span class='ocrx_word' id='word_1_33' title='bbox 220 590 308 648; x_wconf 68' lang='lat' dir='ltr'><strong>slat.</strong></span> <span class='ocrx_word' id='word_1_34' title='bbox 325 586 522 650; x_wconf 75' lang='lat' dir='ltr'><strong>probabiliter</strong></span> <span class='ocrx_word' id='word_1_35' title='bbox 533 587 604 648; x_wconf 83' lang='lat' dir='ltr'><strong>verb</strong></span> <span class='ocrx_word' id='word_1_36' title='bbox 618 585 758 649; x_wconf 78' lang='lat' dir='ltr'><strong>satisfacit</strong></span> <span class='ocrx_word' id='word_1_37' title='bbox 771 587 839 669; x_wconf 88' lang='lat' dir='ltr'><strong>qui,</strong></span> <span class='ocrx_word' id='word_1_38' title='bbox 854 587 929 651; x_wconf 88' lang='lat' dir='ltr'><strong>dum</strong></span> <span class='ocrx_word' id='word_1_39' title='bbox 943 588 993 652; x_wconf 83' lang='lat' dir='ltr'><strong>elii</strong></span> <span class='ocrx_word' id='word_1_40' title='bbox 1009 590 1141 667; x_wconf 87' lang='lat' dir='ltr'><strong>recitant,</strong></span> 
     </span>
     <span class='ocr_line' id='line_1_6' title="bbox 180 675 1140 758; baseline 0.005 -20"><span class='ocrx_word' id='word_1_41' title='bbox 180 677 266 738; x_wconf 87' lang='lat' dir='ltr'><strong>tussit</strong></span> <span class='ocrx_word' id='word_1_42' title='bbox 273 675 318 738; x_wconf 87' lang='lat' dir='ltr'><strong>vel</strong></span> <span class='ocrx_word' id='word_1_43' title='bbox 328 681 474 754; x_wconf 75' lang='lat' dir='ltr'><strong>exscreat,</strong></span> <span class='ocrx_word' id='word_1_44' title='bbox 485 677 603 738; x_wconf 85' lang='lat' dir='ltr'><strong>etiamsi</strong></span> <span class='ocrx_word' id='word_1_45' title='bbox 616 675 731 758; x_wconf 80' lang='lat' dir='ltr'><strong>integer</strong></span> <span class='ocrx_word' id='word_1_46' title='bbox 744 677 879 758; x_wconf 86' lang='lat' dir='ltr'><strong>psalmus</strong></span> <span class='ocrx_word' id='word_1_47' title='bbox 888 678 1013 742; x_wconf 87' lang='lat' dir='ltr'><strong>interim</strong></span> <span class='ocrx_word' id='word_1_48' title='bbox 1024 679 1140 756; x_wconf 84' lang='lat' dir='ltr'><strong>dicatur;</strong></span> 
     </span>
     <span class='ocr_line' id='line_1_7' title="bbox 181 765 1143 852; baseline 0.006 -26"><span class='ocrx_word' id='word_1_49' title='bbox 181 765 253 827; x_wconf 85' lang='lat' dir='ltr'><strong>item</strong></span> <span class='ocrx_word' id='word_1_50' title='bbox 267 765 460 847; x_wconf 84' lang='lat' dir='ltr'><strong>probabiliter</strong></span> <span class='ocrx_word' id='word_1_51' title='bbox 470 771 628 828; x_wconf 86' lang='lat' dir='ltr'><strong>excusatur</strong></span> <span class='ocrx_word' id='word_1_52' title='bbox 641 765 666 828; x_wconf 91' lang='lat' dir='ltr'><strong>is</strong></span> <span class='ocrx_word' id='word_1_53' title='bbox 685 767 736 848; x_wconf 89' lang='lat' dir='ltr'><strong>qui</strong></span> <span class='ocrx_word' id='word_1_54' title='bbox 755 767 787 828; x_wconf 94' lang='lat' dir='ltr'><strong>in</strong></span> <span class='ocrx_word' id='word_1_55' title='bbox 802 766 894 830; x_wconf 89' lang='lat' dir='ltr'><strong>choro</strong></span> <span class='ocrx_word' id='word_1_56' title='bbox 908 767 1037 852; x_wconf 82' lang='lat' dir='ltr'><strong>perlegit</strong></span> <span class='ocrx_word' id='word_1_57' title='bbox 1056 771 1143 832; x_wconf 83' lang='lat' dir='ltr'><strong>lectio</strong></span> 
     </span>
     <span class='ocr_line' id='line_1_8' title="bbox 182 855 1143 939; baseline 0.008 -24"><span class='ocrx_word' id='word_1_58' title='bbox 182 871 254 916; x_wconf 87' lang='lat' dir='ltr'><strong>nem</strong></span> <span class='ocrx_word' id='word_1_59' title='bbox 266 873 303 917; x_wconf 85' lang='lat' dir='ltr'><strong>ne</strong></span> <span class='ocrx_word' id='word_1_60' title='bbox 317 861 418 935; x_wconf 86' lang='lat' dir='ltr'><strong>erret,</strong></span> <span class='ocrx_word' id='word_1_61' title='bbox 432 855 566 938; x_wconf 87' lang='lat' dir='ltr'><strong>alioquin</strong></span> <span class='ocrx_word' id='word_1_62' title='bbox 578 861 741 935; x_wconf 71' lang='lat' dir='ltr'><strong>erratupns.</strong></span> <span class='ocrx_word' id='word_1_63' title='bbox 758 858 800 934; x_wconf 90' lang='lat' dir='ltr'><strong>(S.</strong></span> <span class='ocrx_word' id='word_1_64' title='bbox 812 855 946 938; x_wconf 67' lang='lat' dir='ltr'><strong>Liguor„</strong></span> <span class='ocrx_word' id='word_1_65' title='bbox 962 858 1017 921; x_wconf 92' lang='lat' dir='ltr'><strong>lib.</strong></span> <span class='ocrx_word' id='word_1_66' title='bbox 1030 864 1061 937; x_wconf 82' lang='lat' dir='ltr'><strong>l,</strong></span> <span class='ocrx_word' id='word_1_67' title='bbox 1074 863 1143 939; x_wconf 73' lang='lat' dir='ltr'><strong>rso.)</strong></span> 
     </span>
    </p>

    <p class='ocr_par' dir='ltr' id='par_1_4' title="bbox 94 943 1145 1639">
     <span class='ocr_line' id='line_1_9' title="bbox 221 943 1143 1030; baseline 0.009 -25"><span class='ocrx_word' id='word_1_68' title='bbox 221 947 312 1006; x_wconf 71' lang='lat'><strong>5122.</strong></span> <span class='ocrx_word' id='word_1_69' title='bbox 329 979 368 992; x_wconf 83' lang='lat'><em>-</em></span> <span class='ocrx_word' id='word_1_70' title='bbox 381 948 414 1006; x_wconf 75' lang='lat'><strong>3⁶</strong></span> <span class='ocrx_word' id='word_1_71' title='bbox 428 945 570 1009; x_wconf 75' lang='lat' dir='ltr'><strong>Cerealia</strong></span> <span class='ocrx_word' id='word_1_72' title='bbox 584 943 738 1018; x_wconf 77' lang='lat' dir='ltr'><strong>breviarii,</strong></span> <span class='ocrx_word' id='word_1_73' title='bbox 754 946 803 1008; x_wconf 89' lang='lat' dir='ltr'><strong>vel</strong></span> <span class='ocrx_word' id='word_1_74' title='bbox 815 947 941 1008; x_wconf 77' lang='lat' dir='ltr'><strong>cecitas.</strong></span> <span class='ocrx_word' id='word_1_75' title='bbox 964 949 999 1010; x_wconf 95' lang='grc' dir='ltr'><strong>Ιη</strong></span> <span class='ocrx_word' id='word_1_76' title='bbox 1015 968 1143 1030; x_wconf 82' lang='lat' dir='ltr'><strong>qnooasa</strong></span> 
     </span>
     <span class='ocr_line' id='line_1_10' title="bbox 183 1022 1143 1116; baseline 0.009 -22"><span class='ocrx_word' id='word_1_77' title='bbox 183 1022 318 1115; x_wconf 86' lang='lat' dir='ltr'><strong>primum</strong></span> <span class='ocrx_word' id='word_1_78' title='bbox 332 1041 377 1097; x_wconf 90' lang='lat' dir='ltr'><strong>est</strong></span> <span class='ocrx_word' id='word_1_79' title='bbox 390 1034 571 1096; x_wconf 86' lang='lat' dir='ltr'><strong>advertenda</strong></span> <span class='ocrx_word' id='word_1_80' title='bbox 584 1035 749 1116; x_wconf 87' lang='lat' dir='ltr'><strong>propositio</strong></span> <span class='ocrx_word' id='word_1_81' title='bbox 767 1034 806 1098; x_wconf 89' lang='lat' dir='ltr'><strong>ab</strong></span> <span class='ocrx_word' id='word_1_82' title='bbox 819 1037 998 1100; x_wconf 83' lang='lat' dir='ltr'><strong>Innocentio</strong></span> <span class='ocrx_word' id='word_1_83' title='bbox 1019 1041 1059 1101; x_wconf 86' lang='lat' dir='ltr'><strong>xl</strong></span> <span class='ocrx_word' id='word_1_84' title='bbox 1071 1039 1143 1102; x_wconf 87' lang='lat' dir='ltr'><strong>dam·</strong></span> 
     </span>
     <span class='ocr_line' id='line_1_11' title="bbox 185 1120 1144 1206; baseline 0.004 -21"><span class='ocrx_word' id='word_1_85' title='bbox 185 1130 254 1185; x_wconf 83' lang='lat' dir='ltr'><strong>nata</strong></span> <span class='ocrx_word' id='word_1_86' title='bbox 269 1143 336 1204; x_wconf 85' lang='lat' dir='ltr'><strong>quae</strong></span> <span class='ocrx_word' id='word_1_87' title='bbox 350 1120 469 1185; x_wconf 85' lang='lat' dir='ltr'><strong>dicebat</strong></span> <span class='ocrx_word' id='word_1_88' title='bbox 484 1142 491 1184; x_wconf 94' lang='lat'><strong>:</strong></span> <span class='ocrx_word' id='word_1_89' title='bbox 512 1146 527 1182; x_wconf 82' lang='lat' dir='ltr'><strong>a</strong></span> <span class='ocrx_word' id='word_1_90' title='bbox 541 1123 597 1195; x_wconf 83' lang='lat' dir='ltr'><strong>Qui</strong></span> <span class='ocrx_word' id='word_1_91' title='bbox 612 1141 674 1186; x_wconf 91' lang='lat' dir='ltr'><strong>non</strong></span> <span class='ocrx_word' id='word_1_92' title='bbox 688 1131 785 1206; x_wconf 86' lang='lat' dir='ltr'><strong>potest</strong></span> <span class='ocrx_word' id='word_1_93' title='bbox 798 1125 923 1188; x_wconf 88' lang='lat' dir='ltr'><strong>recitare</strong></span> <span class='ocrx_word' id='word_1_94' title='bbox 937 1129 1144 1191; x_wconf 83' lang='lat' dir='ltr'><strong>Matutinumot</strong></span> 
     </span>
     <span class='ocr_line' id='line_1_12' title="bbox 185 1211 1143 1293; baseline 0.006 -22"><span class='ocrx_word' id='word_1_95' title='bbox 185 1233 200 1271; x_wconf 81' lang='lat' dir='ltr'><strong>o</strong></span> <span class='ocrx_word' id='word_1_96' title='bbox 226 1211 358 1289; x_wconf 86' lang='lat' dir='ltr'><strong>Laudes,</strong></span> <span class='ocrx_word' id='word_1_97' title='bbox 373 1217 585 1293; x_wconf 85' lang='lat' dir='ltr'><strong>potestantem</strong></span> <span class='ocrx_word' id='word_1_98' title='bbox 604 1212 734 1293; x_wconf 86' lang='lat' dir='ltr'><strong>reliquas</strong></span> <span class='ocrx_word' id='word_1_99' title='bbox 748 1211 854 1292; x_wconf 87' lang='lat' dir='ltr'><strong>horas,</strong></span> <span class='ocrx_word' id='word_1_100' title='bbox 876 1215 914 1276; x_wconf 87' lang='lat' dir='ltr'><strong>ad</strong></span> <span class='ocrx_word' id='word_1_101' title='bbox 930 1216 1006 1278; x_wconf 88' lang='lat' dir='ltr'><strong>nihil</strong></span> <span class='ocrx_word' id='word_1_102' title='bbox 1021 1225 1143 1280; x_wconf 85' lang='lat' dir='ltr'><strong>tenetur:</strong></span> 
     </span>
     <span class='ocr_line' id='line_1_13' title="bbox 94 1300 1145 1388; baseline 0.01 -30"><span class='ocrx_word' id='word_1_103' title='bbox 94 1319 98 1324; x_wconf 95' lang='lat'>·</span> <span class='ocrx_word' id='word_1_104' title='bbox 185 1321 200 1359; x_wconf 79' lang='lat' dir='ltr'><strong>o</strong></span> <span class='ocrx_word' id='word_1_105' title='bbox 225 1302 295 1380; x_wconf 85' lang='lat' dir='ltr'><strong>qnia</strong></span> <span class='ocrx_word' id='word_1_106' title='bbox 310 1301 406 1378; x_wconf 87' lang='lat' dir='ltr'><strong>major</strong></span> <span class='ocrx_word' id='word_1_107' title='bbox 420 1319 488 1382; x_wconf 89' lang='lat' dir='ltr'><strong>pars</strong></span> <span class='ocrx_word' id='word_1_108' title='bbox 502 1300 592 1363; x_wconf 89' lang='lat' dir='ltr'><strong>trahit</strong></span> <span class='ocrx_word' id='word_1_109' title='bbox 602 1300 641 1364; x_wconf 89' lang='lat' dir='ltr'><strong>ad</strong></span> <span class='ocrx_word' id='word_1_110' title='bbox 656 1319 688 1364; x_wconf 90' lang='lat' dir='ltr'><strong>se</strong></span> <span class='ocrx_word' id='word_1_111' title='bbox 703 1302 864 1365; x_wconf 87' lang='lat' dir='ltr'><strong>minorem.</strong></span> <span class='ocrx_word' id='word_1_112' title='bbox 880 1326 896 1363; x_wconf 83' lang='lat' dir='ltr'><strong>n</strong></span> <span class='ocrx_word' id='word_1_113' title='bbox 915 1305 1002 1370; x_wconf 91' lang='lat' dir='ltr'><strong>Unde</strong></span> <span class='ocrx_word' id='word_1_114' title='bbox 1016 1304 1068 1388; x_wconf 85' lang='lat' dir='ltr'><strong>qui</strong></span> <span class='ocrx_word' id='word_1_115' title='bbox 1079 1317 1145 1369; x_wconf 83' lang='lat' dir='ltr'><strong>carel</strong></span> 
     </span>
     <span class='ocr_line' id='line_1_14' title="bbox 185 1388 1144 1480; baseline 0.008 -32"><span class='ocrx_word' id='word_1_116' title='bbox 185 1388 330 1450; x_wconf 88' lang='lat' dir='ltr'><strong>breviario</strong></span> <span class='ocrx_word' id='word_1_117' title='bbox 345 1395 374 1451; x_wconf 86' lang='lat' dir='ltr'><strong>et</strong></span> <span class='ocrx_word' id='word_1_118' title='bbox 389 1388 463 1450; x_wconf 89' lang='lat' dir='ltr'><strong>nihil</strong></span> <span class='ocrx_word' id='word_1_119' title='bbox 486 1389 660 1454; x_wconf 90' lang='lat' dir='ltr'><strong>memoriter</strong></span> <span class='ocrx_word' id='word_1_120' title='bbox 681 1393 773 1474; x_wconf 79' lang='lat' dir='ltr'><strong>qnam</strong></span> <span class='ocrx_word' id='word_1_121' title='bbox 793 1392 908 1456; x_wconf 77' lang='lat' dir='ltr'><strong>Loadm</strong></span> <span class='ocrx_word' id='word_1_122' title='bbox 922 1403 975 1458; x_wconf 89' lang='lat' dir='ltr'><strong>ant</strong></span> <span class='ocrx_word' id='word_1_123' title='bbox 995 1397 1144 1480; x_wconf 85' lang='lat' dir='ltr'><strong>Compteto·</strong></span> 
     </span>
     <span class='ocr_line' id='line_1_15' title="bbox 185 1477 1145 1568; baseline 0.009 -31"><span class='ocrx_word' id='word_1_124' title='bbox 185 1477 264 1538; x_wconf 82' lang='lat' dir='ltr'><strong>riam</strong></span> <span class='ocrx_word' id='word_1_125' title='bbox 279 1477 388 1556; x_wconf 89' lang='lat' dir='ltr'><strong>rescit,</strong></span> <span class='ocrx_word' id='word_1_126' title='bbox 403 1479 485 1541; x_wconf 83' lang='lat' dir='ltr'><strong>cectd</strong></span> <span class='ocrx_word' id='word_1_127' title='bbox 506 1485 627 1542; x_wconf 88' lang='lat' dir='ltr'><strong>tenetur</strong></span> <span class='ocrx_word' id='word_1_128' title='bbox 641 1480 694 1543; x_wconf 88' lang='lat' dir='ltr'><strong>has</strong></span> <span class='ocrx_word' id='word_1_129' title='bbox 717 1481 806 1544; x_wconf 88' lang='lat' dir='ltr'><strong>horas</strong></span> <span class='ocrx_word' id='word_1_130' title='bbox 828 1483 954 1547; x_wconf 86' lang='lat' dir='ltr'><strong>recitare</strong></span> <span class='ocrx_word' id='word_1_131' title='bbox 973 1486 1033 1548; x_wconf 90' lang='lat' dir='ltr'><strong>sab</strong></span> <span class='ocrx_word' id='word_1_132' title='bbox 1053 1487 1145 1568; x_wconf 78' lang='lat' dir='ltr'><strong>gnari:</strong></span> 
     </span>
     <span class='ocr_line' id='line_1_16' title="bbox 121 1570 1079 1639; baseline 0.014 -13"><span class='ocrx_word' id='word_1_133' title='bbox 121 1595 124 1604; x_wconf 95' lang='lat'>·</span> <span class='ocrx_word' id='word_1_134' title='bbox 186 1583 247 1628; x_wconf 92' lang='lat' dir='ltr'><strong>non</strong></span> <span class='ocrx_word' id='word_1_135' title='bbox 261 1572 364 1629; x_wconf 88' lang='lat' dir='ltr'><strong>tamen</strong></span> <span class='ocrx_word' id='word_1_136' title='bbox 377 1573 497 1631; x_wconf 84' lang='lat' dir='ltr'><strong>tenetur</strong></span> <span class='ocrx_word' id='word_1_137' title='bbox 510 1587 544 1631; x_wconf 88' lang='lat' dir='ltr'><strong>ea</strong></span> <span class='ocrx_word' id='word_1_138' title='bbox 560 1570 735 1634; x_wconf 88' lang='lat' dir='ltr'><strong>memoriter</strong></span> <span class='ocrx_word' id='word_1_139' title='bbox 748 1570 900 1634; x_wconf 78' lang='lat' dir='ltr'><strong>addiscere</strong></span> <span class='ocrx_word' id='word_1_140' title='bbox 914 1573 940 1636; x_wconf 85' lang='lat' dir='ltr'><strong>si</strong></span> <span class='ocrx_word' id='word_1_141' title='bbox 955 1573 1079 1639; x_wconf 80' lang='lat' dir='ltr'><strong>nesciat.</strong></span> 
     </span>
    </p>

    <p class='ocr_par' dir='ltr' id='par_1_5' title="bbox 187 1657 1149 2276">
     <span class='ocr_line' id='line_1_17' title="bbox 226 1657 1147 1744; baseline 0.012 -27"><span class='ocrx_word' id='word_1_142' title='bbox 226 1658 315 1730; x_wconf 73' lang='lat'><strong>5123.</strong></span> <span class='ocrx_word' id='word_1_143' title='bbox 339 1657 444 1720; x_wconf 91' lang='lat' dir='ltr'><strong>Plures</strong></span> <span class='ocrx_word' id='word_1_144' title='bbox 461 1657 567 1720; x_wconf 89' lang='lat' dir='ltr'><strong>dicunt</strong></span> <span class='ocrx_word' id='word_1_145' title='bbox 584 1659 667 1741; x_wconf 86' lang='lat' dir='ltr'><strong>qudd</strong></span> <span class='ocrx_word' id='word_1_146' title='bbox 689 1660 714 1722; x_wconf 90' lang='lat' dir='ltr'><strong>si</strong></span> <span class='ocrx_word' id='word_1_147' title='bbox 737 1659 847 1723; x_wconf 88' lang='lat' dir='ltr'><strong>habeas</strong></span> <span class='ocrx_word' id='word_1_148' title='bbox 870 1663 1005 1744; x_wconf 85' lang='lat' dir='ltr'><strong>psalmos</strong></span> <span class='ocrx_word' id='word_1_149' title='bbox 1024 1666 1078 1729; x_wconf 88' lang='lat' dir='ltr'><strong>sod</strong></span> <span class='ocrx_word' id='word_1_150' title='bbox 1097 1686 1147 1730; x_wconf 90' lang='lat' dir='ltr'><strong>non</strong></span> 
     </span>
     <span class='ocr_line' id='line_1_18' title="bbox 187 1743 1149 1832; baseline 0.01 -26"><span class='ocrx_word' id='word_1_151' title='bbox 187 1743 330 1808; x_wconf 86' lang='lat' dir='ltr'><strong>lectiones</strong></span> <span class='ocrx_word' id='word_1_152' title='bbox 350 1747 508 1826; x_wconf 86' lang='lat' dir='ltr'><strong>Matutini,</strong></span> <span class='ocrx_word' id='word_1_153' title='bbox 525 1747 598 1810; x_wconf 91' lang='lat' dir='ltr'><strong>nihil</strong></span> <span class='ocrx_word' id='word_1_154' title='bbox 611 1749 722 1812; x_wconf 90' lang='lat' dir='ltr'><strong>teneris</strong></span> <span class='ocrx_word' id='word_1_155' title='bbox 735 1749 851 1828; x_wconf 89' lang='lat' dir='ltr'><strong>dicere,</strong></span> <span class='ocrx_word' id='word_1_156' title='bbox 871 1753 945 1832; x_wconf 87' lang='lat' dir='ltr'><strong>quia</strong></span> <span class='ocrx_word' id='word_1_157' title='bbox 965 1760 1043 1818; x_wconf 90' lang='lat' dir='ltr'><strong>tnnc</strong></span> <span class='ocrx_word' id='word_1_158' title='bbox 1061 1755 1149 1818; x_wconf 85' lang='lat' dir='ltr'><strong>delicit</strong></span> 
     </span>
     <span class='ocr_line' id='line_1_19' title="bbox 187 1835 1149 1918; baseline 0.015 -25"><span class='ocrx_word' id='word_1_159' title='bbox 187 1835 316 1894; x_wconf 73' lang='lat' dir='ltr'><strong>normal</strong></span> <span class='ocrx_word' id='word_1_160' title='bbox 349 1837 380 1898; x_wconf 89' lang='lat' dir='ltr'><strong>S.</strong></span> <span class='ocrx_word' id='word_1_161' title='bbox 405 1835 459 1898; x_wconf 89' lang='lat' dir='ltr'><strong>Pio</strong></span> <span class='ocrx_word' id='word_1_162' title='bbox 484 1838 509 1898; x_wconf 93' lang='lat' dir='ltr'>V</span> <span class='ocrx_word' id='word_1_163' title='bbox 537 1837 727 1918; x_wconf 72' lang='lat' dir='ltr'><strong>prescripta3</strong></span> <span class='ocrx_word' id='word_1_164' title='bbox 753 1837 832 1902; x_wconf 87' lang='lat' dir='ltr'><strong>hanc</strong></span> <span class='ocrx_word' id='word_1_165' title='bbox 853 1846 955 1903; x_wconf 86' lang='lat' dir='ltr'><strong>tamen</strong></span> <span class='ocrx_word' id='word_1_166' title='bbox 980 1847 1149 1907; x_wconf 84' lang='lat' dir='ltr'><strong>sententian</strong></span> 
     </span>
     <span class='ocr_line' id='line_1_20' title="bbox 193 1922 1146 2010; baseline 0.01 -23"><span class='ocrx_word' id='word_1_167' title='bbox 193 1922 219 1987; x_wconf 79' lang='lat' dir='ltr'>S</span> <span class='ocrx_word' id='word_1_168' title='bbox 235 1923 394 2004; x_wconf 87' lang='lat' dir='ltr'><strong>Lignorius</strong></span> <span class='ocrx_word' id='word_1_169' title='bbox 408 1943 469 1986; x_wconf 94' lang='grc' dir='ltr'><strong>ηοη</strong></span> <span class='ocrx_word' id='word_1_170' title='bbox 487 1925 650 2007; x_wconf 88' lang='lat' dir='ltr'><strong>approbat,</strong></span> <span class='ocrx_word' id='word_1_171' title='bbox 668 1927 741 2007; x_wconf 90' lang='lat' dir='ltr'><strong>quia</strong></span> <span class='ocrx_word' id='word_1_172' title='bbox 754 1929 826 1990; x_wconf 80' lang='lat' dir='ltr'><strong>calm</strong></span> <span class='ocrx_word' id='word_1_173' title='bbox 845 1929 942 2010; x_wconf 89' lang='lat' dir='ltr'><strong>possis</strong></span> <span class='ocrx_word' id='word_1_174' title='bbox 955 1937 1032 1994; x_wconf 88' lang='lat' dir='ltr'><strong>tunc</strong></span> <span class='ocrx_word' id='word_1_175' title='bbox 1047 1935 1146 1996; x_wconf 73' lang='lat' dir='ltr'><strong>nonbi-</strong></span> 
     </span>
     <span class='ocr_line' id='line_1_21' title="bbox 192 2009 1143 2103; baseline 0.012 -30"><span class='ocrx_word' id='word_1_176' title='bbox 192 2009 247 2073; x_wconf 86' lang='lat' dir='ltr'><strong>lem</strong></span> <span class='ocrx_word' id='word_1_177' title='bbox 268 2011 356 2074; x_wconf 84' lang='lat' dir='ltr'><strong>officii</strong></span> <span class='ocrx_word' id='word_1_178' title='bbox 382 2020 497 2093; x_wconf 90' lang='lat' dir='ltr'><strong>partem</strong></span> <span class='ocrx_word' id='word_1_179' title='bbox 516 2018 636 2096; x_wconf 85' lang='lat' dir='ltr'><strong>(nempe</strong></span> <span class='ocrx_word' id='word_1_180' title='bbox 657 2033 725 2096; x_wconf 84' lang='lat' dir='ltr'><strong>quae</strong></span> <span class='ocrx_word' id='word_1_181' title='bbox 746 2034 846 2098; x_wconf 84' lang='lat' dir='ltr'><strong>parvae</strong></span> <span class='ocrx_word' id='word_1_182' title='bbox 863 2016 947 2082; x_wconf 84' lang='lat' dir='ltr'><strong>horae</strong></span> <span class='ocrx_word' id='word_1_183' title='bbox 970 2021 1143 2103; x_wconf 79' lang='lat' dir='ltr'><strong>aequivaleatl</strong></span> 
     </span>
     <span class='ocr_line' id='line_1_22' title="bbox 188 2099 1149 2178; baseline 0.014 -17"><span class='ocrx_word' id='word_1_184' title='bbox 188 2099 332 2178; x_wconf 85' lang='lat' dir='ltr'><strong>recitare,</strong></span> <span class='ocrx_word' id='word_1_185' title='bbox 348 2119 410 2162; x_wconf 92' lang='lat' dir='ltr'><strong>non</strong></span> <span class='ocrx_word' id='word_1_186' title='bbox 427 2109 472 2163; x_wconf 91' lang='lat' dir='ltr'><strong>est</strong></span> <span class='ocrx_word' id='word_1_187' title='bbox 486 2121 540 2164; x_wconf 89' lang='lat' dir='ltr'><strong>our</strong></span> <span class='ocrx_word' id='word_1_188' title='bbox 554 2103 591 2165; x_wconf 87' lang='lat' dir='ltr'><strong>nb</strong></span> <span class='ocrx_word' id='word_1_189' title='bbox 612 2107 647 2166; x_wconf 77' lang='lat' dir='ltr'><strong>et</strong></span> <span class='ocrx_word' id='word_1_190' title='bbox 669 2107 840 2168; x_wconf 83' lang='lat' dir='ltr'><strong>excuseris:</strong></span> <span class='ocrx_word' id='word_1_191' title='bbox 857 2125 919 2170; x_wconf 95' lang='lat' dir='ltr'><strong>non</strong></span> <span class='ocrx_word' id='word_1_192' title='bbox 934 2111 1050 2175; x_wconf 83' lang='lat' dir='ltr'><strong>teneris</strong></span> <span class='ocrx_word' id='word_1_193' title='bbox 1062 2122 1149 2176; x_wconf 86' lang='lat' dir='ltr'><strong>antem</strong></span> 
     </span>
     <span class='ocr_line' id='line_1_23' title="bbox 188 2187 933 2276; baseline 0.016 -28"><span class='ocrx_word' id='word_1_194' title='bbox 188 2187 312 2250; x_wconf 88' lang='lat' dir='ltr'><strong>recitare</strong></span> <span class='ocrx_word' id='word_1_195' title='bbox 326 2195 444 2269; x_wconf 85' lang='lat' dir='ltr'><strong>partem</strong></span> <span class='ocrx_word' id='word_1_196' title='bbox 458 2209 526 2270; x_wconf 86' lang='lat' dir='ltr'><strong>quae</strong></span> <span class='ocrx_word' id='word_1_197' title='bbox 541 2192 640 2255; x_wconf 91' lang='lat' dir='ltr'><strong>minor</strong></span> <span class='ocrx_word' id='word_1_198' title='bbox 654 2201 731 2256; x_wconf 90' lang='lat' dir='ltr'><strong>esset</strong></span> <span class='ocrx_word' id='word_1_199' title='bbox 743 2199 835 2276; x_wconf 77' lang='lat' dir='ltr'><strong>parva</strong></span> <span class='ocrx_word' id='word_1_200' title='bbox 848 2195 933 2261; x_wconf 75' lang='lat' dir='ltr'><strong>hort.</strong></span> 
     </span>
    </p>

    <p class='ocr_par' dir='ltr' id='par_1_6' title="bbox 188 2277 1158 3252">
     <span class='ocr_line' id='line_1_24' title="bbox 229 2277 1153 2371; baseline 0.017 -33"><span class='ocrx_word' id='word_1_201' title='bbox 229 2279 259 2339; x_wconf 91' lang='lat' dir='ltr'><strong>Si</strong></span> <span class='ocrx_word' id='word_1_202' title='bbox 274 2277 399 2340; x_wconf 87' lang='lat' dir='ltr'><strong>haberes</strong></span> <span class='ocrx_word' id='word_1_203' title='bbox 412 2297 576 2343; x_wconf 87' lang='lat' dir='ltr'><strong>commune</strong></span> <span class='ocrx_word' id='word_1_204' title='bbox 590 2290 620 2344; x_wconf 83' lang='lat' dir='ltr'><strong>el</strong></span> <span class='ocrx_word' id='word_1_205' title='bbox 634 2301 695 2344; x_wconf 92' lang='lat' dir='ltr'><strong>non</strong></span> <span class='ocrx_word' id='word_1_206' title='bbox 706 2286 863 2366; x_wconf 89' lang='lat' dir='ltr'><strong>proprium</strong></span> <span class='ocrx_word' id='word_1_207' title='bbox 878 2287 959 2350; x_wconf 87' lang='lat' dir='ltr'><strong>illins</strong></span> <span class='ocrx_word' id='word_1_208' title='bbox 972 2289 1034 2354; x_wconf 91' lang='lat' dir='ltr'><strong>diei</strong></span> <span class='ocrx_word' id='word_1_209' title='bbox 1044 2339 1054 2371; x_wconf 93' lang='lat'><strong>,</strong></span> <span class='ocrx_word' id='word_1_210' title='bbox 1065 2311 1100 2356; x_wconf 85' lang='lat' dir='ltr'><strong>cx</strong></span> <span class='ocrx_word' id='word_1_211' title='bbox 1109 2293 1153 2354; x_wconf 94' lang='lat' dir='ltr'><strong>illo</strong></span> 
     </span>
     <span class='ocr_line' id='line_1_25' title="bbox 188 2367 1152 2464; baseline 0.015 -33"><span class='ocrx_word' id='word_1_212' title='bbox 188 2367 343 2431; x_wconf 88' lang='lat' dir='ltr'><strong>communi</strong></span> <span class='ocrx_word' id='word_1_213' title='bbox 357 2367 448 2430; x_wconf 91' lang='lat' dir='ltr'><strong>debes</strong></span> <span class='ocrx_word' id='word_1_214' title='bbox 463 2369 552 2432; x_wconf 88' lang='lat' dir='ltr'><strong>horas</strong></span> <span class='ocrx_word' id='word_1_215' title='bbox 565 2373 699 2435; x_wconf 87' lang='lat' dir='ltr'><strong>recitare.</strong></span> <span class='ocrx_word' id='word_1_216' title='bbox 717 2375 951 2440; x_wconf 71' lang='lat' dir='ltr'><strong>Controvertitar</strong></span> <span class='ocrx_word' id='word_1_217' title='bbox 960 2397 1001 2442; x_wconf 88' lang='lat' dir='ltr'><strong>an</strong></span> <span class='ocrx_word' id='word_1_218' title='bbox 1015 2399 1086 2445; x_wconf 87' lang='lat' dir='ltr'><strong>casn</strong></span> <span class='ocrx_word' id='word_1_219' title='bbox 1100 2401 1152 2464; x_wconf 86' lang='lat' dir='ltr'><strong>qno</strong></span> 
     </span>
     <span class='ocr_line' id='line_1_26' title="bbox 189 2456 1151 2546; baseline 0.017 -26"><span class='ocrx_word' id='word_1_220' title='bbox 189 2475 307 2520; x_wconf 86' lang='lat' dir='ltr'><strong>careres</strong></span> <span class='ocrx_word' id='word_1_221' title='bbox 327 2456 473 2520; x_wconf 90' lang='lat' dir='ltr'><strong>breviario</strong></span> <span class='ocrx_word' id='word_1_222' title='bbox 494 2477 636 2538; x_wconf 89' lang='lat' dir='ltr'><strong>romano,</strong></span> <span class='ocrx_word' id='word_1_223' title='bbox 651 2468 680 2523; x_wconf 89' lang='lat' dir='ltr'><strong>et</strong></span> <span class='ocrx_word' id='word_1_224' title='bbox 700 2462 783 2525; x_wconf 87' lang='lat' dir='ltr'><strong>aliud</strong></span> <span class='ocrx_word' id='word_1_225' title='bbox 807 2463 950 2546; x_wconf 90' lang='lat' dir='ltr'><strong>haberes,</strong></span> <span class='ocrx_word' id='word_1_226' title='bbox 966 2473 1106 2534; x_wconf 86' lang='lat' dir='ltr'><strong>tenereris</strong></span> <span class='ocrx_word' id='word_1_227' title='bbox 1118 2491 1151 2534; x_wconf 83' lang='lat' dir='ltr'><strong>ex</strong></span> 
     </span>
     <span class='ocr_line' id='line_1_27' title="bbox 190 2545 1154 2630; baseline 0.016 -21"><span class='ocrx_word' id='word_1_228' title='bbox 190 2547 241 2609; x_wconf 92' lang='lat' dir='ltr'><strong>illo</strong></span> <span class='ocrx_word' id='word_1_229' title='bbox 259 2545 391 2610; x_wconf 85' lang='lat' dir='ltr'><strong>odicium</strong></span> <span class='ocrx_word' id='word_1_230' title='bbox 411 2547 560 2610; x_wconf 86' lang='lat' dir='ltr'><strong>recitare:</strong></span> <span class='ocrx_word' id='word_1_231' title='bbox 583 2551 635 2630; x_wconf 90' lang='lat' dir='ltr'><strong>qai</strong></span> <span class='ocrx_word' id='word_1_232' title='bbox 656 2558 783 2630; x_wconf 83' lang='lat' dir='ltr'><strong>negant,</strong></span> <span class='ocrx_word' id='word_1_233' title='bbox 800 2554 937 2617; x_wconf 90' lang='lat' dir='ltr'><strong>nituntur</strong></span> <span class='ocrx_word' id='word_1_234' title='bbox 956 2559 1056 2624; x_wconf 82' lang='lat' dir='ltr'><strong>verbis</strong></span> <span class='ocrx_word' id='word_1_235' title='bbox 1070 2562 1154 2624; x_wconf 80' lang='lat' dir='ltr'><strong>Bulla</strong></span> 
     </span>
     <span class='ocr_line' id='line_1_28' title="bbox 191 2635 1156 2731; baseline 0.018 -32"><span class='ocrx_word' id='word_1_236' title='bbox 191 2639 223 2699; x_wconf 92' lang='lat' dir='ltr'><strong>S.</strong></span> <span class='ocrx_word' id='word_1_237' title='bbox 249 2637 294 2698; x_wconf 88' lang='lat' dir='ltr'><strong>Pii</strong></span> <span class='ocrx_word' id='word_1_238' title='bbox 317 2638 343 2697; x_wconf 88' lang='lat' dir='ltr'>V</span> <span class='ocrx_word' id='word_1_239' title='bbox 372 2655 380 2698; x_wconf 74' lang='grc' dir='ltr'><strong><em>ε</em></strong></span> <span class='ocrx_word' id='word_1_240' title='bbox 408 2635 468 2698; x_wconf 83' lang='lat' dir='ltr'><strong>nisi</strong></span> <span class='ocrx_word' id='word_1_241' title='bbox 495 2636 549 2699; x_wconf 73' lang='lat' dir='ltr'><strong>lade</strong></span> <span class='ocrx_word' id='word_1_242' title='bbox 574 2637 635 2700; x_wconf 83' lang='lat' dir='ltr'><strong>sold</strong></span> <span class='ocrx_word' id='word_1_243' title='bbox 660 2640 758 2720; x_wconf 73' lang='lat' dir='ltr'><strong>fmmd</strong></span> <span class='ocrx_word' id='word_1_244' title='bbox 784 2643 954 2725; x_wconf 70' lang='lat' dir='ltr'><strong>satisfacere</strong></span> <span class='ocrx_word' id='word_1_245' title='bbox 975 2669 1059 2731; x_wconf 82' lang='lat' dir='ltr'><strong>posse</strong></span> <span class='ocrx_word' id='word_1_246' title='bbox 1075 2672 1088 2712; x_wconf 92' lang='lat'><em>:</em></span> <span class='ocrx_word' id='word_1_247' title='bbox 1103 2653 1156 2716; x_wconf 89' lang='lat' dir='ltr'><strong>boc</strong></span> 
     </span>
     <span class='ocr_line' id='line_1_29' title="bbox 191 2725 1157 2825; baseline 0.02 -39"><span class='ocrx_word' id='word_1_248' title='bbox 191 2733 376 2788; x_wconf 85' lang='lat' dir='ltr'><strong>tamennon</strong></span> <span class='ocrx_word' id='word_1_249' title='bbox 399 2725 551 2805; x_wconf 85' lang='lat' dir='ltr'><strong>obstante,</strong></span> <span class='ocrx_word' id='word_1_250' title='bbox 578 2727 726 2791; x_wconf 85' lang='lat' dir='ltr'><strong>sententia</strong></span> <span class='ocrx_word' id='word_1_251' title='bbox 746 2729 916 2812; x_wconf 83' lang='lat' dir='ltr'><strong>affirmans,</strong></span> <span class='ocrx_word' id='word_1_252' title='bbox 937 2745 970 2799; x_wconf 89' lang='lat' dir='ltr'><strong>ut</strong></span> <span class='ocrx_word' id='word_1_253' title='bbox 995 2741 1091 2818; x_wconf 85' lang='lat' dir='ltr'><strong>magis</strong></span> <span class='ocrx_word' id='word_1_254' title='bbox 1113 2745 1157 2825; x_wconf 87' lang='lat' dir='ltr'><strong>pia</strong></span> 
     </span>
     <span class='ocr_line' id='line_1_30' title="bbox 192 2815 1158 2913; baseline 0.014 -35"><span class='ocrx_word' id='word_1_255' title='bbox 192 2825 222 2878; x_wconf 90' lang='lat' dir='ltr'><strong>et</strong></span> <span class='ocrx_word' id='word_1_256' title='bbox 243 2815 445 2894; x_wconf 86' lang='lat' dir='ltr'><strong>rationabilis,</strong></span> <span class='ocrx_word' id='word_1_257' title='bbox 468 2817 622 2898; x_wconf 89' lang='lat' dir='ltr'><strong>sequenda</strong></span> <span class='ocrx_word' id='word_1_258' title='bbox 641 2817 705 2880; x_wconf 87' lang='lat' dir='ltr'><strong>lore</strong></span> <span class='ocrx_word' id='word_1_259' title='bbox 724 2819 841 2884; x_wconf 88' lang='lat' dir='ltr'><strong>videtur</strong></span> <span class='ocrx_word' id='word_1_260' title='bbox 862 2825 895 2888; x_wconf 90' lang='lat' dir='ltr'><strong>S.</strong></span> <span class='ocrx_word' id='word_1_261' title='bbox 915 2826 1076 2909; x_wconf 83' lang='lat' dir='ltr'><strong>lignario,</strong></span> <span class='ocrx_word' id='word_1_262' title='bbox 1092 2833 1158 2913; x_wconf 86' lang='lat' dir='ltr'><strong>qnia</strong></span> 
     </span>
     <span class='ocr_line' id='line_1_31' title="bbox 193 2905 1157 2987; baseline 0.013 -22"><span class='ocrx_word' id='word_1_263' title='bbox 193 2923 255 2966; x_wconf 91' lang='lat' dir='ltr'><strong>non</strong></span> <span class='ocrx_word' id='word_1_264' title='bbox 275 2905 393 2972; x_wconf 77' lang='lat' dir='ltr'><strong>tantam</strong></span> <span class='ocrx_word' id='word_1_265' title='bbox 413 2909 458 2967; x_wconf 85' lang='lat' dir='ltr'><strong>cst</strong></span> <span class='ocrx_word' id='word_1_266' title='bbox 479 2913 664 2987; x_wconf 83' lang='lat' dir='ltr'><strong>praeceptum</strong></span> <span class='ocrx_word' id='word_1_267' title='bbox 684 2909 822 2972; x_wconf 86' lang='lat' dir='ltr'><strong>servandi</strong></span> <span class='ocrx_word' id='word_1_268' title='bbox 841 2911 1003 2979; x_wconf 78' lang='lat' dir='ltr'><strong>lonnama</strong></span> <span class='ocrx_word' id='word_1_269' title='bbox 1022 2919 1054 2982; x_wconf 90' lang='lat' dir='ltr'><strong>S.</strong></span> <span class='ocrx_word' id='word_1_270' title='bbox 1069 2921 1122 2983; x_wconf 87' lang='lat' dir='ltr'><strong>Pio</strong></span> <span class='ocrx_word' id='word_1_271' title='bbox 1136 2923 1157 2978; x_wconf 80' lang='lat' dir='ltr'><strong>t&#39;</strong></span> 
     </span>
     <span class='ocr_line' id='line_1_32' title="bbox 193 2992 1158 3088; baseline 0.021 -35"><span class='ocrx_word' id='word_1_272' title='bbox 193 2994 415 3074; x_wconf 82' lang='lat' dir='ltr'><strong>praescriptam,</strong></span> <span class='ocrx_word' id='word_1_273' title='bbox 434 2992 488 3057; x_wconf 89' lang='lat' dir='ltr'><strong>sed</strong></span> <span class='ocrx_word' id='word_1_274' title='bbox 503 3001 534 3057; x_wconf 89' lang='lat' dir='ltr'><strong>et</strong></span> <span class='ocrx_word' id='word_1_275' title='bbox 546 2993 666 3058; x_wconf 87' lang='lat' dir='ltr'><strong>dicendi</strong></span> <span class='ocrx_word' id='word_1_276' title='bbox 685 2995 819 3062; x_wconf 87' lang='lat' dir='ltr'><strong>officium</strong></span> <span class='ocrx_word' id='word_1_277' title='bbox 833 3001 969 3067; x_wconf 90' lang='lat' dir='ltr'><strong>divinam</strong></span> <span class='ocrx_word' id='word_1_278' title='bbox 986 3006 1069 3088; x_wconf 65' lang='lat' dir='ltr'><strong>(lag</strong></span> <span class='ocrx_word' id='word_1_279' title='bbox 1084 3009 1158 3072; x_wconf 86' lang='lat' dir='ltr'><strong>hana</strong></span> 
     </span>
     <span class='ocr_line' id='line_1_33' title="bbox 193 3079 1155 3184; baseline 0.021 -41"><span class='ocrx_word' id='word_1_280' title='bbox 193 3079 357 3143; x_wconf 88' lang='lat' dir='ltr'><strong>secandam</strong></span> <span class='ocrx_word' id='word_1_281' title='bbox 367 3083 547 3146; x_wconf 88' lang='lat' dir='ltr'><strong>sententiam</strong></span> <span class='ocrx_word' id='word_1_282' title='bbox 561 3088 595 3148; x_wconf 86' lang='lat' dir='ltr'><strong>nt</strong></span> <span class='ocrx_word' id='word_1_283' title='bbox 609 3091 721 3149; x_wconf 89' lang='lat' dir='ltr'><strong>certam</strong></span> <span class='ocrx_word' id='word_1_284' title='bbox 734 3089 825 3152; x_wconf 89' lang='lat' dir='ltr'><strong>tradit</strong></span> <span class='ocrx_word' id='word_1_285' title='bbox 842 3091 881 3155; x_wconf 90' lang='lat' dir='ltr'><strong>D.</strong></span> <span class='ocrx_word' id='word_1_286' title='bbox 898 3093 993 3158; x_wconf 80' lang='grc' dir='ltr'><strong>Βοηίη</strong></span> <span class='ocrx_word' id='word_1_287' title='bbox 1007 3097 1062 3176; x_wconf 85' lang='lat' dir='ltr'><strong>(De</strong></span> <span class='ocrx_word' id='word_1_288' title='bbox 1074 3099 1155 3184; x_wconf 81' lang='lat' dir='ltr'><strong>Capi·</strong></span> 
     </span>
     <span class='ocr_line' id='line_1_34' title="bbox 196 3167 482 3252; baseline 0.024 -25"><span class='ocrx_word' id='word_1_289' title='bbox 196 3167 284 3245; x_wconf 83' lang='lat' dir='ltr'><strong>talia,</strong></span> <span class='ocrx_word' id='word_1_290' title='bbox 299 3188 330 3248; x_wconf 92' lang='lat' dir='ltr'><strong>p.</strong></span> <span class='ocrx_word' id='word_1_291' title='bbox 345 3172 415 3247; x_wconf 85' lang='lat'><strong>337,</strong></span> <span class='ocrx_word' id='word_1_292' title='bbox 430 3173 482 3252; x_wconf 94' lang='lat' dir='ltr'><strong>ll).</strong></span> 
     </span>
    </p>

    <p class='ocr_par' dir='ltr' id='par_1_7' title="bbox 234 3259 1159 3355">
     <span class='ocr_line' id='line_1_35' title="bbox 234 3259 1159 3355; baseline 0.032 -41"><span class='ocrx_word' id='word_1_293' title='bbox 234 3261 397 3318; x_wconf 70' lang='lat' dir='ltr'><strong>ama-tr</strong></span> <span class='ocrx_word' id='word_1_294' title='bbox 411 3259 598 3341; x_wconf 68' lang='lat' dir='ltr'><strong>disperatio</strong></span> <span class='ocrx_word' id='word_1_295' title='bbox 612 3286 623 3328; x_wconf 91' lang='grc'><strong>.·</strong></span> <span class='ocrx_word' id='word_1_296' title='bbox 636 3285 705 3348; x_wconf 80' lang='lat' dir='ltr'><strong>quae</strong></span> <span class='ocrx_word' id='word_1_297' title='bbox 724 3269 806 3332; x_wconf 79' lang='lat' dir='ltr'><strong>certe</strong></span> <span class='ocrx_word' id='word_1_298' title='bbox 819 3270 883 3334; x_wconf 88' lang='lat' dir='ltr'><strong>dari</strong></span> <span class='ocrx_word' id='word_1_299' title='bbox 897 3281 995 3355; x_wconf 88' lang='lat' dir='ltr'><strong>potest</strong></span> <span class='ocrx_word' id='word_1_300' title='bbox 1007 3277 1024 3339; x_wconf 77' lang='lat' dir='ltr'><strong>a</strong></span> <span class='ocrx_word' id='word_1_301' title='bbox 1038 3280 1069 3342; x_wconf 93' lang='lat' dir='ltr'><strong>S.</strong></span> <span class='ocrx_word' id='word_1_302' title='bbox 1086 3283 1159 3344; x_wconf 85' lang='lat' dir='ltr'><strong>Pon·</strong></span> 
     </span>
    </p>
   </div>
   <div class='ocr_carea' id='block_1_3' title="bbox 194 3343 1160 3700">
    <p class='ocr_par' dir='ltr' id='par_1_8' title="bbox 194 3343 1160 3700">
     <span class='ocr_line' id='line_1_36' title="bbox 194 3343 1160 3451; baseline 0.032 -49"><span class='ocrx_word' id='word_1_303' title='bbox 194 3343 296 3420; x_wconf 87' lang='lat' dir='ltr'><strong>tilica,</strong></span> <span class='ocrx_word' id='word_1_304' title='bbox 320 3345 409 3404; x_wconf 87' lang='lat' dir='ltr'><strong>etiam</strong></span> <span class='ocrx_word' id='word_1_305' title='bbox 433 3347 497 3410; x_wconf 77' lang='lat' dir='ltr'><strong>sine</strong></span> <span class='ocrx_word' id='word_1_306' title='bbox 520 3355 634 3432; x_wconf 77' lang='lat' dir='ltr'><strong>cansa,</strong></span> <span class='ocrx_word' id='word_1_307' title='bbox 656 3355 762 3418; x_wconf 87' lang='lat' dir='ltr'><strong>saltem</strong></span> <span class='ocrx_word' id='word_1_308' title='bbox 789 3359 902 3434; x_wconf 72' lang='lat' dir='ltr'><strong>aalide,</strong></span> <span class='ocrx_word' id='word_1_309' title='bbox 927 3365 998 3445; x_wconf 82' lang='lat' dir='ltr'><strong>quia</strong></span> <span class='ocrx_word' id='word_1_310' title='bbox 1019 3367 1160 3451; x_wconf 80' lang='lat' dir='ltr'><strong>obligatio</strong></span> 
     </span>
     <span class='ocr_line' id='line_1_37' title="bbox 195 3428 1157 3530; baseline 0.03 -39"><span class='ocrx_word' id='word_1_311' title='bbox 195 3428 284 3491; x_wconf 87' lang='lat' dir='ltr'><strong>boras</strong></span> <span class='ocrx_word' id='word_1_312' title='bbox 292 3431 435 3494; x_wconf 85' lang='lat' dir='ltr'><strong>recitandi</strong></span> <span class='ocrx_word' id='word_1_313' title='bbox 445 3436 630 3514; x_wconf 79' lang='lat' dir='ltr'><strong>probabilibs</strong></span> <span class='ocrx_word' id='word_1_314' title='bbox 640 3461 700 3506; x_wconf 91' lang='grc' dir='ltr'><strong>ηοη</strong></span> <span class='ocrx_word' id='word_1_315' title='bbox 708 3451 754 3508; x_wconf 87' lang='lat' dir='ltr'><strong>est</strong></span> <span class='ocrx_word' id='word_1_316' title='bbox 759 3447 836 3526; x_wconf 90' lang='lat' dir='ltr'><strong>juris</strong></span> <span class='ocrx_word' id='word_1_317' title='bbox 844 3453 1044 3519; x_wconf 83' lang='lat' dir='ltr'><strong>naturalisaut</strong></span> <span class='ocrx_word' id='word_1_318' title='bbox 1055 3458 1157 3530; x_wconf 75' lang='lat' dir='ltr'><strong>divini,</strong></span> 
     </span>
     <span class='ocr_line' id='line_1_38' title="bbox 195 3515 1159 3628; baseline 0.037 -52"><span class='ocrx_word' id='word_1_319' title='bbox 195 3515 249 3577; x_wconf 85' lang='lat' dir='ltr'><strong>sed</strong></span> <span class='ocrx_word' id='word_1_320' title='bbox 267 3517 367 3579; x_wconf 86' lang='lat' dir='ltr'><strong>sollnn</strong></span> <span class='ocrx_word' id='word_1_321' title='bbox 380 3521 579 3588; x_wconf 85' lang='lat' dir='ltr'><strong>ecclesiastici.</strong></span> <span class='ocrx_word' id='word_1_322' title='bbox 596 3531 763 3614; x_wconf 85' lang='lat' dir='ltr'><strong>Episcopus</strong></span> <span class='ocrx_word' id='word_1_323' title='bbox 777 3545 873 3618; x_wconf 83' lang='lat' dir='ltr'><strong>potest</strong></span> <span class='ocrx_word' id='word_1_324' title='bbox 886 3541 976 3605; x_wconf 85' lang='lat' dir='ltr'><strong>etiam</strong></span> <span class='ocrx_word' id='word_1_325' title='bbox 990 3544 1159 3628; x_wconf 81' lang='lat' dir='ltr'><strong>dispensare</strong></span> 
     </span>
     <span class='ocr_line' id='line_1_39' title="bbox 195 3604 1159 3700; baseline 0.035 -38"><span class='ocrx_word' id='word_1_326' title='bbox 195 3619 267 3664; x_wconf 88' lang='lat' dir='ltr'><strong>eum</strong></span> <span class='ocrx_word' id='word_1_327' title='bbox 280 3604 381 3684; x_wconf 89' lang='lat' dir='ltr'><strong>aliquo</strong></span> <span class='ocrx_word' id='word_1_328' title='bbox 395 3609 564 3687; x_wconf 84' lang='lat' dir='ltr'><strong>particulari</strong></span> <span class='ocrx_word' id='word_1_329' title='bbox 582 3621 722 3698; x_wconf 82' lang='lat' dir='ltr'><strong>tantbm,</strong></span> <span class='ocrx_word' id='word_1_330' title='bbox 742 3629 771 3687; x_wconf 84' lang='lat' dir='ltr'><strong>et</strong></span> <span class='ocrx_word' id='word_1_331' title='bbox 792 3625 830 3688; x_wconf 84' lang='lat' dir='ltr'><strong>ad</strong></span> <span class='ocrx_word' id='word_1_332' title='bbox 847 3626 936 3692; x_wconf 83' lang='lat' dir='ltr'><strong>breve</strong></span> <span class='ocrx_word' id='word_1_333' title='bbox 955 3635 1071 3697; x_wconf 70' lang='lat' dir='ltr'><strong>tantam</strong></span> <span class='ocrx_word' id='word_1_334' title='bbox 1084 3643 1159 3700; x_wconf 78' lang='lat' dir='ltr'><strong>tem-</strong></span> 
     </span>
    </p>
   </div>
   <div class='ocr_carea' id='block_1_4' title="bbox 0 0 1237 3968">
    <p class='ocr_par' dir='ltr' id='par_1_9' title="bbox 0 0 1237 3968">
     <span class='ocr_line' id='line_1_40' title="bbox 0 0 1237 3968; baseline 0 0"><span class='ocrx_word' id='word_1_335' title='bbox 0 0 1237 3968; x_wconf 95' lang='lat' dir='ltr'><strong> </strong></span> 
     </span>
    </p>
   </div>
  </div>
 </body>
</html>
