2482 3944
405 183 490 236 traua
509 187 669 238 secudans,
988 175 1024 230 lt

70 287 120 367 las,
135 291 163 354 id
176 290 238 353 lieri
254 307 317 350 non
330 286 468 362 deberee
484 287 509 348 si
521 333 530 364 ,
544 305 573 348 v.
589 306 631 368 g,
646 283 696 346 dle
709 281 867 346 uemtntce
881 282 925 346 vel
941 285 1026 346 Festo

69 380 193 456 solemni,
205 385 323 460 petatur
337 377 428 438 missa
440 375 538 437 votiva
551 373 597 436 vel
608 375 650 436 De
661 373 813 454 Requiem,
832 389 893 432 non
908 373 964 434 erit
976 391 1026 434 ee·

69 466 196 532 lebranda
202 471 287 548 juxta
298 466 389 528 ritum
400 464 584 545 postulatum
596 483 604 540 ;
616 461 680 538 sed,
692 464 806 523 servati
818 461 922 524 eadem
933 462 1028 524 inten-

70 557 139 618 lione
150 606 158 632 ,
170 559 253 636 juxta
267 556 360 618 ritum
374 553 583 634 praescriplum
606 550 748 612 celebrari
763 549 905 624 deberet,
920 551 1028 613 admo-

70 645 157 706 nendo
169 663 220 707 eos
235 645 288 725 qui
302 639 488 722 stipendium
501 639 655 722 praebent,
672 657 709 700 ne
724 637 959 701 scandalizentur
978 647 1029 702 aut

72 731 259 814 indignentur.
282 729 369 811 (Vide
381 729 486 792 Theol.
502 728 613 798 Tales..
631 728 676 790 De
689 727 801 808 Sacris.
819 727 919 789 Missoe
931 774 939 805 ,
953 747 981 791 c.
997 733 1027 805 ll,

70 829 114 880 nrt.
128 827 166 896 S,
184 822 250 904 §3‚
263 840 350 902 prop.
369 820 411 900 3.)

101 915 184 973 3488.
208 911 323 972 Pariter
338 911 369 970 S.
386 908 508 990 Lignor.
524 906 596 969 dicit
610 906 773 969 mortaliter
786 923 911 988 peccare
925 905 1030 987 Capel-

71 995 159 1060 lanum
177 999 226 1078 qui
249 998 383 1060 celebrat
404 998 435 1058 in
458 996 516 1058 alia
539 996 682 1073 ecclesie,
707 995 753 1056 vel
775 995 880 1071 altari,
897 994 942 1056 vel
957 993 1028 1056 hort

70 1089 148 1164 apulam
171 1087 224 1148 luit
246 1089 264 1148 a
285 1086 443 1148 fundatore
463 1085 679 1162 constitutum,
701 1085 726 1146 si
749 1083 837 1146 iaciat
858 1103 955 1164 saepc,
979 1089 1029 1146 aul

71 1174 124 1235 siue
136 1179 243 1250 cause,
264 1182 316 1236 aut
329 1175 395 1236 sine
416 1173 657 1254 dispensatione,
677 1171 759 1236 moad
780 1181 875 1234 tamen
888 1172 1027 1254 fundator

71 1261 97 1320 ot
108 1284 217 1342 prauam
232 1283 347 1326 creusam
363 1283 424 1324 rem
438 1263 480 1324 sic
493 1262 677 1346 disposuerit.

105 1354 224 1414 lllleriirs
239 1371 415 1434 progressus
439 1351 495 1413 luit
522 1354 584 1412 llll.
611 1349 692 1414 affre
712 1349 831 1430 (Traia
843 1349 877 1414 de
896 1349 1027 1414 l’admia.

73 1449 192 1521 tropen,
209 1448 239 1502 -le
254 1441 339 1512 edit,
357 1461 386 1521 p.
402 1444 491 1516 533),
506 1439 667 1502 asserendo
681 1447 822 1522 quartum
836 1441 949 1503 Concil.
966 1443 1029 1502 ltle·

72 1528 168 1591 iliolan.
179 1531 303 1610 jussisse
318 1530 473 1592 utiterum
487 1529 678 1590 celebrentur
693 1529 790 1592 missae
805 1549 873 1610 quae
888 1549 949 1592 non
966 1531 1029 1592 lue-

73 1635 131 1678 rmn
143 1621 297 1681 celebratae
312 1618 342 1679 ia
358 1619 456 1680 laced
479 1616 636 1680 lundatore
659 1619 827 1698 designato.
844 1618 918 1681 Vide
939 1619 1029 1681 etiam

74 1707 248 1786 t'cmserences
267 1707 414 1788 d'llnpers
435 1705 484 1784 (du
497 1707 630 1788 sacrifice
648 1707 682 1768 de
699 1707 728 1767 tu
746 1727 851 1784 messe,
867 1726 897 1787 q.
914 1712 955 1785 2).
972 1708 1029 1770 Sed

76 1795 129 1855 ride
149 1797 223 1858 inira
236 1799 346 1876 (atel).

104 1884 240 1947 Stantem
263 1883 390 1946 ecclesia
409 1883 456 1945 rel
476 1883 569 1945 altare
592 1881 782 1961 designatum
804 1881 835 1942 in
856 1879 1031 1945 fundatione

75 1969 101 2029 sil
113 1973 258 2044 dirutum,
285 1973 504 2034 recurrendum
518 1978 562 2032 est
576 1969 613 2030 ad
630 1971 833 2050 Episcopum,
859 1971 906 2034 cui
926 1972 1029 2034 saltem

75 2063 136 2138 apud
152 2081 206 2124 nas
220 2061 367 2124 incumbit
380 2077 453 2122 cura
467 2060 504 2122 de
519 2059 566 2121 his
580 2058 767 2140 providendi.
784 2059 857 2122 Vide
880 2063 941 2122 ltll.
964 2063 1027 2126 llll.

77 2150 245 2228 ,lll'relitr'd.,
261 2170 291 2232 p.
309 2153 385 2226 534,
401 2154 481 2228 ela).

103 2243 184 2302 elea.
208 2243 369 2302 Peccatum
382 2247 460 2301 esset
473 2239 603 2316 veniale,
615 2239 699 2318 juxta
713 2241 743 2302 S.
762 2239 896 2322 Lignea,
910 2242 934 2303 si
949 2243 1027 2322 rard,

74 2333 132 2402 puta
159 2332 203 2392 bis
230 2327 238 2342 '
255 2327 285 2389 in
299 2345 420 2404 mense,
435 2327 610 2409 capellanus
625 2335 754 2390 mutaret
768 2329 888 2404 locum,
908 2348 1027 2412 praescr«

74 2415 115 2473 lim
129 2415 152 2475 si
166 2421 292 2478 mutaret
306 2416 405 2476 solum
428 2416 538 2493 altare,
561 2433 622 2477 non
647 2416 823 2478 ecelesiam:
841 2417 960 2480 nullum
974 2423 1028 2482 erit

73 2511 215 2578 penatum
230 2503 255 2566 si
270 2503 300 2566 id
315 2504 367 2564 tet
379 2521 415 2564 ex
436 2505 517 2582 justa
536 2507 643 2580 causa,
660 2513 731 2585 puta
752 2506 775 2567 si
796 2507 887 2568 altare
906 2507 944 2568 sit
956 2527 1027 2572 exa-

72 2601 190 2668 cralum,
206 2593 250 2655 rel
265 2593 338 2675 quia
351 2610 490 2673 egressus
503 2592 541 2655 de
554 2593 687 2655 sacristia
709 2594 790 2657 videt
809 2595 901 2657 altare
915 2596 953 2656 ab
970 2599 1028 2663 alie

72 2693 246 2762 occupatum.

105 2770 218 2833 Nullum
247 2771 359 2854 pariter
379 2769 433 2834 erit
453 2777 611 2853 peceatum
624 2770 649 2832 si
664 2770 765 2831 frutex
780 2769 1003 2850 dispensatione
1018 2795 1027 2836 :

72 2873 151 2934 marn
164 2863 194 2924 S.
210 2861 334 2944 Lignor.
349 2880 419 2924 cum
434 2861 499 2922 aliis
522 2861 624 2923 multis
646 2857 718 2921 dicit
741 2875 829 2940 posse
851 2860 977 2921 concedi
993 2862 1029 2924 ab

73 2945 204 3032 Episcopo
222 2969 260 3012 ex
285 2949 451 3013 rationabili
473 2953 583 3028 causa,
607 2967 716 3030 nempe
738 2947 778 3010 ob
802 2946 1028 3029 infirmitatem,

72 3037 222 3118 negotium,
237 3039 396 3102 utilitatem
410 3039 562 3114 Ecclesiae,
577 3038 807 3120 applicationem
818 3037 935 3116 studio;
951 3040 1028 3104 vide·

73 3127 112 3184 tur
127 3133 222 3190 tannen
242 3127 448 3192 contradicere
471 3127 584 3190 Concil.
600 3127 735 3190 Trident.
755 3129 839 3206 (sess.
856 3133 913 3204 25,
929 3148 957 3193 c.
974 3134 1027 3211 5);

73 3213 204 3298 refertque
228 3218 364 3280 Ferraris
386 3223 427 3296 (v0
452 3215 645 3298 Capelleuiu,
672 3219 707 3278 n⁰
730 3221 779 3291 tlt
803 3217 887 3298 plura
903 3221 1028 3286 Decreta

73 3299 97 3359 S·
109 3304 138 3365 G.
152 3307 241 3370 Cone.
258 3323 371 3386 nempe
381 3308 412 3368 in
424 3305 735 3388 Hispaniense-aesopi.
749 3309 845 3382 {5803
860 3308 1023 3384 Brr'ct'ensi,

74 3389 238 3460 ldeeemllr.
258 3400 354 3458 lael:
372 3395 526 3476 inquibus
549 3393 658 3458 dicitur
679 3395 760 3476 qudd
785 3415 839 3477 pre
856 3396 1027 3477 hujusmodi

75 3475 329 3560 lisputationibus
352 3483 444 3548 Sedes
468 3484 637 3566 Apostoliea
661 3485 699 3546 sit
717 3484 879 3548 adeunda:
902 3488 1026 3570 ipsemet

76 3565 95 3628 i.
109 3571 222 3654 liguor.
240 3575 344 3658 plures
357 3567 563 3655 easuseleipit
582 3571 644 3646 llib.
661 3575 699 3650 6,
712 3583 745 3636 11⁰
760 3574 840 3652 329).
