2452 3946
373 260 457 307 ursan
477 260 634 306 secururs.
939 241 995 307 llll

23 383 37 420 ι
60 362 95 424 ln
109 361 199 439 cuius
213 358 330 421 Decreti
344 358 497 440 sequelam
510 360 668 422 lnnocent.
683 361 773 422 llll...
789 358 926 424 locorum
938 359 996 424 or„

25 474 37 508 a
61 449 199 512 dinarios
213 446 330 510 moneri
342 447 440 528 jussit,
455 467 495 510 ne
509 464 696 530 quemquam
705 449 923 528 permitterent,
932 449 997 512 sind

24 561 37 598 a
62 536 244 619 Apostolicae
265 535 352 598 Sedis
374 536 549 618 privilegio,
571 553 643 598 cum
666 535 834 600 adulterino
855 537 998 620 capillilio

24 649 38 686 a
61 625 318 690 Sacro-Sanctum
333 643 478 707 peragere
492 623 592 688 missae
611 622 799 686 Sacrificium
811 647 825 686 r
839 627 894 701 (De
905 626 996 708 Syra,

24 713 71 777 lib.
89 717 123 776 ll
141 732 233 794 ‚cap
249 717 286 790 9,
302 716 349 792 V).
367 713 442 777 Vide
456 713 579 795 insuper
594 713 625 775 S.
650 711 684 772 lt.
701 712 831 793 Congo,
847 723 881 776 η’
898 717 996 789 3365,

24 803 56 866 ed
70 807 90 864 l
103 807 135 864 et
148 807 183 876 5;
201 801 362 884 Philipps,
377 807 453 865 tom.
469 805 499 880 l,
514 821 545 883 p.
562 805 642 878 5103
656 799 774 879 Andre,
787 801 998 884 v⁰Perruquc3

29 891 52 953 T
51 893 129 952 roite'
150 889 200 953 des
222 889 281 952 SS.
307 889 470 972 Mystdres,
490 895 567 953 lom.
591 893 630 967 2,
653 908 684 971 p.
706 892 781 966 2263
805 890 836 952 S.
862 891 998 972 Liguor„

25 978 72 1040 lib.
99 984 144 1058 6,
168 988 203 1041 n⁰
226 982 296 1041 398.
320 982 353 1041 ln
381 979 491 1042 Rituali
514 984 616 1041 autem
640 977 841 1041 avenionensi
863 979 997 1042 diciturr

28 1068 61 1148 lp.
78 1072 128 1145 ll),
143 1068 162 1148 ξ
175 1069 224 1148 dl:
236 1067 450 1130 «Interdicilur
463 1086 537 1130 usus
550 1084 646 1129 comoe
660 1065 783 1145 fictitie,
794 1067 882 1130 nobis
896 1068 1000 1132 incon·

27 1177 40 1214 ι
62 1157 192 1234 sullisn3
209 1163 240 1219 et
253 1159 295 1237 (p.
311 1159 370 1232 62,
390 1155 408 1238 5
426 1157 526 1236 XCVI)
540 1176 548 1218 ι
563 1176 579 1215 «
594 1155 633 1218 de
646 1153 749 1218 fictitie
761 1163 864 1220 eutem
877 1157 999 1222 caesaric

28 1265 40 1302 r
62 1251 196 1308 servetur
210 1243 291 1326 quod
307 1262 399 1326 supra
413 1250 561 1307 statutum
575 1249 631 1307 est.
647 1265 663 1304 a

61 1335 144 1398 Ultra
158 1333 396 1416 progrediuntur
417 1333 546 1396 Ritualie
570 1332 733 1397 Bellicense
749 1339 780 1398 el
793 1341 930 1400 nostrum
942 1337 998 1398 Vn·

30 1421 126 1484 lentin.
143 1425 186 1505 (p.
203 1425 285 1500 244),
296 1421 348 1485 ubi
358 1421 468 1484 dicitur
477 1421 552 1484 adeo
559 1439 754 1486 communem
762 1423 889 1487 evasisse
902 1443 997 1488 coma

31 1509 132 1574 licliliae
143 1529 250 1588 usum,
266 1517 298 1573 ut
314 1529 375 1572 non
389 1509 520 1592 amplius
534 1509 635 1573 illicita
648 1513 763 1574 censeri
777 1512 883 1576 debeat
891 1511 921 1574 in
929 1512 997 1574 mis·

30 1599 284 1664 serelebratione.
296 1599 372 1662 Vide
385 1601 528 1680 Lequeux
543 1599 587 1678 ln·
601 1603 673 1680 rte)
682 1606 713 1663 et
723 1602 786 1663 DD.
798 1600 926 1664 Bouvicr
939 1601 996 1682 (De

30 1687 137 1768 Scera'f.
154 1689 269 1764 Misso,
284 1706 314 1751 c.
330 1693 362 1768 ⁵1,
378 1694 433 1752 art.
449 1691 491 1768 7).

64 1781 152 1842 3693.
169 1777 311 1840 Observat
325 1787 427 1839 aulem
440 1776 552 1840 Bened.
563 1780 629 1841 xlv
640 1778 726 1856 (last.
742 1780 791 1853 34)
802 1795 864 1841 non
873 1781 999 1841 omniuo

31 1866 196 1946 prohiberi,
211 1867 301 1928 etiam
316 1865 347 1927 in
362 1866 466 1943 missa,
477 1885 569 1930 usum
578 1885 700 1929 coroner
713 1865 845 1948 capillitii
859 1869 920 1949 qut
936 1872 1000 1929 ton·

33 1971 94 2018 sura
114 1974 178 2017 non
202 1954 326 2018 velatur.
352 1955 409 2017 llio
430 1955 555 2038 quidem
578 1973 651 2018 usus
675 1953 845 2037 prohibitus
864 1955 1000 2020 lueratd

33 2044 136 2108 llrncil.
151 2046 291 2107 Romano
304 2043 362 2107 sub
375 2043 490 2105 Bened.
511 2046 591 2120 lllll;
615 2043 668 2106 sed
692 2043 786 2125 ipsius
799 2045 924 2109 Decreta
936 2045 997 2109 rim

33 2149 87 2193 non
106 2131 218 2198 habent
239 2131 393 2214 obligandi
414 2137 498 2195 extra
514 2134 683 2196 Romanam
702 2133 900 2200 Provinciam.
922 2133 998 2198 Vide

37 2220 107 2284 lrlcl.
120 2222 169 2286 dea
181 2221 308 2295 demetr,
326 2223 362 2283 D.
380 2220 579 2302 Boissonnet,
593 2230 624 2284 v⁰
640 2221 767 2285 Colotte.

72 2313 150 2376 loll.
166 2345 208 2358 --
218 2313 281 2373 llll.
300 2309 424 2372 Pedibus
437 2310 561 2373 calceati
567 2359 575 2380 .
589 2317 620 2374 et
633 2319 708 2374 ueste
722 2313 817 2376 talari
830 2312 938 2379 induli.
954 2317 998 2381 ne

39 2393 138 2464 hocsic
150 2399 242 2463 habet
254 2399 409 2464 Robrica:
427 2421 443 2460 a
461 2399 607 2463 Sacerdos
627 2400 867 2466 celebraturus...
883 2404 999 2468 accedit

37 2507 51 2542 a
70 2487 102 2550 ad
116 2497 330 2572 paramenta...
345 2489 398 2552 ubi
412 2488 555 2551 calceatus
565 2488 722 2571 pedidoset
737 2491 998 2558 indutusrestibus

36 2597 50 2636 a
70 2577 120 2640 sibi
129 2577 397 2658 convenientibus,
408 2595 537 2660 quarum
551 2581 680 2641 exterior
692 2579 797 2642 saltem
812 2581 904 2642 tolum
916 2581 999 2663 pedis

34 2686 49 2722 a
70 2669 209 2750 attingat,
223 2667 322 2730 induit
332 2685 381 2743 sc,
396 2675 453 2729 elc.
468 2688 484 2726 n
502 2667 617 2730 Sulllcil
629 2673 731 2732 autern
745 2674 780 2730 ut
792 2668 949 2730 celebrans
962 2671 999 2731 sil

35 2753 174 2818 edocatus
182 2755 329 2838 crepidis,
343 2755 434 2837 vulgo
444 2756 618 2839 pontoujles.

71 2845 221 2909 Celebrare
244 2845 335 2909 nudis
355 2844 500 2926 pedibus,
515 2845 629 2928 absque
651 2849 848 2927 contemptu,
863 2844 999 2927 quamvis

33 2932 94 2995 ane
105 2939 214 3014 must,
229 2953 293 2998 non
306 2933 424 2999 excedit
437 2933 563 3014 veniale,
576 2935 660 3015 Juxta
673 2951 869 3000 communem
881 2941 1000 2997 senlen-

36 3021 118 3102 liam;
133 3043 206 3088 cum
223 3029 315 3089 coust
332 3030 434 3087 eutem
456 3023 574 3087 nullum
592 3030 637 3086 est
655 3032 822 3107 peccatum.
841 3026 876 3088 ln
898 3023 1000 3086 mullis

37 3108 113 3191 locis,
127 3113 185 3178 sub
197 3117 288 3198 poeut
302 3113 526 3196 suspensionis,
541 3112 632 3175 ellam
643 3113 708 3195 ipso
719 3112 795 3177 lacto
810 3112 999 3178 incurrendae

37 3202 199 3284 precipitur
216 3201 370 3266 celebrare
395 3218 467 3264 cum
487 3205 568 3264 reste
585 3201 670 3264 talari
691 3203 770 3284 nigri
791 3203 900 3267 coloris
913 3202 999 3281 (vide

39 3285 157 3351 Ordona.
172 3289 353 3369 deVulence‚
364 3310 394 3373 p.
411 3294 470 3352 ula
481 3308 490 3366 ;
502 3288 788 3372 Ilitculealvenica„
803 3313 834 3377 p.
848 3296 883 3372 9,
899 3296 955 3369 553
970 3301 1000 3356 et

40 3375 174 3462 uteorog.
188 3380 303 3454 Tolos,
320 3379 363 3442 lle
377 3377 600 3458 Eucherium„
616 3378 673 3442 sub
691 3385 781 3462 poent
794 3381 1001 3463 suspensionis

42 3461 161 3530 kmndae
173 3467 330 3531 sententiae
342 3467 517 3550 prohibetur
529 3465 561 3528 in
573 3465 697 3532 dioeccsi
706 3470 863 3535 Bellicensi
872 3473 957 3552 (tom.
968 3474 998 3554 l,

44 3555 311 3638 pardem).
841 3567 857 3577 ‘

635 3671 638 3684 ¹
675 3679 806 3712 'fx
