2452 3946
416 155 501 204 unsn
520 155 678 204 secunus.
979 141 1036 208 tn

63 249 180 334 exsequi
194 249 385 315 voluntatem
392 249 596 314 rationabilem
603 249 771 334 praestantis
779 251 1037 338 stipendium;sed

61 337 204 404 offirmare
228 339 479 404 communissitne
501 341 612 403 Suareu
638 340 774 423 aliosque
801 345 819 406 e
849 345 880 407 S.
912 344 1061 425 Liguon

63 429 158 490 citatos
173 429 243 512 (tib.
266 433 298 507 6,
315 429 404 507 mh
420 429 491 510 qun
510 429 581 494 iicet
600 429 733 492 Ecclesia
757 432 908 512 permittat
929 433 1037 496 missas

61 517 174 589 votivas,
183 517 346 582 decentius
360 523 519 581 esttamen
534 537 566 581 se
580 517 767 582 uniformare
780 521 849 583 ritui
865 525 1034 601 communi;

62 606 136 670 unde
154 607 186 670 iu
207 606 331 670 rubrict
349 606 458 670 dicitur
473 626 481 668 ε
496 607 592 692 qttood
612 608 683 690 fieri
698 617 813 690 potest,
834 611 924 672 misso
946 612 1036 692 officio

63 696 232 772 mouentum
245 703 277 759 et
289 695 348 760 hoc
361 696 460 758 vsiene
474 695 579 759 dicunt
593 697 753 776 Salmant,
768 698 884 760 etiamsi
898 701 1037 764 sacerdos

63 786 195 866 express
219 785 344 848 missam
367 785 573 868 promisisset,
588 786 634 849 vei
654 785 781 848 vovisset
799 787 849 848 itis
867 786 917 850 dic
937 787 1037 852 dicere

63 873 177 936 missam
190 875 340 949 votivam,
357 873 428 956 quia
442 875 500 936 tale
509 881 611 938 uotum
622 893 684 938 non
699 881 744 938 est
757 875 797 938 do
810 876 928 939 meliosi
943 875 1034 940 bono.

64 963 279 1048 incipiendum
293 969 453 1035 esttamen
468 961 492 1025 si
506 963 598 1026 missa
612 965 643 1027 in
658 964 743 1027 attari
758 965 945 1048 priviiegieto
960 973 1037 1030 esset

66 1049 195 1128 dicenda,
212 1052 303 1136 quia,
318 1058 352 1115 ut
364 1051 479 1153 acquiri
492 1053 588 1114 valeat
602 1053 802 1135 indulgentia,
818 1055 909 1118 missu
924 1056 967 1118 De
982 1057 1037 1118 Ite·

64 1144 151 1222 qm'em
164 1149 214 1204 est
228 1140 382 1204 recitanda
396 1141 503 1204 diebus
511 1160 573 1202 non
587 1143 700 1205 vetitis:
713 1144 752 1205 ita
767 1144 798 1205 S.
808 1144 872 1225 Lig.
890 1145 966 1224 (ib.);
983 1147 1035 1209 sed

64 1229 152 1293 adhue
170 1229 386 1312 excipiendum
403 1231 529 1293 omnino
548 1237 608 1306 cst,
625 1232 648 1294 si
664 1237 785 1294 testator
799 1240 850 1295 aut
868 1232 944 1296 dans
960 1235 1035 1298 eine-

65 1337 214 1402 nosynesn
225 1320 366 1402 expresse
376 1319 502 1381 voluerit
512 1319 634 1382 missam
644 1319 702 1394 dici
713 1321 757 1384 ue
766 1321 915 1404 Requa'em,
928 1323 1034 1389 diebus

65 1409 211 1490 permissis
220 1458 229 1486 ‚
239 1407 325 1489 juxte
334 1410 466 1485 flectet,
477 1411 495 1470 3
507 1411 573 1488 Jun.
587 1413 674 1483 teos,
687 1420 720 1472 n⁰
731 1413 819 1488 902&
831 1415 943 1474 (imant.
957 1417 1029 1478 tunt

65 1515 92 1557 n⁰
107 1503 184 1562 4150
208 1503 265 1574 143
285 1504 315 1560 et
333 1501 370 1560 {2
393 1503 469 1580 sept.
493 1501 594 1561 1840:
615 1499 686 1580 quia
705 1506 739 1562 ut
760 1497 869 1563 dicitur
894 1504 925 1562 in
944 1503 1037 1566 citato

65 1589 179 1652 Decreto
201 1591 301 1666 tusi,
326 1604 466 1668 expressa
493 1587 632 1650 uoiuntus
657 1593 831 1651 testatorum
866 1590 912 1651 vel
935 1601 1035 1672 postu-

65 1673 183 1739 lantium
200 1675 289 1738 debet
303 1673 459 1758 adimpleri
479 1675 602 1756 quando
622 1683 668 1740 est
681 1677 884 1754 rationabilis3
900 1679 1034 1760 eiioquin

65 1767 197 1830 sacerdos
210 1776 311 1852 ageret
324 1773 429 1828 contra
443 1765 628 1828 fidelitatem.
639 1769 682 1827 lta
691 1769 733 1827 De
742 1765 836 1826 Hordt
845 1769 886 1848 (p.
898 1771 926 1837 t,
936 1771 969 1828 n⁰
983 1774 1033 1848 ut,

65 1875 129 1938 resp.
146 1859 203 1934 1⁰),
225 1857 277 1938 qui
293 1855 375 1920 oddit
393 1861 494 1917 utinen
508 1853 591 1938 quod
611 1853 636 1918 si
657 1853 812 1916 celebrans
828 1855 858 1915 in
872 1873 943 1917 casu
958 1855 1035 1921 dicat

65 1946 180 2010 nissam
195 1944 256 2008 diei
272 1963 334 2007 non
348 1944 463 2006 videtur
477 1945 742 2026 grauitecpecoare
756 1942 820 2022 tib„
830 1946 868 2004 lV
883 1947 968 2024 non).

97 2039 186 2098 3753.
210 2035 276 2098 lino
289 2033 314 2096 si
335 2041 440 2116 agatur
458 2034 497 2095 de
517 2032 736 2096 Annivcusauiis
756 2033 882 2096 caustis
903 2032 1034 2102 fundatis
1056 2082 1059 2090 ·

67 2122 148 2187 indie
163 2123 287 2199 obitus,
303 2141 363 2185 non
382 2123 524 2186 satisfacit
544 2122 682 2186 sacerdos
703 2141 757 2206 peu
778 2124 900 2186 missam
914 2123 952 2186 de
972 2126 1031 2205 die3

70 2210 101 2272 ita
113 2215 216 2278 statuit
230 2215 261 2276 S.
279 2215 313 2272 R.
329 2214 376 2285 G„
393 2217 431 2274 22
445 2211 510 2274 dec.
529 2217 606 2275 1753
622 2214 839 2293 (11040883),
855 2213 907 2276 ubi
925 2213 1034 2279 dicitur

71 2303 156 2384 quod,
177 2303 300 2365 «obitus
317 2299 367 2364 die
381 2301 545 2382 impedito,
562 2320 624 2363 non
635 2303 737 2383 possit,
754 2319 808 2384 pso
822 2301 1033 2369 detunctorum

69 2411 80 2448 u
100 2391 321 2468 anniversario,
340 2390 453 2453 canuti
473 2391 564 2452 misse
577 2391 615 2452 de
629 2393 797 2453 occurrenti
817 2393 904 2453 Festo
917 2393 962 2454 vei
977 2395 1032 2457 Fe·

68 2501 80 2536 n
100 2483 141 2544 nit
155 2481 338 2566 privilegiata
347 2499 403 2564 per
416 2478 676 2561 applicationem.»
694 2481 824 2561 ideoque
839 2483 964 2543 necteus
978 2491 1034 2546 sta-

67 2575 147 2632 tuunt
159 2570 242 2659 quod
261 2572 284 2633 si
306 2569 370 2634 dies
391 2568 553 2650 impeditus
572 2576 724 2642 occursat,
740 2571 831 2630 missu
854 2570 1034 2650 anticipetur

67 2659 105 2721 nt
118 2660 333 2737 transferatur,
348 2659 388 2722 ita
402 2664 437 2720 ut
451 2675 504 2739 pro
522 2658 733 2720 Annivesssuio
752 2674 813 2717 non
829 2663 965 2716 cantetur
978 2660 1034 2724 atie

67 2747 149 2812 missa
167 2749 225 2812 nisi
244 2749 288 2812 Dc
304 2749 441 2832 Requiem
456 2765 468 2809 .·
487 2745 568 2809 idem
587 2755 631 2808 est
645 2743 806 2806 dicendum
828 2743 866 2804 de
889 2745 1034 2808 Anniver-

66 2839 144 2901 soriis
152 2837 320 2914 cantandis,
334 2855 394 2900 non
404 2837 434 2898 in
449 2835 497 2899 die
507 2837 622 2913 obitus,
634 2833 686 2896 sed
701 2831 896 2915 iundatispro
905 2833 994 2896 certis
1006 2842 1035 2899 et

67 2923 389 2990 determinatisdiebus.
405 2925 481 2988 Vide
494 2927 538 2987 De
552 2924 647 2988 Herdt
662 2923 731 3007 (in,
744 2925 791 3002 ΙΙ).

102 3023 187 3081 3754.
211 3019 302 3080 Misso
315 3023 415 3082 autem
435 3015 494 3078 diei
514 3014 658 3078 celebrari
680 3019 777 3098 potest
799 3013 824 3076 si
845 3019 968 3078 testator
989 3019 1034 3082 vel

67 3103 134 3168 dans
147 3107 371 3188 eleemosynam
385 3104 571 3180 consentiat,
586 3109 677 3186 prout
690 3111 832 3166 censetur
845 3105 1034 3172 consensisse

67 3195 89 3255 si
103 3197 198 3258 missae
217 3193 349 3258 fitndetae
370 3193 480 3258 tuerint
496 3211 550 3274 pro
564 3193 691 3272 singulis
704 3192 812 3256 diebus
826 3193 871 3254 vei
886 3197 968 3257 statis
983 3217 1035 3279 per

67 3279 278 3348 hebdomadam
296 3284 422 3360 diebus,
444 3286 515 3346 eum
539 3301 619 3368 saepe
643 3283 782 3346 eveniant
801 3283 865 3345 dics
881 3284 1032 3366 impediti3

69 3370 125 3434 imo
140 3375 295 3437 celebrans
317 3373 458 3436 satisfecit
480 3391 535 3456 pso
549 3372 642 3442 vivis,
666 3371 796 3434 dicendo
819 3373 909 3436 etiam
929 3377 1034 3440 missus

71 3459 263 3544 Delicqm'em,
277 3472 310 3526 ut
319 3464 374 3525 tuit
382 3463 519 3525 decisum
530 3464 546 3524 t
556 3463 587 3524 S.
599 3465 635 3523 tt.
647 3463 772 3542 Congo,
784 3467 823 3524 29
834 3469 921 3524 tuost.
935 3469 1011 3526 1856
1024 3485 1032 3527 :

75 3569 89 3606 ι
106 3551 292 3616 Consuetudo
305 3553 430 3617 invaiuit
444 3553 475 3614 in
494 3550 675 3634 quibusdam
693 3551 846 3625 ecetesiis,
861 3559 894 3613 ut
908 3550 940 3612 in
953 3551 1035 3612 iestis
