2420 3968
212 151 272 213 504
432 177 569 220 nxuuxne
590 175 690 220 nonus
709 175 792 220 sums
812 173 958 220 cxnomcr.

253 275 342 335 5013.
365 272 446 334 Licet
461 273 563 354 pluras
576 274 638 334 bb.
660 271 752 333 uelint
769 269 919 354 applicare
932 268 1083 352 prefatum
1096 269 1160 331 solu·

213 361 326 424 tionem
336 360 458 440 jejuniis
468 380 504 424 ex
514 368 584 424 voto
596 359 810 442 persolvendis,
820 360 1029 422 veriortamen
1038 359 1162 420 sententia

216 457 294 512 tenet
303 450 512 530 sexagenarios
527 468 589 513 non
602 448 829 512 esseabsolutos
842 451 860 511 d
871 447 1162 529 jejuniisbujusmodi

215 539 270 600 nisi
285 538 424 601 adveniat
437 541 575 622 specialis
589 539 664 602 ratio
686 537 861 613 debilitatis,
887 545 917 602 et
938 537 1061 620 quidem
1079 537 1162 598 saltem

214 626 336 706 quando
348 627 499 706 ieiunium
514 635 615 690 votum
634 627 724 690 luerit
737 645 793 709 pro
810 631 874 690 toto
886 627 954 690 rita
967 634 1112 708 ternpore,
1129 625 1163 686 rel

215 733 312 796 usque
326 715 364 777 ad
380 723 509 779 mortem
522 737 528 777 :
542 735 613 779 nam
627 717 651 778 si
666 717 735 798 quis
748 716 860 778 voverit
873 715 989 798 absque
1004 716 1051 777 tali
1066 733 1164 795 expres·

214 803 310 882 sione,
324 805 383 867 dici
398 813 495 888 potest
508 806 589 888 quod
608 804 769 866 intenderit
787 805 905 866 tantbm
919 823 952 868 se
962 804 1092 886 obligare
1106 823 1164 884 qua·

215 899 305 956 tenus
318 895 431 976 obligat
443 896 586 958 Ecclesia.
605 893 718 956 Eadem
737 893 877 956 videntur
891 911 980 974 posse
994 893 1053 957 dici
1066 894 1099 954 de
1109 895 1164 970 jeju·

217 981 314 1044 niisin
330 983 484 1065 lleligione
495 983 690 1066 praescriptis,
702 982 857 1045 etsietiam
867 982 1163 1046 haccontrouertatur:

217 1069 351 1152 obligant
365 1073 445 1135 enim
458 1079 526 1154 post
539 1076 578 1136 60
592 1090 718 1146 annum,
731 1072 755 1133 si
771 1072 920 1154 promissa
931 1071 1024 1135 luerit
1036 1073 1164 1135 obsanar-

217 1160 257 1220 tia
271 1161 409 1240 religiosa
423 1179 520 1242 usque
534 1161 571 1223 ad
585 1155 732 1237 mortem3
754 1177 841 1223 secus
854 1161 879 1222 si
894 1160 1082 1223 observantia
1099 1159 1163 1222 fuerit

219 1248 364 1329 promissa
375 1249 441 1311 sine
449 1249 501 1310 tali
514 1249 718 1332 expressione.
730 1251 772 1329 (S.
787 1248 925 1330 Lignum,
936 1249 991 1312 lib.
1003 1253 1035 1328 3,
1051 1250 1089 1311 nl·
1099 1251 1162 1311 roll.

257 1425 361 1494 Quoad
375 1425 526 1505 ieiunium
540 1426 738 1510 subrogatum
751 1433 821 1490 voto
838 1427 1003 1506 castitatis,
1018 1427 1083 1491 ride
1095 1429 1120 1490 S.
1131 1427 1165 1486 u-

217 1529 303 1593 guor.
320 1513 385 1594 (it,
401 1522 435 1576 n⁰
450 1517 538 1595 loto)
552 1515 606 1598 qui
620 1516 752 1580 consulit
764 1514 796 1578 in
814 1533 888 1580 casu
908 1535 1069 1582 resumam
1080 1517 1111 1579 nd
1122 1514 1166 1578 dis·

219 1602 438 1682 pensationem.

144 1691 146 1698 '
259 1695 348 1754 5014.
373 1693 530 1757 Dubitatur
556 1695 678 1758 tandem
705 1713 745 1758 an
776 1694 898 1760 leminae
927 1695 1169 1779 quinquagenaria

221 1789 421 1845 excusentur:
438 1785 468 1847 S.
485 1785 646 1866 lignarius
659 1802 717 1846 nec
731 1783 919 1866 improbare,
935 1803 996 1849 nec
1009 1783 1167 1869 probabilem

220 1870 320 1932 dicere
333 1872 424 1934 audet
439 1874 619 1936 sententiam
632 1891 700 1954 quae
714 1873 842 1936 affirmat
858 1873 928 1956 (it,
944 1882 979 1936 n⁰
997 1874 1098 1955 1030).

260 1962 351 2020 50l5.
379 1957 480 2022 Tertia
490 1979 579 2023 causa
588 1977 735 2023 excusans
750 1965 767 2022 a
778 1962 895 2042 jejunio
908 1967 953 2024 est
967 1962 1075 2026 labor:
1089 1963 1117 2024 in
1127 1975 1162 2042 pu

221 2046 402 2109 attendenda
416 2055 462 2109 est
482 2049 644 2131 propositio
666 2049 704 2111 ab
726 2049 894 2112 Alexandro
909 2053 960 2112 Vll
979 2051 1166 2128 damnatam

221 2151 253 2194 se
267 2133 381 2197 habens
397 2155 404 2197 :
425 2141 502 2200 «30.
519 2140 632 2200 Omnes
645 2137 786 2202 officiales
799 2139 851 2222 qui
867 2141 898 2201 in
913 2141 1080 2223 Republica
1092 2157 1167 2220 cono

221 2244 236 2279 1>
261 2223 360 2284 raliter
380 2225 537 2302 laborant,
560 2233 631 2288 sunt
653 2228 785 2290 excusati
803 2229 842 2290 ab
862 2229 1049 2311 obligatione
1065 2228 1167 2311 jejunii:

222 2333 237 2370 o
263 2330 318 2374 nec
337 2311 446 2375 debent
462 2333 493 2377 se
508 2315 692 2388 certificare,
718 2317 742 2378 si
757 2316 841 2379 labor
855 2318 893 2379 sit
910 2321 1108 2401 competibilis
1119 2333 1169 2382 cun

223 2425 237 2461 n
259 2402 385 2482 jejunio.
401 2424 416 2462 n
441 2406 588 2466 Damnata
605 2403 662 2466 fuit
678 2404 744 2466 haec
765 2407 929 2488 propositio
947 2408 988 2469 ob
1006 2427 1092 2472 suam
1104 2423 1170 2489 geur

224 2492 381 2554 ralilatem.
398 2495 490 2556 Porr'd
504 2511 610 2556 omnes
632 2499 712 2556 artes
725 2513 794 2576 quae
813 2497 945 2558 exerceri
961 2495 1170 2579 nequeuntsini

226 2582 337 2662 ingenti
352 2583 485 2664 corporis
496 2582 656 2664 agitatione
665 2589 809 2646 excusant
822 2585 839 2646 l
850 2585 979 2665 jejunio,
989 2605 1027 2649 ex
1042 2581 1170 2650 communi

225 2671 373 2732 sententie
397 2670 497 2733 :tales
521 2670 663 2733 dicuntur
685 2670 834 2750 fossores,
863 2673 1019 2756 agricolae,
1042 2674 1169 2759 lapicida,

226 2759 327 2840 figuli,
343 2767 488 2836 textores,
505 2759 629 2837 lanarii,
644 2759 794 2839 fullones,
811 2761 920 2844 bajuli,
936 2765 1069 2846 aurigae,
1084 2769 1168 2831 nauta,

226 2849 421 2928 remigantes,
450 2848 525 2910 labri
541 2849 676 2932 lignarii,
701 2847 816 2912 ferrarii
844 2857 875 2913 et
887 2854 1034 2936 murarii‚
1063 2861 1170 2917 seranus

227 2936 358 3016 lapides,
374 2957 523 3017 cursores,
535 2945 651 3001 sutores
664 2941 717 3020 qui
727 2939 843 3003 calceos
856 2941 1041 3022 conficiunt,
1056 2962 1112 3008 non
1121 2939 1170 3002 reni

227 3024 278 3104 qui
292 3026 373 3085 coria
387 3026 548 3104 scindunt;
564 3027 706 3108 furnarii,
721 3029 862 3111 pistores,
876 3031 967 3114 coqui
981 3033 1082 3116 plures
1101 3031 1170 3111 dapes

227 3117 255 3173 et
270 3112 372 3173 multis
382 3117 520 3193 personis
533 3123 736 3199 praeparantes
746 3119 770 3180 si
785 3119 848 3182 lere
857 3138 911 3202 per
920 3127 1018 3185 totum
1028 3119 1170 3186 diemlabo

227 3207 311 3274 rent,
328 3218 415 3263 secus
435 3204 459 3264 si
481 3223 577 3286 pauca
599 3205 711 3269 fercula
737 3216 861 3289 parent,
884 3209 930 3273 vel
954 3214 1070 3276 tantbm
1091 3206 1169 3293 presl-

227 3287 316 3347 deant
331 3287 521 3353 inferioribus
532 3295 692 3372 ministris;
707 3297 884 3380 typographi
896 3300 1024 3381 praelum
1035 3304 1168 3364 uersantes

230 3389 291 3432 non
304 3376 375 3434 verb
387 3381 474 3457 typos
487 3390 721 3461 componentes3
744 3385 848 3450 famuli
866 3387 918 3470 qui
931 3389 1116 3453 vehementer
1126 3385 1169 3446 tut

228 3459 277 3521 die
299 3461 480 3526 incumbunt
501 3469 666 3546 majoribus
692 3472 867 3554 laboribus,
896 3495 960 3541 non
982 3481 1054 3543 vero
1079 3473 1169 3542 ancilla

230 3544 328 3609 lanam
349 3557 401 3611 aut
422 3549 518 3614 linum
539 3565 645 3622 nentes
658 3567 710 3624 aut
729 3561 839 3628 similia
861 3565 936 3628 levia
953 3569 1069 3632 servitia
1084 3565 1167 3629 donus
