2416 3954
408 227 492 276 arnna
514 229 669 276 sacouous.
973 227 1030 286 505

57 329 182 410 dingere
210 347 265 410 pro
292 329 454 394 obtinenda
477 331 736 396 canonizatione:
763 334 836 399 huic
864 335 1027 418 respondet

56 417 168 480 Praesul
188 420 206 478 a
227 419 348 481 secretis
366 419 519 497 Brevium,
543 421 666 483 nomine
681 423 711 483 S.
729 424 895 504 Pontidois,
912 431 941 488 et
956 423 1028 487 dicit

57 507 204 570 orandum
218 525 300 586 esse,
315 507 394 569 utin
412 509 507 572 arduo
521 509 579 571 hoc
600 509 719 590 negotio
733 513 881 578 Dominus
898 513 1028 595 prebeat

56 595 238 674 adjutorium
251 615 259 657 ε
274 602 347 660 tuno
356 605 506 660 canuntur
515 598 638 660 Litaniae
652 601 718 672 SS.;
735 599 841 664 itemm
859 603 1028 666 advocatus

59 685 180 746 nomine
195 686 397 748 Procuratoris
411 693 512 750 exorat
531 706 586 769 pro
600 687 764 750 obtinenda
777 690 1025 770 canonizatione,

23 807 26 811 ⁴
57 773 283 837 atSecretarius
305 775 443 838 Brevium
464 777 626 858 respondet
645 775 795 840 iterandas
818 797 884 842 esse
906 799 1026 862 preces,

57 870 86 924 et
98 863 217 926 canitur
234 863 367 945 hymnus
389 863 460 926 Veni
475 867 600 928 Creator
613 882 627 940 ;
639 885 701 947 quo
722 866 875 946 absoluto,
892 869 1027 932 Advoca-

57 959 104 1014 tus
126 953 348 1016 Consistorialis
373 954 411 1019 ad
432 955 551 1018 tertiam
574 955 709 1036 procedit
731 955 930 1036 petitionem;
954 963 1028 1020 tuno

57 1041 241 1104 Secrobrrius
252 1042 394 1104 Brerium
403 1050 535 1105 mentem
546 1046 634 1125 Papae
643 1043 739 1124 aperit
747 1042 786 1106 de
797 1045 1029 1107 Canonizatione

57 1129 214 1206 facienda,
235 1137 267 1193 et
286 1133 367 1213 Papa
387 1133 566 1194 sententiam
585 1132 714 1214 profert,
734 1151 803 1214 quae
823 1131 1030 1196 Procuratoris

58 1221 182 1282 nomine
192 1219 386 1300 excipiturab
401 1220 552 1282 Advocato
562 1220 775 1295 Consistoriaii,
791 1221 843 1304 qui
855 1222 929 1284 actis
938 1222 1031 1284 sanc

57 1309 130 1369 titati
147 1310 215 1370 Suae
231 1308 352 1389 gratiis,
368 1310 441 1390 petit
463 1314 495 1370 ut
515 1308 579 1390 ipsa
592 1308 755 1372 decernere
775 1308 917 1390 dignetur
930 1317 964 1373 ut
977 1325 1030 1372 ex·

57 1397 218 1480 pediantur
238 1398 356 1460 Litterae
376 1397 554 1478 apostolicae
574 1416 664 1480 super
678 1398 907 1462 canonizatione
930 1418 938 1460 :
959 1397 1031 1463 huic
1149 1473 1154 1480 ‚

55 1487 249 1572 postulationi
263 1489 344 1568 Papa
356 1486 519 1568 respondet
533 1506 541 1548 ι
558 1487 765 1563 Decernr’mus‚·
778 1492 808 1550 et
824 1487 921 1550 dehis
933 1485 1029 1550 confi-

54 1579 179 1641 ciuntur
193 1575 441 1639 instrumentaad
454 1582 631 1657 perpetuam
641 1575 685 1638 rei
702 1577 891 1641 memoriam.
908 1577 1031 1640 canitur

54 1667 181 1732 tandem
205 1665 336 1747 hymnus
354 1665 394 1727 Te
407 1665 518 1735 Deam:
533 1671 637 1746 postea
656 1664 687 1725 in
702 1665 841 1728 Oratione
862 1664 897 1727 fit
917 1667 1032 1728 mentio

57 1757 141 1820 Beati
152 1757 374 1817 autBeatorum
387 1753 632 1816 canonizatorum
649 1772 656 1812 :
673 1753 774 1834 piures
784 1754 867 1816 enim
881 1753 972 1817 simul
985 1771 1032 1816 ea-
1127 1825 1133 1836 ¹

56 1844 192 1910 nonizari
207 1849 333 1925 possunt
352 1862 359 1904 :
380 1843 418 1905 de
435 1842 482 1903 his
495 1841 584 1904 etiam
608 1842 641 1901 tit
659 1841 772 1902 mentio
786 1841 817 1902 in
838 1841 1032 1905 confessione

54 1954 152 2012 uuam
167 1934 247 1996 canit
259 1935 411 1996 Diaconus
424 1929 621 2010 Evarrgelinm
635 1929 767 1992 fecturus
778 1930 808 1992 in
821 1931 913 1994 Misst
922 1931 1032 1994 deinde

54 2023 220 2088 cantanda.
243 2023 388 2084 Summus
407 2019 539 2100 denique
554 2018 688 2081 Pontifex
704 2018 755 2081 dat
768 2018 1033 2084 absolutionemet
1090 2099 1096 2106 ,

55 2113 232 2191 benedicit,
254 2111 332 2174 facta
345 2129 467 2193 quoque
487 2109 774 2172 commemoratione
790 2101 871 2173 B'eati
885 2119 938 2173 aut
956 2113 1031 2173 Bea-

54 2215 163 2268 torum
179 2203 433 2265 canonizatorum.
456 2197 529 2260 Vide
548 2197 660 2260 Bened.
681 2199 759 2276 XIV,
782 2199 826 2260 lfa
846 2199 988 2282 Beatific
1003 2207 1032 2260 at

56 2295 217 2370 Canania,
233 2291 285 2354 lib.
303 2295 332 2366 t,
347 2309 414 2370 cap.
430 2287 509 2368 36,§
522 2291 553 2364 9,
568 2286 620 2348 ubi
630 2287 687 2368 tegi
702 2293 798 2368 potest
810 2287 953 2350 Formula
967 2302 1033 2348 sen·

57 2384 163 2447 tentiae
195 2379 434 2442 canonizationis
464 2383 493 2438 ot
520 2376 606 2458 plura
637 2375 694 2437 alia
721 2377 753 2437 in
781 2373 1032 2463 subsequentibus

54 2469 267 2557 paragraphis.
327 2523 333 2532 .
894 2518 898 2528 .
1002 2549 1009 2563 ⁸

99 2567 192 2626 4870.
215 2558 270 2622 Tot
295 2576 332 2622 ao
356 2562 447 2620 tantae
474 2555 686 2632 formitates,
709 2559 850 2634 tantaque
870 2567 1033 2642 pompam

56 2649 262 2726 aeramentis,
273 2641 954 2728 sinemagnissumptibusadhiberinequeunt3
972 2655 1033 2700 non

57 2751 105 2806 est
122 2759 197 2822 ergo
217 2736 391 2800 mirandum
405 2733 487 2816 qued
505 2731 635 2794 multum
650 2730 786 2810 pecuniae
804 2729 842 2790 sit
855 2724 1033 2808 impenden-

58 2832 135 2894 dum
150 2831 182 2891 in
193 2826 416 2890 Beatifrcatione
426 2820 694 2887 etCanonizatione
704 2821 757 2884 SS.
773 2817 938 2899 :impense
951 2816 1035 2880 enim

58 2929 134 2983 sunt
148 2917 293 2982 faciendae
313 2934 369 2999 pro
389 2909 671 2984 informationibus,
687 2925 742 2989 pro
764 2905 1048 2970 innumerabilibus-

58 3008 237 3090 scripturis,
263 3005 342 3067 foliis
363 3007 414 3066 aut
436 2997 608 3064 summariis
627 2996 853 3078 imprimendis,
870 3013 925 3078 pro
943 2993 1037 3060 hono·

59 3097 150 3166 rariis
164 3095 385 3166 advocatorum
409 3097 438 3153 et
462 3095 505 3151 tot
527 3085 703 3152 officialium
716 3104 847 3168 quorum
871 3102 1037 3149 concursus

59 3187 209 3268 exigitur,
233 3201 289 3266 pro
303 3181 494 3246 decoratione
507 3176 658 3252 ecciesiae,
673 3175 786 3252 aulaeis,
801 3175 957 3252 tabulatis,
972 3177 1037 3257 pic-

53 3274 150 3349 turis,
161 3271 274 3342 cercis,
285 3266 491 3346 paramentis,
500 3269 559 3324 eto.
572 3263 738 3341 Videapud
748 3261 879 3325 Curarem
888 3260 1038 3344 complet.

51 3363 66 3443 (
71 3369 92 3422 t.
117 3363 150 3436 8,
167 3359 230 3422 col.
245 3357 319 3438 931)
333 3364 438 3417 texam
449 3369 647 3416 summarum
662 3350 843 3425 Advocatia,
856 3351 1040 3412 Procurato-

51 3447 311 3527 ribua,Notariis
321 3445 550 3506 solvendarum
559 3459 617 3519 pro
628 3439 855 3502 variissctibus
866 3445 897 3501 et
911 3437 1042 3516 expedi-

54 3539 202 3600 tionibus
216 3533 489 3597 Beetifrcationum
503 3534 535 3590 ct
548 3527 840 3590 Canonizationum.

100 3629 193 3689 4871.
223 3623 309 3688 Noto
324 3623 354 3682 1·
377 3620 466 3694 Quod
488 3619 520 3679 in
536 3617 640 3678 causis
656 3617 842 3694 Martyrum,
857 3613 927 3671 loeo
955 3605 1044 3667 dubii

130 3751 160 3792 z.
179 3747 214 3792 m
956 3711 989 3766 ¹⁵
