2474 3946
167 197 226 257 aab
386 209 522 254 narnate
542 209 642 254 rorrus
662 209 743 256 runis
764 209 912 256 annosior.

169 309 255 370 nium
275 306 470 371 antecedente
491 306 552 368 sire
574 306 630 387 ipsi
645 305 902 387 superveniente),
918 305 1027 385 coniux
1050 303 1137 368 dubi·

166 401 235 458 tans
250 405 379 478 nequeat
392 404 494 478 petere
506 394 659 468 debitum,
675 395 813 458 nondum
831 393 962 458 adbibita
981 394 1139 458 sudreieuti

168 483 324 566 diligentia
346 485 383 546 ed
405 483 589 545 vincendum
611 483 757 557 dubium,
779 482 833 545 sed
856 489 954 564 potest
974 491 1003 546 et
1022 490 1141 546 tenetur

169 573 295 637 reddere
308 574 392 637 alteri
410 574 491 635 bona
507 571 566 634 lide
580 572 712 652 petenti;
729 571 760 634 id
774 579 892 634 constat
905 591 941 636 ex
955 591 1022 654 cap.
1039 574 1141 636 Domi-

170 682 236 734 mu,
253 663 288 726 de
306 662 437 725 secundis
455 660 590 744 nuptiis,
614 661 664 723 ubi
685 661 819 742 legitur:
843 661 1019 724 «Nullus...
1044 661 1083 724 ad
1101 681 1144 724 se·

171 773 185 810 u
209 751 324 815 cuntlas
355 751 475 832 nuptias
504 749 634 830 migrare
658 757 836 830 praesumat,
860 750 959 813 donee
988 753 1015 812 ei
1036 759 1145 813 corutet

172 863 186 899 n
210 839 293 922 qudd
308 840 346 902 ab
359 839 416 902 hbe
429 839 488 900 rite
506 838 677 918 migraverit
688 839 798 918 conjux
814 839 895 918 eJ‘us3
912 838 936 901 si
951 841 1022 902 verd
1036 839 1146 918 aliquis

172 951 186 986 n
211 929 269 992 hoe
291 949 353 991 non
372 927 497 990 servavit
509 933 540 989 et
559 926 597 988 de
611 935 708 988 morte
729 927 869 1010 coniugis
883 927 982 990 adhuc
995 927 1147 990 existimat

174 1040 187 1073 s
212 1017 268 1080 sibi
283 1017 499 1094 dubitandum,
515 1015 542 1078 ei
565 1034 634 1096 quae
654 1015 710 1076 sibi
725 1017 828 1096 nupsit
851 1015 981 1078 deditum
997 1037 1055 1078 aon
1069 1015 1149 1079 dene-

173 1129 188 1164 r
211 1115 260 1188 pet
270 1105 452 1188 postulanti,
475 1104 552 1185 qood
564 1105 581 1166 ἀ
602 1123 631 1166 se
653 1112 747 1165 tomen
769 1105 885 1166 noverit
902 1105 1075 1166 nullatenus
1088 1107 1148 1168 exi·

173 1217 188 1254 n
212 1195 363 1274 pendunt»
384 1193 482 1254 :ratio
497 1200 541 1254 est
555 1193 636 1273 qudd
660 1211 721 1254 non
742 1200 839 1272 potest
859 1193 1012 1256 secundus
1030 1195 1076 1255 vir
1089 1195 1149 1276 pri-

175 1285 234 1344 rari
257 1284 326 1360 jure
353 1289 435 1344 certo
463 1281 658 1362 possessionis
685 1280 768 1360 quod
795 1281 957 1362 praevalere
979 1281 1071 1343 dabit
1090 1285 1150 1363 iuri

176 1372 288 1432 incerto
311 1369 399 1451 primi
424 1369 478 1430 viri
500 1370 539 1432 de
557 1371 644 1448 eujus
667 1377 764 1432 morte
782 1369 955 1447 dubitatur;
976 1379 1008 1432 et
1026 1371 1088 1436 hoe
1108 1381 1152 1434 est

175 1459 358 1534 dicendum,
376 1465 497 1539 propter
511 1459 650 1520 eamdem
664 1460 830 1535 rationem,
846 1459 936 1521 etiarn
954 1461 985 1522 in
1001 1479 1076 1524 casu
1092 1481 1152 1544 quo

176 1547 259 1610 adest
283 1547 474 1629 probabilitas
498 1565 554 1627 pro
581 1547 764 1609 invaliditate
789 1548 913 1610 secundi
944 1549 1150 1628 matrimonii,

177 1637 301 1699 utnulla
324 1635 399 1698 ratio
422 1636 571 1698 invenitur
594 1655 648 1717 pro
672 1637 766 1717 ipsius
786 1637 902 1715 valore,
925 1638 982 1698 nisi
1006 1637 1153 1702 habeatur

177 1725 325 1788 certitudo
339 1725 377 1786 de
389 1723 448 1785 vitat
463 1725 552 1805 primi
566 1725 641 1800 viri,
657 1724 738 1804 quod
754 1723 896 1806 probatur
910 1743 947 1786 ex
961 1743 1028 1808 oap.
1051 1729 1153 1810 lnqu-

178 1815 303 1893 u'tioni,
329 1813 363 1876 de
388 1812 532 1876 sententiat
558 1813 831 1882 excommun-vs.
855 1813 1002 1894 riguos,
1031 1815 1087 1879 lib.
1112 1821 1152 1896 a,

180 1907 213 1965 n⁰
227 1908 295 1966 903.

218 1997 308 2054 lull.
332 1995 471 2054 Attamen
485 1992 596 2070 conjux
614 1990 755 2054 dubitans
773 2009 835 2054 non
850 1997 969 2056 tenetur
983 2012 1042 2058 neo
1059 2003 1154 2077 potest

173 2081 304 2157 vreddere
319 2079 350 2142 in
364 2082 464 2161 primo
487 2079 636 2155 bimestri,
654 2087 724 2142 ante
738 2080 925 2161 praemissam
943 2083 1154 2164 diligentiam,

180 2169 296 2231 etiamsi
310 2179 416 2251 petens
430 2170 467 2231 sit
481 2169 512 2230 in
533 2169 612 2230 tranat
632 2167 710 2245 side,
730 2169 802 2250 quia
821 2187 858 2232 eo
876 2178 1012 2252 tempore
1030 2175 1077 2237 sie
1101 2195 1154 2258 pe·

180 2268 246 2322 tens
261 2261 311 2338 jus
325 2258 402 2320 adid
414 2277 473 2319 non
488 2258 596 2320 babet:
612 2263 643 2319 et
655 2257 735 2319 idem
749 2266 795 2319 est
807 2257 970 2322 dicendum
978 2262 1019 2340 si,
1032 2273 1157 2345 propter

181 2351 330 2411 incestum
345 2347 390 2409 rel
409 2347 599 2424 adulterium,
619 2353 724 2427 petens
745 2347 782 2407 sit
796 2348 926 2428 privatus
937 2351 1005 2429 jure
1019 2351 1156 2416 debitum

182 2436 332 2518 exigendi.
344 2439 376 2498 S.
393 2436 512 2516 Liguor.
531 2436 593 2515 (lib.
610 2440 644 2513 6,
661 2439 764 2497 maur
779 2436 809 2496 in
823 2437 1021 2518 fluet—ltem
1035 2441 1059 2502 si
1076 2451 1155 2504 uter

183 2544 241 2608 que
265 2527 397 2605 conjux,
421 2524 646 2602 contrahendo,
671 2524 834 2588 dubitasset
859 2525 898 2587 de
922 2535 1017 2590 morte
1045 2533 1155 2611 prioris

183 2619 336 2698 conjugis,
353 2615 439 2696 quia,
456 2614 487 2675 in
501 2613 558 2675 boo
571 2632 663 2689 casu,
679 2621 785 2702 neuter
796 2615 846 2693 jus
859 2613 948 2677 habet
968 2617 1110 2698 petendi,
1128 2627 1157 2683 et

185 2706 332 2790 possessio
347 2723 401 2787 pro
416 2704 514 2787 primo
527 2703 669 2784 conjugio
683 2711 828 2766 remanet.

224 2799 314 2857 tate.
338 2801 385 2855 an
399 2801 499 2856 autem
517 2791 678 2874 aliquando
699 2791 785 2854 lieeat
797 2794 919 2876 conjugi
934 2793 1084 2862 dubitanti
1105 2799 1156 2863 da·

186 2883 282 2944 bitum
297 2889 397 2962 petere
412 2882 442 2942 in
457 2882 547 2944 modo
557 2881 637 2943 dieto
651 2880 743 2943 easu‘l
757 2882 1012 2963 Distinguendum
1027 2893 1074 2948 est
1089 2907 1098 2950 ε
1113 2888 1157 2952 rel

186 2971 313 3031 dubium
337 2973 507 3048 supervenit
525 2971 667 3050 eonJugio
687 2975 839 3031 contracto
863 2972 894 3032 in
913 2971 993 3034 bona
1012 2973 1089 3054 lide,
1111 2983 1154 3054 et,

186 3057 340 3138 diligentia
359 3057 516 3118 sufficienti
537 3058 687 3136 adhibita,
711 3057 810 3120 adhuc
834 3068 1002 3141 perseverat
1028 3083 1036 3124 ι
1066 3070 1155 3142 tune,

188 3147 244 3208 etsi
262 3146 364 3226 plures
382 3163 485 3226 graues
500 3147 561 3206 DD.
576 3192 584 3223 ,
600 3153 633 3208 ut
647 3149 677 3208 S.
694 3147 824 3209 Thomas
841 3155 870 3210 et
885 3149 915 3211 S.
933 3151 1154 3230 bonaventura,

190 3241 301 3316 nogent
322 3251 410 3315 posse
433 3232 511 3295 lieitb
533 3234 591 3314 peti
614 3235 748 3297 debitum
771 3237 948 3318 conjugale,
969 3239 1009 3301 ob
1029 3243 1155 3306 auotori-

190 3331 281 3384 tatem
294 3341 360 3402 cap.
377 3322 567 3402 inquisitioni
582 3323 672 3384 modd
686 3325 766 3386 nitati
778 3372 786 3402 ,
800 3325 850 3386 ubi
865 3326 974 3388 dieitur
990 3347 997 3389 :
1017 3331 1155 3394 «Verum

191 3437 205 3472 n
230 3416 301 3474 elim
314 3411 498 3473 conscientia
513 3411 611 3491 pulsat
624 3413 760 3476 animum
775 3431 813 3476 en
825 3413 999 3478 credulitate
1012 3419 1155 3498 probabili

191 3525 206 3564 r
230 3509 261 3564 et
273 3501 415 3577 discreta,
431 3501 568 3580 quamvis
578 3519 639 3561 non
648 3501 776 3562 evidenti
790 3510 822 3564 et
836 3503 1009 3584 manilestt,
1023 3506 1154 3570 debitum
1227 3483 1228 3528 ¹

192 3612 207 3652 r
230 3590 354 3676 quidem
368 3587 493 3652 reddere
513 3595 628 3673 potest,
652 3588 705 3649 sed
718 3591 868 3673 postulare
883 3611 944 3660 non
957 3593 1045 3660 debet
1058 3613 1092 3674 r,
1113 3601 1155 3658 ta-
