2498 3966
231 170 293 232 lilla
449 191 587 236 usauria
608 192 712 238 nouus
732 192 813 237 runis
833 193 984 242 annosior.

231 307 403 371 divortium
425 305 527 380 civile,
542 306 730 372 dummodo:
756 307 815 368 al·
829 309 1019 375 catholicam
1033 312 1186 376 doctrinan

231 396 271 459 de
291 393 495 456 matrimonio
522 393 625 475 deque
639 396 743 458 causis
759 397 1051 465 matrimonialibus
1066 402 1103 464 ad
1123 403 1188 467 solos

226 485 352 565 judicas
365 482 594 546 ecclesiasticos
620 483 853 566 pertinentibus
878 487 982 567 palam
1004 489 1189 570 prouentum

229 579 262 638 2⁶
282 576 314 637 in
341 575 408 654 ipsa
423 573 577 635 sententia
606 583 637 637 et
661 584 814 656 tanquam
831 576 1032 658 magistratus
1062 579 1189 662 loquens,

229 663 357 746 publice
371 661 563 736 declaratae,
578 662 664 728 solos
674 664 806 727 allectus
828 665 936 729 civiles
946 669 1117 749 solumque
1128 673 1191 734 cisi·

227 753 290 816 lom
319 760 515 816 contractum
545 753 734 836 abrumpere
758 753 860 819 velle:
887 753 1018 820 aliunde
1042 759 1190 822 vinculum

229 840 461 905 matrimoniale
470 841 602 903 omniuo
618 841 744 904 firmum
760 859 889 905 manere
899 861 1006 907 coram
1017 846 1085 910 lieo
1095 855 1125 912 ot
1135 868 1191 911 oon·

228 931 357 996 scientia
372 951 407 991 a.
427 927 599 1011 Respondit
614 929 645 992 S.
662 929 919 995 Poenitentiaria:
933 955 949 990 ι
964 931 1153 1018 Episcopum
1168 943 1189 998 in

227 1021 288 1084 hoo
302 1039 376 1084 casu
392 1015 583 1102 particulari,
599 1019 625 1081 si
641 1019 792 1100 inspectis
805 1021 1036 1103 omnibusejus
1051 1026 1190 1104 adjuncis

227 1115 268 1173 ita
285 1113 317 1173 in
344 1111 480 1172 Domino
508 1105 657 1188 expedire
674 1108 876 1186 judicaverit,
891 1109 1029 1175 tolerare
1051 1133 1150 1196 posse,
1166 1125 1191 1175 nt

226 1199 382 1283 syndicus
408 1197 447 1260 ad
467 1205 584 1262 actum.
601 1197 640 1259 de
654 1215 719 1278 quo
735 1199 767 1260 in
782 1199 942 1280 precibus,
957 1205 1118 1282 procedat,
1132 1223 1190 1266 cun

225 1285 492 1354 declarationibus
518 1287 642 1368 abipso
668 1287 854 1368 propositis,
882 1289 924 1351 ita
955 1307 1061 1354 tamen
1078 1302 1112 1355 ut
1136 1292 1191 1354 loeo

225 1373 577 1456 verborumzrolomoue
596 1373 714 1439 civilem
735 1384 924 1441 contractam
937 1379 1128 1456 commeare,
1149 1399 1191 1462 po

223 1478 295 1532 nat:
309 1466 468 1549 solumque
478 1463 598 1528 ciuilem
617 1473 807 1529 contractum
822 1473 957 1547 spectaro
973 1492 1007 1533 ι.

263 1557 296 1620 7·
325 1555 508 1636 Responsum
525 1553 556 1618 8.
570 1553 683 1617 Ponit.
701 1556 784 1618 circo
798 1557 1128 1636 seesoinproeeclcntis
1141 1577 1192 1622 rc·

222 1646 323 1728 aripti.

263 1733 417 1816 Equidem
432 1733 451 1794 l
464 1731 541 1796 Jun.
562 1731 642 1798 l890
652 1732 1006 1798 eademPoenitentiaria
1019 1736 1191 1809 declararit,

225 1852 239 1884 ι
256 1843 289 1890 se
302 1827 333 1888 in
345 1843 383 1888 eo
397 1823 549 1902 rescripto
564 1823 689 1886 edendo
703 1823 735 1886 id
752 1841 853 1888 unum
867 1823 898 1886 in
915 1833 1022 1888 mente
1038 1825 1194 1896 habuisse,

222 1929 258 1981 ut
268 1915 354 1979 casui
369 1910 551 1996 particulari
568 1929 624 1992 pro
647 1912 715 1992 ejus
738 1915 985 1977 circumstantiis
996 1923 1029 1977 et
1039 1915 1196 1995 exigendis

223 2003 415 2086 provideret.
436 1997 553 2076 »Quod
577 2007 682 2062 tamen
698 2007 783 2064 certe
796 2019 857 2065 non
870 2001 1017 2084 impedit,
1028 2007 1196 2085 quominus

222 2093 387 2164 intonatur,
403 2089 480 2170 quid
496 2089 528 2150 in
542 2088 674 2170 paribus
686 2089 812 2152 casibus
827 2089 919 2154 liceat
933 2091 1086 2157 tolerare.

259 2179 294 2243 8ο
308 2177 480 2244 Decurotio
492 2179 532 2240 od
545 2177 732 2243 docenium
745 2181 909 2262 Beloieorn.

261 2268 412 2331 Praeterea
436 2267 613 2331 notandum
628 2277 687 2344 est,
711 2287 900 2352 responsum
914 2267 952 2334 G.
971 2268 1006 2335 S.
1022 2272 1046 2334 l.
1061 2269 1101 2333 87
1125 2271 1190 2333 liiii
1228 2313 1229 2332 .

223 2361 311 2438 1886,
336 2356 438 2420 locale
462 2375 542 2432 esse,
572 2375 636 2420 non
666 2359 856 2424 universale.
890 2359 937 2423 lta
967 2379 1046 2424 sana
1067 2357 1187 2422 Nuntius

222 2447 419 2533 Apostolicus
434 2445 532 2528 Belgii
547 2448 709 2530 respondit
724 2449 866 2512 Ministro
881 2447 1012 2532 publico
1036 2449 1190 2512 Externor.

220 2539 423 2622 Negotiorum
434 2535 531 2618 Belgii
548 2536 588 2599 tt
600 2546 683 2619 sapt.
705 2536 795 2613 taso,
809 2537 864 2620 qui
877 2537 1126 2602 declarationem
1138 2537 1194 2600 lla-

220 2631 426 2713 gitaveratza
452 2625 520 2690 lim.
549 2625 646 2690 Gard.
671 2645 690 2690 a
713 2623 847 2690 Secretis
867 2625 983 2704 Status,
1013 2627 1198 2708 significarit

222 2718 313 2794 mihi,
339 2715 474 2798 jubente
500 2714 562 2778 hoc
577 2713 749 2778 Sanctitate
760 2711 834 2795 Sua,
856 2712 1142 2798 Congregationem
1168 2717 1198 2778 8.

220 2807 320 2873 Oiticii
337 2804 511 2869 declarasse
523 2803 619 2886 ·quod
647 2803 810 2867 decretum
824 2805 886 2867 diei
901 2804 940 2868 2'1
956 2805 1027 2867 llaii
1043 2823 1112 2870 non
1136 2823 1197 2868 res·

221 2899 297 2980 picit
311 2893 453 2976 Belgium
476 2893 641 2956 etidcirco
665 2892 746 2955 nihil
778 2911 846 2956 asse
859 2895 892 2955 in
914 2893 972 2956 hac
984 2896 1118 2976 regione
1134 2913 1200 2958 mu·

219 2995 320 3049 tatum
336 2983 440 3067 quoad
456 2999 504 3060 ea,
533 3000 605 3061 quaa
621 2989 765 3064 spectant
779 2986 819 3044 ad
846 2983 1009 3045 materiam
1023 2983 1161 3047 divortii
1176 3007 1199 3042 ι.

259 3077 292 3136 9⁰
313 3077 462 3153 Responsa
471 3069 503 3136 8.
523 3071 635 3135 Ponit.
653 3072 752 3152 moad
763 3071 1093 3154 percuncians-tion.

260 3163 352 3224 Plura
380 3163 509 3225 demum
538 3160 726 3242 prodierunt
740 3177 903 3242 responsa,
919 3179 985 3224 non
999 3161 1066 3241 jam
1092 3159 1201 3242 quoad

217 3251 340 3328 iudices
365 3251 414 3312 vel
438 3249 599 3332 syndicus,
617 3249 672 3312 sed
686 3249 791 3332 quoad
807 3249 890 3332 ipsas
905 3259 1010 3331 partes
1022 3249 1201 3312 divortium

220 3338 312 3400 civile
337 3339 503 3419 petituras.
538 3338 613 3412 Quae
637 3340 785 3402 novimus
807 3338 870 3402 lere
883 3339 991 3402 omnia
1015 3342 1200 3420 negativam

221 3425 410 3488 solutionem
438 3423 591 3502 afferunt3
608 3437 640 3490 at
661 3426 772 3491 sedulo
787 3426 962 3491 notandum
977 3437 1025 3490 est
1037 3427 1132 3511 apud
1150 3443 1201 3488 eos

219 3514 406 3576 remansisse
416 3512 589 3592 juridicam
617 3517 881 3600 separationema
910 3516 1003 3580 thoro
1016 3527 1050 3580 et
1077 3533 1200 3580 mensi,
