2462 3972
351 218 435 264 truso
457 214 611 263 sseuuous.
912 199 966 266 ott

12 315 197 380 mutationem
220 319 284 380 sine
300 336 451 381 consensu
464 314 646 398 acceptantis
658 334 667 376 τ
681 317 765 380 unde
778 323 848 381 vota
871 316 919 380 vel
929 320 977 396 ju-

12 412 135 469 ramenta
157 407 385 488 perseverantia
408 406 538 488 praestito
556 405 588 466 in
605 405 746 486 pluribus
765 405 975 488 Religionibus

12 491 49 552 rel
62 494 368 578 congregationibus,
384 495 456 559 solvi
472 498 628 575 nequeunt
641 495 708 558 sinc
724 513 876 560 consensu
890 495 978 558 Gom·

12 582 173 661 munitatis,
188 585 226 647 ed
240 583 323 666 quod
341 583 416 648 tales
433 581 649 667 promissiones
670 583 730 645 sint
748 585 890 666 utrinque
904 584 979 648 obli-

12 671 136 748 gatorias.
151 673 251 735 Potest
263 679 365 736 tamen
379 674 460 754 Papa
474 672 505 734 in
519 671 556 734 iis
570 670 762 754 dispensare,
778 675 849 755 quio
864 681 909 738 est
923 676 978 737 Su-

12 775 127 839 premus
147 761 298 825 bonorum
320 761 591 826 ecclesiasticorum
617 760 784 840 dominus,
819 781 882 826 non
908 765 980 827 verd

12 847 144 931 Episcopi
157 896 166 926 ,
181 851 253 932 quia
273 869 335 914 nou
356 851 468 913 habent
494 855 670 932 potestatem
692 849 730 912 de
753 850 800 912 his
820 851 908 914 bonis
921 851 981 914 dis·

12 939 138 1016 ponendi
163 941 229 1002 sind
250 957 401 1002 consensu
424 938 663 1001 Communitatis.
689 937 766 1001 Vide
787 939 867 1002 dicta
889 959 981 1022 supra

12 1043 60 1104 pro
73 1034 209 1109 tempore
221 1029 340 1093 lubilaei
351 1027 476 1110 (4634);
495 1029 565 1107 etS.
581 1027 703 1109 Liguor.
720 1027 786 1107 (lib.
802 1032 833 1107 3,
853 1027 894 1091 n¹·
904 1033 977 1108 254,

46 1209 137 1270 5243.
151 1207 273 1280 Quaerit.
288 1211 319 1270 3·
334 1207 464 1281 Quinem
473 1206 590 1290 possint
602 1206 777 1288 dispensare
792 1206 824 1269 in
838 1207 942 1271 votis?

46 1297 138 1378 Resp.
165 1299 327 1360 «Potestas
339 1296 533 1379 dispensandi
549 1297 688 1358 convenit
702 1296 844 1360 omnibus
855 1297 908 1380 qui
926 1297 981 1362 ha·

12 1405 22 1440 a
46 1385 123 1450 bent
144 1385 382 1466 iurisdictionem
398 1387 429 1448 in
453 1385 518 1448 loro
540 1391 684 1464 externo,
704 1385 749 1448 vel
765 1384 980 1469 privilegiums

12 1499 21 1528 o
46 1475 131 1538 unde
142 1474 315 1556 dispensare
328 1482 455 1558 possunt
458 1521 518 1538 .....
540 1475 570 1537 tl
591 1477 671 1556 Papa
689 1479 829 1556 respectu
842 1477 983 1541 omnium

12 1587 22 1616 o
45 1563 197 1641 fidelium,
212 1564 243 1625 in
257 1564 399 1628 omnibus
408 1565 497 1640 votis;
509 1565 540 1625 2⁰
553 1562 693 1644 Episcopi
705 1569 842 1644 respectu
856 1583 983 1630 suorum

12 1677 23 1707 o
46 1653 251 1732 subditorum,
263 1672 324 1716 non
339 1660 439 1716 autem
454 1653 639 1734 parochus..;
650 1655 683 1713 3ο
697 1651 814 1714 Praelati
828 1655 984 1734 regulares

12 1770 21 1794 ι·
46 1741 198 1824 exempli,
220 1749 357 1824 respectu
376 1759 500 1804 suorum
514 1739 724 1818 religiosorum
737 1743 768 1800 et
785 1740 982 1810 novitiorum:

12 1859 22 1880 ι·
48 1831 143 1915 idque
156 1830 236 1894 circa
247 1837 334 1908 uota,
350 1849 418 1912 quae
434 1828 481 1890 vel
495 1829 525 1890 in
548 1827 675 1904 saeculm
691 1826 737 1889 vel
751 1828 842 1889 eliam
856 1829 888 1890 in
902 1830 985 1892 novi·

12 1949 21 1974 r
45 1923 125 1985 tiatu
135 1917 325 1996 fecerunt...;
338 1923 508 1981 nonautem
519 1915 635 1978 Praelati
647 1933 709 1978 non
718 1915 869 1996 exempti,
883 1935 984 1999 neque

12 2039 22 2060 ν
50 2009 218 2072 abbatissa
242 2011 354 2092 (neque
374 2005 609 2083 poenitentiarii,
639 2021 740 2086 neque
763 2003 873 2067 Vicarii
900 2005 985 2089 Epis·

12 2124 21 2154 n
48 2099 142 2182 copi,
171 2097 229 2160 nisi
254 2096 379 2160 facultas
401 2095 568 2176 specialiter
586 2094 629 2156 eis
652 2092 875 2176 delegetur...);
901 2100 983 2160 l⁰ex

12 2213 24 2242 o
53 2187 208 2270 privilegio
232 2189 344 2268 Papae,
367 2183 541 2248 confessarii
563 2181 711 2246 Ordinum
726 2181 984 2264 mendicantium,

12 2302 20 2335 ›
47 2275 460 2340 secundumccnoessionem
483 2279 513 2335 et
535 2272 771 2334 moderationem
787 2291 913 2340 sucrum
931 2277 987 2339 Su·

12 2393 20 2424 u
47 2367 247 2450 pariorum...
262 2386 278 2424 1>
295 2362 382 2446 Apud
396 2365 428 2426 S.
445 2362 565 2443 Liguor.
584 2360 651 2442 (lib.
665 2363 701 2439 3,
718 2372 750 2423 n·
763 2365 845 2442 356).

46 2455 192 2518 Diximus
205 2471 296 2535 supra
310 2471 349 2514 an
363 2453 394 2514 S.
410 2451 547 2514 Pontifex
563 2449 658 2530 possit
675 2448 851 2530 dispensare
865 2450 898 2512 in
911 2453 987 2515 votis

12 2543 220 2620 solemnibus,
236 2561 345 2623 nempe
359 2540 500 2603 castitatis
514 2556 600 2600 sacro
612 2536 711 2600 ordini
735 2555 855 2601 annexu
876 2544 908 2602 et
919 2559 985 2624 pro·

12 2633 155 2699 essionis
167 2629 313 2712 religiosae
327 2631 438 2708 (3064,
453 2629 555 2707 tuti).

46 2725 177 2786 Certum
193 2727 348 2784 astantem
363 2718 445 2800 quod
459 2715 691 2780 omnesPraelati
703 2715 755 2798 qui
769 2714 881 2779 habent
892 2716 988 2780 iacul-

12 2819 109 2874 atcm
121 2809 316 2892 dispensandi
330 2811 398 2890 jure
411 2805 584 2883 ordinario,
607 2805 723 2887 possint
743 2824 811 2868 carn
825 2805 891 2868 aliis
904 2805 988 2869 dele-

12 2920 103 2983 gare,
119 2904 151 2962 ct
164 2897 288 2981 quidem
302 2896 430 2979 simplici
441 2899 596 2958 tonsurato
611 2895 657 2974 (S.
672 2895 807 2977 Liguor.,
823 2895 883 2972 ila,
906 2899 986 2977 257).

12 2989 181 3072 ltegulares
202 2986 374 3050 confessarii
389 2989 516 3067 possunt
528 2983 700 3065 dispensare
715 2985 746 3046 in
759 2986 834 3047 votis
847 3003 989 3067 quorum·

12 3094 151 3159 :umque
161 3073 297 3138 fidelium
307 3075 385 3137 intra
395 3079 517 3136 etenira
530 3071 762 3152 confessionem,
777 3091 815 3136 ex
826 3073 915 3138 scriis
928 3076 988 3156 pri·

12 3167 133 3248 ilegiis
147 3167 190 3241 (S.
206 3164 341 3246 Liguor.,
357 3163 420 3243 it).

52 3255 209 3318 Eamdem
229 3253 397 3316 lacultalem
418 3251 531 3314 habent
552 3251 653 3332 Legati
672 3251 691 3314 ἀ
712 3251 821 3314 Latere
837 3263 868 3314 et
885 3250 987 3313 Nuntii

12 3343 185 3429 lpc'stolici
195 3339 228 3404 in
237 3341 716 3417 Provinciasibicommissa3item
725 3339 988 3423 Capitulum,Sede

12 3439 160 3510 meante,
176 3437 207 3494 et
228 3430 358 3495 uhtaus
371 3429 571 3514 episcopalem
584 3427 820 3509 jurisdictionem
833 3429 985 3491 habentes.

51 3520 166 3596 Quoad
191 3525 367 3602 potestatem
384 3517 581 3600 superiorum
602 3517 811 3599 religiosorum
830 3518 911 3580 circa
922 3521 988 3579 vota

12 3611 247 3692 ulrjccturunr,
262 3608 328 3671 ride
341 3607 420 3671 dictu
433 3625 523 3688 supra
545 3609 749 3685 (scot-3073).
