2420 3968
172 241 232 304 592
395 255 533 301 urrunnu
553 253 653 299 rorrus
672 253 754 298 runis
774 253 921 300 canorum.

174 378 189 416 n
214 352 360 438 generalis
373 350 508 414 Indicis..
524 355 554 413 et
568 349 639 432 quid
655 348 692 411 de
706 347 771 410 aliis
784 346 868 410 libris
881 348 1148 426 benedictionum,

176 443 390 506 »habentibus
417 439 542 522 quidem
569 438 701 522 aliquam
723 437 993 526 approbationem,
1018 445 1064 500 ast
1088 457 1151 500 non

175 555 190 592 ι
214 532 295 593 illam
308 531 393 594 istius
408 531 568 592 Sacrorum
575 527 1057 608 RituumGongregationist—S.
1074 529 1151 589 Con-

175 643 191 681 »
214 619 347 702 gregatio
358 619 495 682 censuit:
508 617 559 680 itti
571 615 627 679 soli
635 615 709 678 tion
715 615 875 688 adhibendi
882 622 913 680 et
921 616 954 677 in
963 615 1024 678 illis
1031 618 1151 679 tantum

176 729 192 771 r
215 707 474 772 benedictionibus
492 725 561 789 quar
576 704 694 768 nitran·
706 724 825 766 romono
837 715 908 767 sant
922 705 1098 787 conformes.
1113 729 1129 764 s

215 797 270 860 Die
283 803 302 859 't
317 803 392 879 sept.
409 797 499 874 1850,
514 798 531 858 d
546 799 576 858 S.
594 797 629 857 R.
645 796 795 876 Congreg.
811 794 933 857 directae
953 801 1026 857 sunt
1044 795 1153 858 littere

176 887 215 950 ad
228 888 413 969 Episcopum
426 889 607 948 trecensem
622 885 662 962 (in
677 883 784 963 Gallia)
800 885 831 944 in
849 883 961 966 quibus
979 882 1152 947 decernitur

178 975 418 1038 benedictionem
437 973 622 1036 sanctissimi
640 973 824 1034 sacramenti
842 989 909 1034 esse
928 970 1063 1034 dsndam
1084 973 1151 1036 abs-

109 1127 112 1132 ,
178 1083 238 1147 quc
251 1070 359 1142 cantu,
377 1071 406 1127 et
424 1061 542 1126 additur
562 1081 570 1123 ε
590 1064 657 1124 aln
677 1064 732 1140 et,
748 1059 870 1122 Bitonis
887 1060 1052 1124 Romanum
1071 1064 1152 1144 arjos

179 1177 195 1214 a
219 1153 295 1235 Iepes
302 1151 498 1215 universalem
511 1151 651 1233 afficiunt
664 1148 839 1227 Ecclesium,
848 1149 964 1230 inteprd
972 1157 1118 1214 cerretum
1135 1175 1148 1210 ι

179 1242 322 1306 Consulto
341 1241 494 1303 tardema
514 1241 549 1300 Ι).
565 1239 664 1300 Lottin
684 1237 836 1300 Canonioo
856 1239 1101 1317 cenomanensi,
1115 1260 1151 1302 an

62 1362 66 1370 ·
179 1331 346 1394 sacerdotes
376 1329 509 1410 possint,
543 1328 636 1391 otest
667 1327 874 1404 conscientia,
904 1326 1071 1409 intringere
1105 1339 1152 1392 aut

178 1421 316 1482 omittere
326 1417 447 1479 Ritnole
460 1417 635 1494 Romanum,
649 1417 794 1480 tolerante
806 1415 853 1478 vel
867 1416 1060 1498 permittente
1071 1419 1152 1500 Epis

178 1525 255 1588 copo
268 1513 320 1570 aut
327 1505 413 1568 aliter
426 1511 591 1582 statuente,
603 1510 635 1569 S.
647 1508 683 1570 R.
696 1509 844 1588 congreg.
857 1552 865 1583 ‚
882 1509 920 1567 tt)
926 1506 1047 1585 januar.
1063 1511 1150 1578 isse.

178 1595 332 1678 respondit
349 1594 520 1678 :Napetinei
544 1603 574 1657 ct
595 1595 723 1679 ampitio
744 1597 764 1656 ¹.
787 1597 867 1676 Ergo
886 1594 948 1656 rim
967 1595 1043 1678 legis
1065 1595 1150 1659 babet

180 1685 300 1748 Ritnale
313 1685 474 1748 Romanum
487 1733 495 1761 ,
510 1685 600 1747 etiam
622 1685 654 1746 in
675 1683 854 1746 dioecesibus
871 1683 902 1745 in
921 1683 1034 1764 quibus
1054 1694 1152 1749 essent

180 1774 307 1838 Ritualia
322 1774 453 1857 propria.
469 1770 690 1855 Respondendo
711 1779 811 1834 autem
825 1772 862 1834 ad
884 1771 1151 1856 brebiepiscopum

180 1863 388 1928 Maniliensem
402 1863 458 1924 sibi
472 1863 588 1944 placere
602 1861 854 1924 introductionem
868 1861 1002 1923 Ritnnlt's
1014 1861 1148 1942 Romam,

181 1952 307 2014 minime
327 1955 418 2014 Sacra
440 1951 636 2032 Congregatio
650 1949 780 2013 intendit
797 1950 852 2032 ipsi
875 1957 926 2012 aut
943 1951 1010 2013 aliis
1027 1953 1145 2034 Epism

181 2040 227 2120 pis
248 2041 420 2122 relinquere
447 2039 614 2102 libertatem
640 2039 714 2102 iilud
741 2057 803 2102 non
830 2038 1007 2102 admittendi
1019 2061 1028 2117 ;
1056 2049 1091 2104 et
1114 2043 1147 2104 s'c

179 2127 378 2210 respondetur
398 2129 493 2190 tertiae
514 2127 751 2191 adversariorum
774 2128 901 2206 rationi;
916 2127 1039 2210 allegari
1065 2132 1148 2194 etiem

180 2222 281 2297 posset
299 2215 468 2279 Concilium
481 2219 652 2278 Romanum
666 2217 737 2280 anni
761 2221 856 2294 1725,
872 2217 917 2279 tit.
934 2221 991 2294 t5,
1008 2218 1054 2280 ne
1069 2219 1150 2283 Cele-

183 2304 312 2368 brotione
325 2306 440 2376 missoe3
455 2305 508 2366 sed
522 2323 613 2386 supra
626 2306 718 2368 relata
731 2305 897 2386 sufficiunt,
912 2311 942 2368 et
955 2323 995 2369 ex
1012 2306 1060 2370 bis
1073 2315 1150 2371 certa

181 2393 296 2456 videtur
315 2391 449 2456 scouma
469 2395 625 2456 sententia.
644 2394 718 2457 Vide
733 2395 827 2457 Bouix
847 2394 914 2474 (ib,
935 2413 967 2476 p.
992 2399 1145 2476 302-309);

182 2483 269 2545 Card.
284 2483 426 2560 Gousset,
440 2482 619 2564 disposition
632 2482 680 2545 des
690 2484 857 2566 principes,
872 2490 944 2562 etc,
961 2493 995 2546 u⁰
1016 2489 1089 2552 stt.

599 2669 680 2733 ΛΒΤ.
703 2669 747 2732 lv.

417 2812 455 2858 nr
475 2811 666 2858 ncorrruonc
687 2811 777 2858 nrvmr
798 2811 913 2862 onnon.

634 2973 652 3054 ᾗ
671 2976 694 3037 l.

209 3107 289 3186 Ouid
304 3109 346 3170 sit
365 3115 394 3170 et
414 3109 517 3190 quibus
532 3111 671 3192 portibus
690 3118 799 3174 renutet
818 3111 950 3176 divinam
971 3113 1105 3199 officiam.

221 3263 311 3322 cors.
335 3258 395 3321 Per
415 3258 556 3341 Officium
575 3260 708 3324 divinum
730 3261 940 3344 intelligitur:
957 3263 1063 3328 Formo
1079 3259 1142 3322 na-

181 3343 273 3405 dondr'
284 3353 314 3406 et
320 3345 461 3425 precandi
470 3347 563 3408 Deum
571 3349 609 3409 ob
619 3350 755 3412 Ecclesia
765 3351 903 3413 instituto
915 3359 951 3414 nt
958 3357 1140 3436 perciperetur

182 3431 274 3509 ipsius
285 3433 399 3494 nomine
413 3454 423 3494 .·
439 3443 630 3516 nuncupatur
646 3437 786 3518 Officium
799 3439 932 3502 divinum
954 3443 1024 3523 quin
1041 3438 1139 3520 preci-

182 3573 295 3688 ⁶¹1:thae
311 3575 385 3625 rerba
395 3581 420 3626 st
431 3577 537 3638 emptor
552 3579 692 3642 significant
703 3599 755 3632 non
770 3585 875 3651 amplibr
894 3600 950 3639 asso
958 3585 1137 3652 propomam
