2420 3968
432 222 518 274 omen
537 221 694 272 saturnus.
975 211 1033 273 613

78 337 207 406 expresso
220 323 251 386 in
265 325 383 386 Extrav.
405 320 498 385 Ducta
510 323 610 398 unica,
626 319 661 383 de
674 319 737 383 oitd
750 327 779 386 et
793 321 902 386 lronest.
918 325 1033 405 cleric,

78 411 123 475 ubi
146 413 269 494 loquens
290 411 329 474 de
349 409 563 487 consonantiis,
583 409 719 473 Pontifex
742 411 875 475 insinuat
895 431 946 476 eas
969 431 1035 476 esso

78 501 270 579 adhibendas,
299 499 397 563 dicbus
418 499 568 582 precipui
589 498 778 580 solemnibus,
802 503 873 584 qula
900 502 1035 564 auditum

78 589 241 662 demulcent,
257 591 433 654 devotionem
443 598 623 674 prouocant;
636 589 827 655 solummodo
839 593 952 656 abusus
965 613 1035 676 pro-

77 679 179 744 hibitus
191 681 266 743 fuit:
282 681 410 762 ideoque
428 679 460 742 in
482 679 587 742 eidem
606 682 725 742 Extrav.
741 681 928 763 improbatur
941 702 1037 766 genus

70 769 192 832 ¹musione
205 789 266 852 quo
280 771 406 834 omnine
420 768 605 832 deformatur
622 763 653 831 et
674 769 837 834 offuscatur
850 779 956 838 oannrs
972 774 1036 858 pla-

78 876 129 921 nus
143 879 151 935 ;
166 859 235 925 huic
248 859 411 924 concordat
425 877 522 921 canon
541 857 698 922 Cantantes
713 862 749 938 1,
768 859 837 922 dist.
853 865 909 940 92,
924 863 976 925 ubi
990 863 1036 926 di·

77 948 147 1009 citur
162 969 170 1010 ι
189 951 374 1016 «Cantantes
383 949 415 1008 in
424 947 557 1010 cordibus
566 949 671 1010 uestris
684 948 809 1010 Dnmino
819 969 831 1012 .·
840 951 1038 1017 audianthaee

78 1059 90 1094 a
112 1038 335 1116 adolescentuli3
347 1039 469 1100 audiant
482 1038 503 1099 ii
514 1037 625 1118 quibus
633 1037 779 1120 psallendi
789 1039 821 1100 in
835 1041 961 1104 ecclesia
971 1042 1032 1104 offi-

78 1149 90 1182 ιι
113 1127 190 1190 cium
204 1137 286 1192 est...
302 1131 364 1192 Nee
375 1129 407 1190 in
426 1127 628 1208 tragoedorum
642 1127 767 1190 modum
781 1134 883 1210 guttur
896 1137 925 1192 et
937 1131 1040 1195 fauces

78 1239 90 1272 n
113 1216 188 1280 dulci
212 1219 414 1282 medicamine
435 1215 575 1277 liniendae
597 1221 687 1294 sunt,
708 1223 742 1280 ut
759 1216 790 1279 in
811 1217 936 1282 ecclesia
954 1219 1037 1284 thea-

79 1329 91 1362 »
112 1307 196 1370 trales
206 1309 289 1371 modi
299 1307 459 1370 audiantur
470 1305 621 1368 etcantica
631 1351 639 1385 ,
650 1306 703 1368 sed
716 1307 747 1367 in
758 1307 866 1371 timore
876 1317 905 1372 et
915 1310 1039 1374 scientia

78 1417 91 1454 o
111 1397 369 1481 scripturarum.»

113 1489 278 1552 Concilium
293 1490 385 1551 etiam
406 1486 539 1550 Trident.
561 1485 646 1566 (sess.
669 1491 723 1566 22,
744 1486 899 1554 deolsero.
922 1499 952 1553 et
971 1493 1039 1574 uit.)

78 1577 204 1659 precipit
217 1585 252 1641 ut
274 1578 342 1640 nal)
362 1577 534 1641 ecelesiis...
550 1577 681 1638 musicas
701 1593 752 1638 eas
765 1577 837 1652 ubi,
854 1580 914 1643 sire
928 1599 1041 1663 organo

77 1687 88 1723 o
111 1669 171 1729 sive
185 1673 295 1736 cantu,
314 1663 465 1725 lascivum
482 1664 710 1742 autinrpurum
723 1664 842 1746 aliquid
860 1670 1045 1732 miscetur...

78 1779 89 1810 ι
110 1765 234 1818 arceant
252 1751 437 1836 (Episcopi),
456 1761 490 1814 ut
502 1749 678 1814 domusDoi
692 1751 1049 1821 veredornusorationis

76 1869 89 1900 ι
109 1863 176 1907 osso
189 1847 336 1907 rideatur
357 1853 387 1904 rt
402 1841 515 1920 possit.
538 1863 553 1896 »

114 1935 199 1997 uttt.
216 1934 258 1998 Ut
273 1929 346 1994 vero
359 1932 470 1993 musici
487 1930 568 1992 intra
583 1929 769 2010 hujusmodi
781 1929 896 1996 limites
906 1936 1050 2002 contina-

75 2035 188 2102 rentur,
206 2023 351 2087 instituta
365 2020 424 2083 fuit
447 2025 464 2081 a
483 2019 536 2083 Pio
554 2020 592 2084 tv
611 2020 791 2084 commissio
804 2023 894 2106 cujus
909 2025 1051 2107 parsluit

81 2109 107 2168 S.
122 2111 258 2187 Carolus,
271 2110 304 2170 in
317 2111 377 2190 qua
385 2107 582 2170 deliberatum
597 2106 652 2169 fuit
661 2125 700 2168 an
714 2107 752 2170 ad
765 2107 933 2172 decentiam
946 2112 1045 2176 cultus
1069 2171 1072 2176 i

81 2197 164 2261 divini
176 2217 241 2262 non
249 2197 401 2278 expediret
410 2197 582 2259 musicama
593 2196 684 2259 sacris
693 2197 798 2260 officiis
807 2200 933 2263 omnino
943 2201 1045 2265 exclu-

80 2285 157 2352 dere.
184 2293 209 2351 Α
231 2287 310 2349 dicta
333 2287 545 2349 commissione
567 2293 689 2349 vocatus
711 2287 767 2350 fuit
786 2289 919 2354 loannes
941 2293 1046 2355 Petrus

81 2376 219 2459 dloysius
245 2376 447 2439 Praenestinus
470 2375 679 2455 (Palestrine).·
705 2379 857 2460 petitoque
880 2380 919 2441 ab
946 2399 982 2442 eo
1006 2399 1044 2443 an

81 2474 176 2546 posset
188 2466 294 2530 haberi
308 2466 423 2528 musica
436 2483 505 2547 quae
524 2464 554 2525 in
571 2465 704 2526 ecclesiis
724 2469 935 2530 convenienter
947 2476 1047 2550 posset

80 2554 193 2635 audiri,
215 2555 288 2618 etin
304 2556 364 2636 qua
378 2554 468 2617 verba
481 2553 620 2615 distinete
635 2553 888 2632 intelligerentur,
910 2561 971 2619 tres
984 2559 1047 2638 ipse

81 2645 184 2708 missas
197 2645 383 2727 composuit,
398 2661 467 2725 quae
480 2641 684 2704 commissioni
694 2640 733 2702 ita
747 2641 924 2722 placuerunt
933 2650 967 2706 ut
978 2665 1047 2727 pro-

82 2735 210 2812 positum
222 2734 360 2798 exulandi
377 2733 524 2796 musicam
537 2731 555 2792 a
568 2729 675 2791 divinis
689 2729 794 2792 officiis
802 2730 952 2810 abJectum
965 2733 1046 2797 fuid.

121 2829 210 2888 5172.
223 2825 328 2886 Postea
338 2829 449 2894 autem,
462 2838 573 2902 nempe
584 2823 622 2882 22
633 2837 697 2900 apr.
710 2823 798 2896 1651,
817 2820 983 2886 Alexander
997 2825 1046 2886 Vll

83 2911 206 2976 Litteras
221 2912 405 2995 Apostolioas
422 2909 514 2973 edidit
528 2909 638 2991 quibus
656 2909 736 2972 cirea
748 2909 896 2972 musicam
909 2913 965 2974 tria
978 2931 1047 2976 san-

83 3004 152 3066 civit
170 3003 270 3085 quoad
289 3001 430 3064 eeclesias
447 3003 615 3076 Romanas,
635 2997 793 3063 videlicet:
819 3003 851 3062 1⁰
871 3005 906 3064 ut
923 3001 997 3064 nihil
1017 3004 1049 3065 in

84 3093 126 3153 eis
144 3097 302 3155 caneretur
322 3091 379 3152 nisi
393 3094 559 3152 extractum
580 3090 598 3150 a
617 3087 748 3166 Missali,
762 3087 809 3150 vel
831 3107 868 3152 ex
882 3088 1047 3171 Breviorio,

85 3187 134 3242 aut
157 3182 181 3242 si
200 3184 218 3244 a
238 3180 390 3263 Scriptura
413 3181 501 3242 Sacra
521 3177 568 3240 vel
586 3179 639 3241 SS.
663 3177 800 3241 Patribus
819 3177 1048 3261 decerperetur,

87 3270 205 3332 nonnisi
229 3269 427 3351 approbatum
449 3270 467 3330 a
487 3269 517 3330 S.
540 3267 688 3349 Congreg.
710 3267 786 3344 Rit.;
814 3271 846 3330 2⁰
871 3275 905 3332 ut
926 3269 1051 3334 omnino

118 3418 127 3447 ¹
145 3413 345 3468 Praestantissima
359 3413 455 3465 illarum
468 3413 596 3464 missarum
606 3417 692 3463 vocata
709 3412 755 3462 iuit
768 3429 773 3462 :
786 3413 861 3480 rapa
868 3415 991 3476 Marcelli,
1002 3429 1052 3466 non

89 3487 119 3540 ed
131 3489 197 3555 quod
213 3493 324 3554 ternpore
342 3485 415 3551 hujus
427 3485 453 3536 S.
467 3485 592 3536 Pontideis
609 3483 683 3534 suerit
696 3486 843 3549 composita,
857 3491 885 3533 ut
896 3485 959 3534 malt
970 3486 1052 3536 aredi-

89 3557 347 3694 *pllftlllllrfflaejfed
365 3562 464 3622 propter
475 3569 504 3608 aa
520 3571 575 3622 que
587 3555 739 3620 explicantur
748 3554 778 3604 ab
791 3554 914 3606 annuetis
924 3553 976 3614 (31·
987 3553 1050 3602 tior„
