2482 3944
213 261 232 322 6
431 291 569 341 ulutatu
588 290 689 338 tortus
708 289 790 336 tuuis
810 287 960 337 aaronita.

214 390 404 466 nalurae,ita
427 395 460 454 ul
482 389 635 452 dubitetur
655 407 694 450 an
717 388 875 469 qualitates
896 387 958 452 vini
980 387 1133 452 amiserit:
1148 405 1183 451 er

213 481 331 542 rubrica
345 479 426 541 enim
440 479 548 541 suflicit
561 478 642 559 qudd
653 479 758 540 vinum
772 478 897 559 incipiat
909 496 1063 554 acescerc;
1080 483 1185 558 praete·

213 587 281 643 rea,
297 568 418 650 quando
432 567 585 630 dubitatur
599 585 638 628 an
656 565 761 628 vinum
783 567 939 648 qualitates
952 566 1014 628 viui
1033 566 1183 642 amiserit,

213 656 303 718 dubia
321 664 366 718 est
379 655 586 730 consecratio,
602 654 676 717 dum
692 656 723 717 in
738 673 810 718 casu
825 655 964 736 praesenti
979 653 1098 716 rubrica
1112 672 1185 733 sup-

210 746 297 826 ponit
310 751 423 808 certam
442 763 508 806 esse
526 743 782 806 consecrationem
795 765 803 819 ;
814 761 886 823 ergo
897 791 904 819 ,
915 743 1000 822 juxta
1013 741 1163 804 rubricam
1176 787 1184 818 ,

213 841 370 913 peccatum
387 840 432 896 est
450 833 595 906 mortale,
614 831 730 894 etiamsi
745 833 849 894 vinum
872 849 935 894 ηοη
955 830 993 893 sit
1013 831 1185 913 proximum

213 922 287 984 aceti
303 929 432 996 riuturae,
447 923 487 983 ila
498 928 531 982 ut
544 919 717 996 dubitetur,
733 927 790 982 etc.

253 1013 343 1074 3363.
367 1005 1186 1089 DicitautemS.Ligucriusinvinoaeescenteconside·

213 1097 521 1179 randosessegradus,
529 1097 603 1160 alios
613 1103 707 1173 extra,
717 1097 790 1160 alios
801 1097 961 1161 intraviam
971 1095 1184 1177 corruptionis,

214 1197 243 1248 et
257 1187 382 1269 proinde
393 1185 559 1261 rubricam,
569 1187 652 1264 juxta
662 1187 693 1248 S.
702 1186 868 1264 l'homam,
884 1184 1109 1268 intelligendam
1122 1201 1187 1246 esse

215 1276 335 1356 quando
349 1277 452 1337 vinum
462 1275 507 1336 val
523 1279 610 1356 panis
624 1277 778 1358 ingressus
791 1283 836 1338 est
848 1276 1050 1358 corruptionis
1066 1273 1184 1351 limites,

216 1365 254 1424 ita
267 1371 298 1426 ul
321 1364 358 1426 ad
373 1363 555 1446 principium
578 1365 752 1427 acrimoniae
766 1365 933 1427 accesserit.
957 1364 1046 1426 Addit
1064 1363 1187 1443 insuper

216 1452 363 1514 Lambert.
388 1469 460 1514 cum
481 1455 612 1529 literato,
628 1458 700 1530 etc,
716 1453 832 1534 quddn
855 1454 879 1515 si
899 1459 1005 1534 urgeat
1025 1452 1187 1513 necessitas

214 1563 228 1599 a
253 1541 463 1603 celebrandi...
479 1547 584 1603 elnon
600 1543 682 1604 sitin
699 1561 806 1605 eorum
822 1541 873 1626 (de
887 1540 1074 1623 regularibus
1094 1539 1189 1620 loqui·

214 1651 228 1687 η
254 1631 313 1712 tur)
326 1635 471 1711 potestate
486 1629 567 1690 aliud
580 1630 684 1693 vinum
701 1629 829 1706 haltere,
846 1649 908 1692 non
927 1635 1053 1710 peccunt
1075 1627 1188 1690 subditi

215 1741 228 1777 η
253 1737 290 1780 eo
309 1719 379 1781 vino
399 1725 569 1794 utentes...;
587 1727 618 1780 et
639 1723 777 1800 quamvis
797 1720 846 1781 tali
870 1721 940 1780 vino
960 1719 1002 1780 uti
1026 1717 1064 1778 sit
1082 1724 1188 1779 contra

214 1830 229 1865 o
254 1808 450 1870 reverentiam
466 1807 607 1870 sacrificii
621 1855 629 1886 ,
645 1825 680 1870 ea
693 1816 794 1870 tamen
810 1806 999 1870 irreverentia
1015 1824 1077 1867 non
1091 1805 1189 1887 impu·

214 1918 228 1954 o
254 1903 332 1958 tatur
344 1897 523 1975 celebranti,
536 1895 588 1958 sed
602 1899 748 1978 superiori
762 1899 806 1959 vel
822 1895 959 1958 ministro
973 1895 1025 1976 qui
1040 1903 1084 1956 est
1098 1913 1190 1957 eausa

214 2006 228 2042 r
254 1986 419 2047 voluntaria
435 1987 555 2047 illius.»
575 1985 674 2065 (Apud
690 1988 721 2047 S.
739 1986 872 2066 Lignea,
889 1984 939 2046 lib.
957 1987 997 2060 6,
1013 1987 1047 2044 η0
1059 1987 1144 2062 aut.)

254 2075 343 2134 3364.
357 2073 387 2133 Si
399 2077 466 2152 post
478 2074 736 2134 consecrationem
747 2072 886 2136 sacerdos
896 2073 1059 2154 prudenter
1073 2072 1190 2135 dubitet

215 2177 253 2220 an
267 2159 370 2220 vinum
384 2160 473 2221 luerit
484 2177 587 2220 verum
601 2166 735 2236 acetum,
752 2179 813 2222 non
827 2161 1012 2222 concordant
1026 2163 1088 2222 DD.
1107 2161 1139 2222 in
1154 2179 1190 2223 eo

215 2248 297 2327 quod
310 2255 383 2310 ωηο
395 2249 433 2310 sil
446 2247 665 2310 obseruandum
682 2267 689 2308 ε
707 2249 907 2329 putatverdS.
924 2249 1081 2330 Lignorius
1096 2255 1188 2327 lunc,

215 2337 304 2398 etiam
325 2336 669 2418 postcommunionem,
685 2337 884 2418 supplendam
902 2355 967 2400 esse
987 2340 1189 2401 consecratio-

215 2444 304 2502 nem;
320 2425 371 2486 sed
388 2443 498 2486 novum
513 2425 616 2486 vinum
630 2431 704 2488 tunc
720 2445 781 2488 ηοη
795 2445 860 2489 esse
874 2425 1117 2489 consecrandum
1133 2427 1191 2491 nisi

216 2513 273 2575 snb
290 2512 477 2590 conditione,
493 2531 532 2576 ne
547 2520 714 2594 exponatur
729 2516 863 2596 periculo
877 2514 1005 2578 faciendi
1019 2516 1191 2578 secundum

216 2601 638 2686 sacrificiuminccmpletum,
649 2603 673 2664 si
687 2605 784 2667 valida
798 2611 876 2668 esset
884 2604 1069 2668 consecratio
1080 2605 1192 2686 prioris

215 2691 287 2752 vini.
303 2691 346 2772 (S.
364 2693 498 2773 Lignor,
515 2693 569 2769 id,
586 2691 627 2754 n¹·
641 2696 800 2772 aua-208.)

254 2781 380 2862 Insuper
398 2781 510 2858 Gobat,
529 2781 639 2860 Groix,
661 2788 733 2860 etc,
753 2781 948 2864 probabiliter
960 2779 1068 2844 dicunt
1086 2783 1190 2864 qudd,

215 2868 374 2932 deficiente
388 2869 447 2932 alio
460 2871 546 2944 vino,
563 2870 647 2932 liceat
662 2872 728 2934 sine
742 2872 903 2953 scrupulo,
920 2879 1008 2953 prout
1022 2871 1123 2933 solent
1136 2873 1191 2934 viri

216 2957 323 3039 probi,
338 2957 479 3019 adbibere
493 2958 596 3020 vinum
615 2962 732 3022 tantbm
747 2978 855 3042 parum
875 2977 1035 3036 acescens,
1051 2960 1113 3022 sivo
1129 2978 1193 3023 ηοη

217 3045 387 3107 notabiliter
399 3045 536 3123 acidum;
551 3045 726 3131 adduntque
741 3051 829 3130 Spor.
843 3058 873 3111 et
882 3051 1009 3112 Mazzola
1023 3048 1103 3130 qubd
1119 3097 1127 3128 ,
1146 3069 1195 3112 ur·

216 3141 305 3212 gente
319 3133 399 3214 gran
414 3135 609 3214 necessitate,
625 3135 741 3201 licitum
755 3141 793 3200 sit
807 3138 849 3201 uti
863 3138 934 3200 vino
953 3136 1052 3201 adhuc
1071 3140 1194 3202 notabi-

217 3223 285 3282 liter
297 3228 470 3300 acescente,
486 3224 577 3287 modd
591 3225 630 3287 sit
642 3233 758 3290 certum
773 3227 888 3289 vinum.

255 3312 346 3372 3365.
369 3311 604 3376 controvertitur
617 3332 656 3376 an
673 3316 777 3379 vinum
796 3315 988 3397 congelatam
1008 3315 1047 3378 sit
1065 3321 1196 3383 materia

217 3398 312 3461 valida
327 3418 335 3461 ε
350 3401 448 3463 verior
461 3411 563 3466 aulem
579 3403 695 3465 videtur
708 3405 855 3466 sententia
869 3405 1037 3481 atllrmans;
1053 3405 1093 3466 ita
1108 3411 1197 3470 enim

218 3489 327 3568 legitur
352 3490 383 3551 in
410 3491 555 3554 rubrica:
575 3515 590 3550 a
606 3493 635 3553 Si
652 3492 682 3552 in
698 3491 806 3572 hyeme
824 3494 948 3574 sanguis
970 3494 1149 3574 congeletur
1165 3497 1197 3558 in

218 3599 233 3634 o
257 3578 367 3652 calice,
393 3579 558 3641 involvatur
576 3581 652 3641 calix
675 3581 783 3662 pannis
804 3581 975 3660 calefactis,
998 3590 1068 3658 atc.;
1093 3582 1198 3648 donee

219 3687 233 3724 a
258 3665 402 3744 liquefiat.
424 3687 440 3724 a
464 3667 545 3746 Ergo
567 3670 710 3748 supponit
731 3669 851 3732 rubrica
873 3687 929 3752 per
949 3669 1197 3752 congelationem
