2498 3966
290 272 375 316 niuea
398 270 556 316 secundus.
580 285 619 299 -
640 268 828 315 arreuorces.
979 254 1036 314 rm

422 423 615 482 areanum
628 419 656 481 X

205 557 290 602 claua
311 555 478 602 slmutaram
508 555 733 600 ,casoturlon'nlt
754 555 919 602 courllclS.

455 645 501 706 (ld
516 657 570 708 pag.
585 642 651 706 loa.)

122 804 251 870 ¹Certum
261 809 390 890 quidem
401 815 448 870 eet
457 808 549 870 illum
561 806 789 868 confessarium
798 823 862 868 non
875 805 1037 869 incurrere

93 899 446 960 excommunicationem
458 898 489 960 in
503 899 607 958 Gonet.
622 892 810 983 Apostolicae
824 893 924 968 Sedis,
937 913 969 956 n.
987 896 1036 972 10,

91 987 167 1049 inter
194 987 377 1067 specialiter
404 993 581 1048 reservatas
609 991 841 1057 enumeratam,
869 985 924 1064 qui
951 1003 1037 1046 com-

93 1077 201 1154 plicem
216 1081 248 1140 in
265 1077 417 1138 tribunali
432 1075 569 1150 audiret,
586 1081 620 1152 et¹
632 1075 738 1136 statim
751 1075 965 1150 remandaret,
981 1092 1038 1137 nec

92 1161 1039 1244 absolvens,necabsolutionemsimulaue.lltquidquidS.Li-'

89 1257 195 1331 guacio
210 1259 257 1338 (n.
269 1257 349 1318 3866
364 1255 430 1338 cit.)
442 1255 547 1316 visum
562 1253 614 1332 sit,
631 1253 804 1315 tenendum
817 1257 867 1315 est
878 1250 968 1314 illam
984 1272 1038 1314 en·

90 1347 407 1408 communicationem
420 1363 483 1407 non
496 1343 588 1406 vitari
608 1344 648 1404 ab
663 1343 717 1403 illo
730 1342 782 1420 qui
791 1341 922 1404 simulat
935 1361 969 1404 ee
984 1343 1039 1404 ab·

89 1434 213 1498 solvere.
227 1435 517 1515 luterrogataenim
533 1433 564 1494 S.
579 1432 829 1508 Poenitentiaria,
853 1431 905 1494 die
920 1435 933 1492 1
952 1450 1037 1496 mar·

90 1523 227 1604 1111878,
250 1525 416 1606 respondit
439 1543 479 1586 :a
501 1523 719 1588 Conlessarios
733 1520 923 1584 simulantes
950 1523 1038 1584 abeo·

87 1613 236 1680 lotionem
251 1615 412 1694 complicis
433 1613 465 1673 in
483 1625 613 1690 peccato
637 1611 735 1688 turpi,
751 1629 813 1670 uon
827 1609 966 1690 effugere
982 1630 1037 1673 ex·

88 1706 406 1768 communicationem
428 1708 620 1762 reservatam
636 1700 667 1760 in
689 1698 780 1759 bulla
792 1699 951 1761 Benedicti
973 1703 1038 1762 XlV

87 1789 313 1856 Sacramentum
327 1789 567 1855 Paenitentia».
589 1791 625 1850 Et
642 1789 681 1849 cl.
697 1787 728 1849 S.
746 1787 778 1848 C.
793 1787 911 1867 lnquis.
926 1788 977 1849 die
1000 1792 1039 1851 10

87 1881 222 1946 decemb.
239 1884 327 1946 1883.

122 1980 291 2055 Praeterea,
303 1979 448 2061 quemvis
458 1979 487 2042 S.
498 1975 747 2048 Paenitentiaria,
758 1975 808 2039 die
819 1977 857 2036 18
871 1975 944 2038 maii
961 1977 1037 2039 1871

87 2071 320 2151 respondisset:
347 2095 359 2126 ι
378 2069 595 2132 Privationem
607 2065 839 2145 jurisdictionis
853 2066 1038 2128 absolvendi

88 2181 99 2211 ι
116 2159 302 2242 complicem
316 2159 348 2220 iu
362 2164 492 2238 peccato
504 2157 589 2235 turpi
602 2160 633 2216 et
647 2155 804 2218 adnexam
819 2157 1038 2217 excommuni-

87 2251 288 2324 rcationem,
318 2255 475 2328 quatenus
507 2243 724 2308 confessarius
743 2245 833 2306 illum
852 2243 1036 2325 absolverit,

88 2357 99 2388 r
114 2355 180 2402 esse
194 2343 229 2402 in
244 2337 355 2402 ordine
368 2338 409 2400 ad
423 2336 527 2416 ipsum
537 2341 701 2415 peccatum
718 2341 824 2414 turpe,
834 2333 866 2394 in
880 2353 941 2412 quo
952 2335 1037 2398 idem

88 2458 97 2487 ι
114 2429 331 2494 Confessarius
351 2425 497 2505 complex
514 2426 571 2486 luit
587 2449 601 2480 e
616 2443 623 2497 ;
640 2425 813 2484 dictamen
832 2424 869 2484 19
884 2423 1037 2486 februarii

85 2523 170 2598 1898,
201 2519 398 2600 approbante
434 2513 529 2576 SSmo
541 2515 609 2574 Dno
624 2513 737 2573 Nostro
753 2514 858 2574 Leone
874 2511 933 2572 ΡΡ.
954 2513 1034 2590 lllll,

84 2611 255 2674 declaravit
283 2627 290 2670 :
322 2631 336 2664 e
367 2602 734 2667 Excommunicationem
768 2605 967 2663 reservatam
1005 2601 1036 2663 in

87 2701 199 2764 ·Bulla
215 2699 452 2760 Sacramentum
462 2691 656 2755 Poeaitcntia’
667 2707 733 2764 non,
745 2689 885 2770 effugere
909 2692 1036 2753 confes·

85 2813 96 2845 ι
112 2792 211 2852 serios
227 2787 429 2850 absolventes
439 2783 489 2847 vel
504 2784 665 2862 lingentes
678 2779 846 2842 absolvere
860 2797 933 2842 eum
949 2799 1036 2842 com·

85 2882 237 2958 »plicam
268 2875 322 2958 qui
357 2870 670 2954 peccatumquidem
696 2867 928 2948 complicitatis,
944 2889 1037 2948 aquo

85 2992 98 3024 o
113 2970 252 3032 nondum
282 2971 330 3029 est
343 2964 522 3038 absolutus,
543 2979 605 3022 non
632 2960 813 3032 confitetur,
839 2959 895 3020 sed
907 2958 979 3021 ideo
993 2959 1037 3021 ita

85 3081 98 3114 u
114 3077 149 3121 se
166 3059 256 3138 gerit,
276 3056 351 3137 quia
365 3055 450 3118 adid
466 3049 685 3115 Confessarius
699 3049 902 3128 poenitentem
913 3047 1038 3110 induxit

84 3171 98 3202 u
114 3148 180 3210 sive
203 3149 334 3222 directe,
350 3146 417 3208 sive
430 3142 599 3205 indirecte.
620 3165 636 3197 »

453 3385 644 3406 Ἀ
