2474 3946
423 211 510 262 uum
530 213 686 262 suauuuua.
973 199 1031 264 tlt

124 309 189 373 auat.
205 310 329 383 uuaerit.
345 315 376 374 2⁰
393 312 439 373 hu
459 330 513 393 per
531 317 755 394 procuratorum
776 316 827 376 aut
845 330 899 396 per
921 311 1033 376 lrtterua

100 397 291 461 matrimonium
307 401 398 481 possit
412 400 573 463 contrahi?

122 483 189 568 ltcap.
199 490 356 550 l⁰Certum
366 495 412 550 est
422 489 647 552 matrimonium
655 492 882 571 poasecontrahi
898 509 953 574 per
966 509 1033 574 pro·

96 579 251 638 curatorem:
273 595 340 658 cap.
363 578 544 640 Procurator
559 581 598 656 9,
620 577 654 638 de
664 588 829 660 procurat,
849 581 881 643 in
895 586 939 658 6⁰,
963 599 1030 660 cap.

95 663 243 746 Potestquc‘a
262 672 294 728 et
315 684 382 748 cap.
409 666 466 742 Qui
488 667 583 748 facit,
600 666 636 728 dc
650 668 747 748 repul.
763 667 865 749 juris,
880 670 912 732 in
933 671 964 732 60
977 669 1032 747 (De

93 745 153 828 Syn,
168 751 221 816 lib.
239 757 294 826 l3,
309 773 376 836 cap.
398 758 460 832 23,
476 765 509 816 ιιο
523 758 572 835 9);
588 755 641 818 sed
655 755 693 816 ad
704 755 761 818 hoc
775 756 862 838 plura
875 758 1033 840 requirun-

93 842 140 898 tur:
153 846 181 904 l·
196 843 326 924 speciale
339 843 536 919 mandatum,
561 863 623 906 non
644 851 745 906 tamen
760 846 929 908 necessarid
943 846 1034 927 scrip-

92 927 135 990 hart
154 949 352 1012 expressum
382 931 490 995 suflicit
512 933 592 994 euim
622 939 655 993 ut
676 932 765 994 detur
784 941 950 1010 oretenus,
980 933 1033 996 sed

92 1019 240 1083 uaudatum
255 1020 455 1084 determinare
466 1021 555 1084 debet
569 1039 729 1102 personam
744 1040 815 1084 curn
832 1024 893 1104 qul
906 1029 951 1085 est
963 1041 1033 1084 con·

90 1105 243 1171 trahendum
256 1130 264 1186 ;
281 1111 311 1171 2⁹
321 1117 495 1191 procurator
506 1108 595 1172 debet
603 1129 657 1190 per
667 1129 699 1171 se
712 1110 905 1188 contrahere,
918 1111 973 1173 nisi
984 1111 1034 1174 ha·

88 1187 133 1256 lact
144 1197 295 1262 licentiam
305 1198 398 1262 alium
410 1198 449 1261 ad
459 1198 740 1281 hocsubdelegandi
753 1198 926 1262 :diuersitas
944 1202 1033 1264 sexrls

87 1295 127 1344 uon
136 1287 335 1368 requiriturin
346 1287 589 1368 procuratorrbus
598 1335 606 1364 ,
616 1288 738 1369 duoque
748 1307 847 1351 mares
857 1290 901 1352 rel
911 1289 979 1354 duae
994 1289 1034 1352 le-

86 1371 155 1438 uiore
167 1375 225 1440 hoc
245 1375 377 1439 officium
399 1395 504 1458 gerere
521 1381 666 1458 possunt;
682 1378 713 1439 30
728 1384 761 1440 ut
779 1378 954 1442 mandatum
970 1397 1032 1442 uon

85 1471 238 1542 revocetur,
252 1467 343 1528 etiam
357 1466 537 1544 mentaliter,
553 1473 621 1528 ante
635 1473 824 1529 momentum
842 1487 904 1550 quo
918 1475 1033 1531 contra·

84 1543 166 1630 hitur;
181 1557 214 1618 40
227 1561 403 1637 procurator
413 1555 523 1616 limites
533 1554 664 1618 mandati
679 1555 823 1618 excedere
834 1575 894 1618 non
909 1563 1007 1638 potest
1023 1577 1031 1619 :

83 1642 146 1704 unde
158 1643 182 1706 si
203 1642 335 1706 eorrditio
359 1643 529 1726 imponatur
547 1645 564 1706 h
582 1641 765 1720 mandante,
790 1651 824 1705 ut
841 1644 1034 1708 contrahatur

34 1777 36 1806 ,
82 1744 135 1792 curn
149 1731 199 1794 tali
212 1731 303 1811 dote,
318 1731 369 1794 tali
382 1740 518 1813 ternpore
529 1780 537 1810 ,
549 1737 606 1794 etc.
620 1779 629 1809 ,
644 1731 831 1794 inobservate
842 1733 1030 1808 conditione,

34 1813 35 1852 ³
82 1821 291 1884 matrimonium
306 1823 362 1884 erit
374 1821 509 1898 nullum;
523 1821 548 1882 si
562 1820 633 1882 verb
646 1818 778 1882 conditio
792 1819 930 1901 imposita
943 1821 1033 1884 etiam

80 1907 169 1989 tjure
191 1911 230 1973 sit
252 1910 412 1992 requisita,
440 1928 550 1992 nempe
572 1917 605 1971 ut
624 1927 685 1970 nun
703 1907 895 1971 contrahatur
915 1909 1034 1973 omissis

79 1995 340 2062 denuntiationibus
354 1999 419 2061 sine
432 1998 654 2079 dispensatione
668 1995 818 2079 Episcopi,
833 1995 963 2060 validum
977 1999 1034 2062 erit

79 2089 139 2150 tunc
160 2087 386 2150 matrimonium
404 2087 469 2150 sine
492 2087 549 2150 illis
569 2093 756 2149 contractum
773 2107 781 2164 ;
807 2088 838 2148 50
859 2096 1034 2168 procurator

79 2177 191 2252 probare
204 2175 295 2240 debet
307 2174 483 2238 mandatum
495 2175 625 2257 parocho
639 2183 668 2237 et
680 2174 815 2254 testibus,
831 2183 861 2238 et
874 2195 974 2240 coram
989 2179 1033 2241 eis

77 2265 251 2328 contrahere.

109 2355 148 2418 lle
161 2375 232 2418 casu
246 2374 308 2438 quo
322 2353 469 2416 mandans
491 2353 523 2414 in
537 2353 699 2415 amentiam
714 2353 858 2418 incideret
871 2363 1032 2438 antequam

76 2445 294 2507 matrimonium
308 2439 517 2519 contrahatur,
532 2440 599 2504 vide
612 2440 789 2523 Theologos,
801 2449 832 2506 et
844 2445 880 2506 D.
900 2446 1033 2508 Carriere

75 2531 131 2608 (ih,
148 2536 181 2595 ιιο
196 2537 277 2612 lta).

107 2618 751 2687 tuae-atPotestsrmuuermatcimontum
759 2617 1033 2700 contrahiperlittc·

75 2729 115 2773 ras
130 2732 137 2773 :
152 2720 182 2774 et
194 2719 281 2789 tune,
292 2710 369 2772 siuir
380 2707 617 2771 seribatleminac
627 2706 709 2767 seilli
719 2705 750 2766 in
764 2707 860 2767 virum
875 2705 991 2768 tradere
1004 2716 1034 2771 et

75 2808 220 2882 acceptare
235 2800 314 2862 illius
328 2813 521 2870 consensum,
537 2794 576 2857 ad
590 2794 769 2855 validitatem
784 2793 964 2855 matrimonii
975 2795 1034 2858 sul·

75 2885 128 2951 ficit
140 2897 174 2952 ut
187 2889 300 2952 lemine
313 2904 416 2950 coram
431 2885 561 2967 parocho
575 2889 606 2944 et
619 2881 742 2944 testibus
755 2882 867 2964 aperiat
881 2881 990 2947 litteras
1004 2891 1034 2948 et

75 2995 249 3042 consensum
264 2983 398 3059 praestan
414 2981 510 3058 potest
530 2971 620 3035 etiarn
643 2977 769 3052 utraque
787 2989 855 3053 pars
870 2971 972 3035 litteris
985 2993 1033 3037 ex-

75 3069 196 3145 primere
219 3083 309 3130 suurn
340 3080 523 3128 consensum
546 3067 577 3124 et
606 3061 841 3142 acceptationem
868 3068 1034 3128 consensus

73 3156 208 3235 alterius,
231 3162 262 3218 et
286 3153 393 3217 sufficit
416 3149 498 3234 qudd
516 3149 574 3213 illae
596 3148 700 3212 litterae
722 3149 853 3230 parocho
867 3158 896 3212 et
909 3153 1033 3217 testibus

74 3245 274 3308 exhibeantur.
288 3242 362 3306 Vide
377 3243 407 3305 S.
423 3240 558 3322 Liguor„
572 3237 624 3300 lib.
639 3241 670 3316 6,
686 3236 726 3299 ιιο·
741 3239 810 3315 885,
830 3242 904 3315 886;
920 3249 949 3304 et
965 3243 1033 3306 Car·

73 3334 143 3398 ciere
155 3383 163 3412 ,
177 3333 234 3410 it,
249 3332 290 3396 u'¹
307 3333 450 3395 tal-lta.

107 3425 173 3486 Non
188 3423 277 3486 debet
290 3430 389 3484 autem
403 3417 549 3502 parochus
562 3417 681 3498 propriu
696 3417 869 3480 auctoritate
882 3419 1032 3483 celebrare

73 3509 240 3590 hujusmodi
255 3509 461 3584 matrimonia,
477 3505 533 3567 nisi
548 3512 686 3586 ageretur
698 3504 737 3566 de
750 3505 957 3568 revalidatlone
974 3508 1033 3566 ttla·

73 3600 292 3670 trimonil,uaau
303 3615 366 3680 quo
374 3614 434 3658 unu
442 3612 511 3674 pars
520 3595 618 3655 renuit
626 3611 728 3654 coram
740 3593 869 3670 parocho
876 3609 908 3652 se
918 3591 1027 3650 sistere.
