2416 3954
392 133 477 215 traua
498 165 654 214 succubus.
953 157 1012 218 385

45 259 130 326 etlam
149 265 249 327 omnia
264 265 407 348 suffragi-a
424 265 562 346 quaesibi
582 273 650 346 post
671 269 799 327 mortem
820 269 911 328 erunt
923 267 1015 348 appli-

45 351 137 414 canda
152 372 160 415 :
175 354 241 416 ride
265 373 343 437 opus
364 355 456 417 modo
479 355 624 431 citatum;
646 354 728 418 uude
747 355 932 418 admittenda
954 373 1015 418 non

47 439 157 503 ridetur
171 441 249 506 dicta
264 445 412 505 sententia
427 444 571 506 Ferraria.

82 533 169 596 troc.
186 533 285 604 Quaer.
297 531 1016 614 2⁰dusuffragiababeantetl'ectuminfallibilem?

83 618 171 701 Resp.
196 621 353 684 affirmare
375 623 548 684 Suarezium
560 623 645 697 juxta
673 622 815 684 Bonacin.
841 623 1014 701 (deludat-

48 716 135 785 peat,
145 729 177 790 q.
187 712 218 786 2,
229 719 333 791 punct.
345 713 374 786 l,
387 723 420 772 ηο
429 710 575 789 3),etboc
585 709 770 792 probabilius
779 713 1015 794 vocatlequrux

50 799 89 872 (rr
101 797 186 879 964);
201 799 253 861 scd
269 798 349 861 idem
364 799 529 877 Benacina,
544 817 615 862 cum
632 799 768 880 pluribus
783 800 859 874 aliis,
875 802 1014 882 probabi-

50 882 147 948 liorem
169 886 270 951 babet·
285 889 467 952 sententiam
494 908 563 970 quae
585 895 695 967 negat,
719 887 789 968 quia
814 907 875 950 non
902 898 1015 954 constal

50 973 138 1037 Deum
163 976 355 1040 infallibiliter
376 983 533 1059 acceptare
546 977 763 1039 satisfactiones
776 995 832 1058 pro
850 976 916 1038 aliis
931 979 1016 1040 obla-

50 1067 110 1124 tas:
125 1065 208 1146 quod
221 1065 338 1128 videtur
351 1064 507 1128 conforme
516 1065 659 1128 decisioni
672 1067 703 1128 S.
719 1067 829 1146 Congr.
845 1065 1016 1146 Indulgent.

50 1150 140 1215 relatae
168 1155 319 1236 inopere
346 1155 422 1217 :Le
451 1154 591 1219 Chattica
614 1155 741 1228 e'cloire',
773 1162 844 1233 etc,
869 1175 900 1236 p.
924 1157 983 1218 355
1009 1175 1016 1216 :

55 1260 68 1297 r
86 1243 114 1302 l⁰
134 1244 302 1326 Episcopus
316 1245 348 1306 S.
364 1243 444 1306 Florl
460 1243 491 1304 iu
506 1243 599 1305 Gallia
613 1244 748 1325 exposcit
764 1263 770 1304 :
788 1252 888 1306 utrum
904 1263 958 1325 per
977 1244 1016 1306 in·

51 1351 63 1384 a
84 1329 268 1412 dulgentiam
289 1333 373 1394 altari
389 1332 574 1414 privilegiato
594 1350 756 1406 annexam,
773 1332 966 1413 intelligenda
981 1334 1018 1395 sit

51 1439 63 1475 a
86 1419 268 1504 indulgentia
279 1421 414 1503 plenaria
425 1421 558 1482 animam
569 1422 668 1483 statim
680 1421 811 1482 liberans
826 1421 864 1482 ab
878 1422 1018 1485 omnibus

51 1529 64 1566 a
85 1509 251 1591 Purgatorii
263 1511 360 1592 plenis
376 1529 384 1571 ε
400 1527 440 1572 an
456 1511 525 1584 ¹uerd
538 1513 655 1572 tantum
670 1509 855 1590 indulgentia
866 1511 1016 1590 quaedam,

51 1619 63 1654 a
85 1599 369 1662 secundbmdivinae
379 1598 1019 1680 misericordirebeneplacitumapplicanda?

85 1709 100 1745 a
123 1689 153 1751 S.
170 1689 296 1770 Congu,
312 1688 387 1750 volis
401 1689 614 1749 Consulturum
628 1687 757 1763 auditis,
772 1687 926 1770 respondit
942 1707 949 1748 :
967 1707 1019 1768 per

51 1795 63 1830 n
85 1775 303 1859 indulgentiam
319 1775 411 1838 Alteri
427 1776 611 1858 privilegiato
633 1793 782 1837 annexam
800 1821 809 1853 ,
833 1777 857 1838 si
871 1784 1020 1857 spectetur

52 1885 65 1920 r
87 1883 170 1929 mens
183 1865 378 1929 concedentis
391 1873 421 1927 et
434 1884 507 1927 usus
520 1863 649 1926 clavium
665 1864 837 1945 potestatis,
854 1865 1020 1946 iutelligen·
1117 1923 1122 1932 ,

52 1973 64 2009 a
85 1953 153 2016 dam
171 1973 239 2018 esse
262 1953 481 2034 indulgentiam
500 1953 665 2035 plenariam
685 1971 753 2033 quae
767 1953 899 2016 animam
919 1955 1019 2018 statim

52 2061 65 2096 r
88 2041 188 2106 liberat
212 2043 251 2106 ab
264 2043 406 2106 omnibus
421 2041 589 2122 Purgatorii
610 2045 707 2123 poenis
722 2061 730 2118 ;
747 2042 770 2104 sl
786 2045 855 2104 rerd
869 2051 1019 2124 spectetur

52 2151 65 2186 r
87 2134 291 2214 applicationis
306 2131 444 2210 effectus,
461 2131 686 2213 intelligendam
706 2149 773 2194 esse
788 2130 1017 2214 indulgentiam,

54 2241 65 2274 r
87 2223 170 2301 cujus
191 2241 335 2284 mensura
357 2222 465 2284 divinae
485 2220 697 2283 misericordiae
719 2220 906 2302 beneplacito
924 2229 952 2283 et
973 2241 1019 2285 ac·

53 2329 66 2364 a
88 2312 245 2392 ceptationi
267 2310 465 2393 respondet.»
484 2312 515 2372 S.
531 2311 641 2391 Congr.
657 2314 696 2371 28
707 2310 773 2388 julii
791 2315 878 2374 tuto.
896 2311 1017 2374 Vides.

55 2397 179 2479 Lignea,
197 2401 249 2462 lib.
265 2403 295 2472 a,
306 2410 338 2462 n⁰
349 2403 426 2477 534,
442 2403 512 2475 t0⁰;
528 2405 558 2460 et
576 2399 653 2460 intra
666 2398 793 2461 dicenda
807 2403 918 2470 (t530).

88 2492 174 2552 tth.
198 2490 321 2562 Ouaerit.
346 2493 378 2552 3⁰
398 2491 543 2561 Quaenam
566 2487 754 2550 conditiones
775 2489 966 2567 requirantur
987 2492 1020 2548 ut

56 2592 123 2654 opus
137 2580 228 2658 possit
244 2581 275 2641 in
289 2578 467 2659 suffragium
481 2577 648 2660 applicarit

88 2668 175 2750 Reap.
193 2669 315 2750 Requiri
332 2687 340 2730 ι
357 2671 389 2730 l⁰
402 2675 436 2730 ut
454 2686 531 2750 opus
546 2665 597 2728 liat
610 2666 649 2727 ab
668 2664 793 2726 homine
807 2662 932 2734 viatore,
949 2663 1034 2742 quia¹

57 2762 116 2833 post
139 2757 219 2820 banc
239 2759 333 2820 vitam
357 2755 441 2820 adest
464 2775 522 2818 noa
547 2757 578 2818 in
604 2753 662 2836 qud
684 2772 765 2816 nemo
783 2759 880 2835 potest
901 2751 1021 2834 operare*
1062 2795 1065 2802 .

58 2843 93 2918 (S.
107 2847 206 2926 luam,
221 2865 250 2910 c.
264 2851 302 2923 a,
315 2866 345 2910 v.
360 2851 393 2923 t)
407 2867 415 2925 ;
430 2851 462 2909 2⁰
477 2851 512 2908 ut
524 2863 602 2926 opus
615 2844 654 2904 sit
666 2839 794 2916 bonum,
808 2841 915 2903 saltem
929 2859 965 2902 ex
977 2841 1021 2902 in-

57 2935 200 2999 tentione:
214 2936 347 3018 alioquin
361 2939 424 2999 Deo
443 2953 505 2998 non
520 2934 668 3016 placeret,
684 2949 740 2995 nec
753 2931 877 2994 baberet
893 2935 952 2993 vim
967 2931 1020 2994 all·

59 3023 123 3101 quid
135 3024 173 3088 ab
186 3025 237 3088 illo
250 3024 404 3088 obtinendi
415 3024 476 3086 sive
486 3022 585 3104 agenti
596 3021 656 3084 sire
670 3021 822 3104 proximo;
838 3024 869 3084 3⁰
880 3027 914 3083 ut
926 3039 1019 3103 agens

58 3107 156 3176 habeat
167 3115 365 3178 intentionem
378 3113 522 3177 offerendi
538 3129 593 3194 pro
606 3129 643 3173 eo
657 3111 705 3174 oui
721 3117 765 3174 est
778 3110 991 3193 applicandum
1009 3132 1016 3173 :

59 3197 183 3284 alloquin
204 3205 269 3287 ipse
291 3203 399 3267 retinet
411 3203 467 3266 sibi
482 3201 680 3283 sull'ragium,
695 3202 767 3263 curu
781 3201 819 3262 sit
832 3201 926 3281 ipsius
941 3218 1018 3282 opus

60 3295 85 3350 et
105 3291 158 3354 sibi
171 3299 329 3356 censeatur
342 3293 470 3355 uoluisse
484 3293 642 3354 consulere
665 3291 689 3352 si
704 3290 734 3352 in
755 3289 877 3352 alterius
891 3291 1016 3371 gratiam

61 3395 89 3438 se
108 3398 193 3462 agere
215 3401 276 3446 non
297 3383 502 3466 proposuerit:
520 3378 600 3444 unde
614 3379 663 3441 illa
687 3378 812 3441 intentio
834 3378 924 3440 debet
941 3397 1017 3460 opus

61 3469 235 3550 precedere,
263 3490 321 3535 neo
338 3471 447 3535 suflicit
470 3470 550 3553 qudd
574 3469 775 3550 subsequatur
802 3467 959 3548 (Ferraria,
987 3477 1017 3526 v·

62 3551 218 3642 Suffragia,
235 3573 269 3624 n·
281 3563 347 3642 26);
362 3565 393 3623 4⁰
409 3561 433 3623 si
443 3568 547 3634 agatur
560 3559 598 3621 de
612 3557 753 3638 suffragio
767 3575 821 3638 per
835 3553 957 3615 modum
973 3569 1017 3611 sa·

852 3651 916 3714 w·
