2482 3944
445 266 533 314 unm
552 267 711 317 sermons.
1028 255 1066 316 19

118 357 210 420 9398.
234 355 362 428 Quaerit..
385 359 418 418 99
442 355 520 426 Ouid
547 357 585 420 sit
607 357 758 440 agendum
782 377 854 424 casn
876 376 938 441 quo
958 360 1070 423 decidit

82 445 178 507 hostia
192 445 239 506 rel
255 444 425 506 effunditur
440 447 587 528 sanguis?

120 566 215 644 Resp.
229 562 336 635 Quoad
348 563 496 643 primurn,
509 564 663 628 sicbabari
676 566 706 627 in
721 565 841 629 rubrica
855 565 981 630 blissalis
994 589 1000 630 :
1015 569 1069 631 rSi

82 675 98 712 9
121 651 223 713 hostia
243 657 422 714 consecrata
434 652 481 714 vel
496 652 595 734 aliqua
613 654 679 732 eius
702 655 848 736 particula
865 655 1014 720 dilabatur
1039 657 1070 719 in

84 763 98 799 9
123 751 241 804 terram
254 788 263 817 ‚
277 747 452 803 reverenter
465 741 638 822 accipiatur,
650 749 680 803 91
689 743 773 804 locus
783 741 834 804 ubi
849 743 957 804 recidit
966 792 974 819 ,
984 763 1072 807 mun·

85 853 100 887 9
123 827 218 890 detur
235 833 267 890 et
285 827 507 910 aliquantulum
528 829 705 904 abradatur,
722 835 751 891 et
772 831 867 911 pulvis
886 849 939 892 seu
955 831 1074 893 abrasio

87 939 102 976 9
125 917 306 996 hujusmodi
327 917 358 979 in
379 918 546 980 sacrarium
569 919 756 982 immittatur.
778 920 807 980 Si
827 917 968 982 ceciderit
990 927 1073 984 extra

90 1027 104 1062 9
128 1005 291 1086 corporale
305 1006 336 1066 in
351 1023 512 1086 mappam,
527 1024 580 1068 seu
595 1007 653 1068 alio
667 1009 773 1088 quotis
788 1007 879 1070 modo
901 1008 931 1070 in
950 1007 1072 1088 aliquod

90 1114 105 1152 9
128 1091 284 1166 linteum,
302 1111 412 1175 mappa
425 1093 471 1155 vel
488 1094 615 1157 linteum
630 1095 804 1173 hujusmodi
819 1095 978 1180 diligenter
993 1097 1072 1160 lave·

91 1207 106 1243 9
127 1191 191 1254 tur,
207 1189 238 1244 et
249 1181 321 1244 lotio
334 1182 397 1263 ipsa
412 1182 443 1244 in
457 1185 620 1247 sacrarium
635 1184 817 1247 effundatur.
834 1206 850 1243 9

128 1297 276 1360 Obserrat
289 1297 361 1358 rerd
375 1296 454 1358 circa
468 1296 533 1360 baec
547 1299 578 1360 S.
591 1297 713 1380 liguor.
730 1297 793 1375 (lib.
806 1303 841 1368 6,
855 1307 887 1360 n⁰
897 1298 1072 1380 250),qndd

91 1387 193 1466 primb
215 1385 320 1462 locus,
343 1384 394 1447 ubi
414 1385 522 1448 cecidit
535 1386 647 1464 bostia,
663 1386 811 1466 tegendus
825 1387 862 1450 sit
879 1407 979 1470 panno
994 1388 1073 1450 linco

93 1473 229 1546 mundo,
258 1479 288 1535 et
311 1481 414 1556 postea
436 1473 615 1552 abluendus,
635 1476 718 1554 juxta
733 1475 885 1558 praelatam
900 1477 1070 1550 rubricam,

92 1581 185 1642 quam
197 1561 256 1624 sub
265 1563 345 1642 gravi
358 1581 419 1624 non
430 1563 564 1643 obligare
573 1564 678 1626 dicunt
687 1565 775 1644 Pasq.
785 1572 815 1626 91
825 1567 906 1648 Gury
914 1583 983 1628 cum
993 1585 1074 1626 com·

93 1651 178 1714 muni
194 1654 281 1726 (tom.
297 1655 334 1726 2,
350 1653 383 1712 n⁰
396 1656 481 1728 blm
505 1653 566 1716 imo
578 1655 660 1732 juxta
684 1653 787 1733 plures
809 1653 899 1722 alios,
923 1654 1073 1716 ordinarie

95 1739 189 1800 omitti
204 1745 304 1820 potest
317 1739 430 1802 ablutio
442 1740 530 1803 vestis
544 1749 594 1802 aul
608 1739 720 1814 barba,
736 1741 773 1801 ad
788 1741 956 1802 evitandam
972 1742 1073 1802 turba-

96 1828 204 1890 tionem
214 1827 370 1910 populi.-—
380 1827 411 1888 Si
421 1835 520 1890 autem
535 1828 631 1890 hostia
640 1827 758 1888 decidat
768 1845 858 1907 super
868 1828 960 1888 ubera
971 1828 1075 1889 mulie·

96 1915 149 1992 ris,
167 1933 229 1976 non
245 1915 335 1977 debet
356 1915 419 1996 ipse
441 1917 580 1978 sacerdos
596 1914 732 1992 auferre,
748 1913 801 1976 sed
821 1914 886 1996 ipsa
899 1913 1008 1976 mulier
1022 1933 1074 1978 ex·

98 2003 190 2065 trabat
203 2011 235 2066 et
249 2009 377 2084 reponat
390 2005 421 2065 iu
437 2004 564 2067 ciborio.

133 2129 224 2190 3399.
249 2125 353 2198 Quoad
366 2125 539 2200 samarium,
555 2127 599 2190 sic
625 2127 734 2188 iterum
761 2124 927 2208 praescribit
953 2123 1073 2189 rubrica

98 2215 241 2276 blissalis:
261 2235 277 2273 a
292 2213 321 2276 Si
337 2232 391 2296 per
405 2214 616 2296 negligentiam
628 2215 738 2296 aliquid
748 2215 786 2278 dc
801 2215 948 2296 sanguine
963 2215 1072 2276 Christi

98 2323 112 2360 9
135 2303 297 2364 ceciderit:
320 2303 345 2364 si
365 2301 488 2384 quidem
507 2311 719 2384 superterram
740 2323 792 2366 seu
813 2303 1071 2385 superlabulnm‚

99 2411 113 2448 9
137 2391 242 2472 lingua
263 2391 431 2466 lambatur3
455 2398 484 2452 et
505 2391 589 2454 locus
608 2392 671 2473 ipse
690 2393 811 2455 radatur
832 2393 982 2473 quantum
1001 2391 1073 2454 satis

99 2499 113 2535 9
135 2487 196 2556 991,
212 2489 243 2541 91
256 2479 374 2542 abrasio
387 2480 582 2542 comburatur
598 2501 605 2540 ε
621 2481 698 2541 91919
712 2483 782 2542 verb
797 2482 828 2541 in
841 2481 1007 2542 sacrarium
1022 2499 1071 2541 re·

99 2587 113 2622 9
135 2567 299 2642 condatur3
310 2568 334 2630 si
350 2570 420 2630 verb
431 2586 520 2648 super
531 2568 661 2650 lapidem
678 2568 776 2631 altaris
785 2569 939 2644 ceciderit,
955 2568 1073 2630 sorbeat

100 2675 114 2712 9
136 2656 276 2718 sacerdos
297 2657 428 2732 stillam,
452 2665 481 2718 et
496 2658 579 2720 locus
601 2657 842 2736 roncabuntur,
866 2662 897 2718 et
910 2657 1022 2718 ablutio
1041 2657 1071 2720 in

99 2764 112 2799 r
136 2745 300 2806 sacrarium
315 2746 503 2825 projiciatur3
516 2746 540 2807 si
550 2764 641 2826 super
655 2745 780 2806 linteum
793 2743 893 2804 altaris
902 2750 933 2802 et
941 2742 977 2804 ad
992 2745 1072 2806 aliud

99 2853 112 2889 9
135 2831 265 2895 linteum
279 2833 357 2896 stilla
371 2835 539 2916 pervenerit
560 2853 568 2894 :
591 2834 616 2896 si
635 2829 788 2911 usquead
806 2829 928 2890 tertium
944 2875 952 2899 ‚
968 2829 1072 2894 lintea-

99 2941 112 2976 9
135 2923 218 2984 mina
232 2928 279 2983 ter
292 2921 513 2984 abluanturubi
525 2921 603 2984 stilla
617 2916 755 2983 ceciderit
774 2919 885 2994 ,991199
900 2917 1071 2997 supposito,

98 3031 112 3066 9
134 3017 163 3071 91
176 3029 258 3092 aqua
272 3010 434 3072 ablutionis
453 3011 485 3070 in
508 3011 672 3072 sacrarium
693 3007 888 3089 projiciatur3
904 3003 986 3086 qudd
1002 3003 1025 3064 si
1042 3004 1072 3066 in

98 3119 113 3156 9
135 3097 201 3175 ipso
215 3097 316 3160 solirm
331 3097 498 3180 corporali,
513 3104 565 3160 aut
578 3099 601 3160 si
626 3099 657 3159 in
676 3100 806 3159 vestibus
821 3095 892 3176 ipsis
907 3093 1073 3156 sacerdota·

99 3206 112 3243 9
134 3186 214 3249 libus
227 3186 386 3260 ceciderit,
406 3185 495 3248 debet
515 3187 650 3248 similiter
664 3185 743 3248 ablui
759 3191 787 3247 et
801 3184 912 3246 ablutio
926 3183 957 3245 in
973 3201 1071 3247 sacra-

99 3295 113 3331 9
135 3276 214 3338 rium
229 3276 353 3357 projici;
370 3273 395 3336 si
419 3275 449 3336 in
473 3275 622 3338 substrato
640 3274 766 3356 podibus
780 3274 937 3356 pannovel
952 3280 1069 3354 tapeta,

98 3381 114 3420 9
137 3361 215 3425 bend
237 3363 387 3435 abluatur,
402 3369 437 3425 ut
454 3382 554 3444 supra.
571 3383 586 3422 9
603 3397 643 3412 -
665 3364 747 3425 Bene
770 3381 842 3444 ergo
860 3363 940 3424 ablui
960 3362 1071 3424 debent

99 3451 199 3512 omnia
212 3471 282 3533 qua
297 3457 428 3534 pretioso
442 3453 587 3532 sanguine
604 3452 714 3514 luerint
734 3451 888 3527 imbibita,
904 3451 1070 3530 etquidem

99 3539 154 3601 nib
173 3541 255 3621 gravi
278 3543 383 3622 (dury,
408 3548 483 3602 tom.
504 3547 540 3616 9,
563 3549 596 3602 n⁹
614 3545 705 3616 ull);
722 3539 775 3602 sed
797 3557 860 3600 non
880 3545 925 3601 est
945 3557 1022 3620 opus
1035 3556 1070 3600 99

100 3628 237 3694 comburi
250 3629 292 3707 (S.
307 3629 444 3706 Linum..
459 3629 512 3692 lib.
528 3631 568 3698 6.
584 3637 618 3690 n⁰
632 3631 713 3693 250i.
