2482 3944
419 209 505 254 crana
525 206 683 253 secundus.
986 188 1025 251 tt

78 331 86 366 i
106 308 180 390 quod
193 314 363 390 supererat,
379 307 411 368 in
436 323 525 369 usum
543 303 668 367 cedebat
686 302 822 383 ipsorum
840 300 1030 364 sacerdotum

75 405 130 459 ret
153 397 344 459 clericorum.
373 394 488 458 Deinde
515 393 695 474 permissum
725 389 781 452 fuit
811 387 911 452 offerri
938 391 1028 454 etiam

75 508 84 541 r
104 485 210 557 oleum,
221 485 415 564 spicas,uras
425 490 456 546 et
466 481 586 544 similia.
603 481 732 541 Demum
746 478 926 559 permissum
939 480 1028 542 etiam

72 598 81 630 ι
103 571 197 634 offerri
212 574 379 654 pecunias,
395 591 463 653 quae
478 570 561 653 pribs
575 585 637 630 non
651 566 878 648 applicabantur
891 567 1029 628 sacerdo-

72 685 81 718 ·
102 661 196 738 tibus,
212 661 265 722 sed
280 661 478 723 mittebantur
498 659 530 720 in
547 674 647 720 arcam
665 703 673 733 ,
697 654 911 716 distribuente
924 655 955 716 iu
969 675 1031 718 sus·

70 749 295 811 »tentationem
319 749 525 810 ministrorum
548 753 578 808 et
598 761 785 825 pauperum3
814 742 868 804 sed
889 761 1031 805 successu

70 857 80 892 ι
102 837 239 916 temporis
253 837 371 899 traditae
385 843 457 899 sunt
470 835 542 916 ipsis
555 831 770 902 sacerdotibus,
786 836 820 894 ut
833 849 888 912 pro
902 831 1031 893 otlereu·

71 945 81 979 r
102 923 175 985 tibus
189 925 300 987 missas
314 924 510 1006 applicarent.
526 945 541 983 r

102 1013 225 1082 Quinam
239 1013 316 1074 olim
332 1013 506 1093 irrepserint
527 1011 639 1073 abusus
652 1015 731 1073 circa
751 1013 910 1072 missarum
923 1011 1033 1092 stipen-

70 1099 314 1162 diaridedictum
325 1100 404 1181 apud
414 1103 445 1162 S.
460 1100 581 1181 Lignor.
593 1099 701 1178 (ibid),
712 1105 741 1160 et
754 1098 834 1180 apud
843 1097 953 1160 llened.
967 1101 1031 1161 XIV

70 1186 114 1258 lde
126 1189 213 1268 Syn..
233 1189 287 1250 lib.
299 1194 332 1262 5,
346 1209 373 1250 c.
390 1193 424 1263 8,
442 1188 483 1249 u¹⁸
496 1193 526 1263 8,
542 1193 571 1259 9,
590 1189 653 1267 19).

101 1277 184 1337 true.
209 1280 280 1337 non
296 1279 413 1338 tantiam
428 1276 630 1338 sacerdotibus
644 1275 846 1356 indigentibus
860 1277 973 1338 troitum
988 1283 1032 1340 est

70 1364 242 1442 stipendium
250 1367 400 1446 accipere,
409 1365 463 1426 sed
472 1365 562 1426 etiarn
573 1365 713 1425 divitibus
725 1383 732 1424 :
746 1365 837 1436 «Quis
848 1367 910 1427 suis
919 1369 1031 1447 stipen-

71 1471 81 1504 ι
102 1451 154 1514 diis
170 1453 282 1515 militat
302 1454 462 1534 unquam?
476 1475 490 1511 n
506 1454 603 1534 inquit
620 1453 797 1533 Apostolus,
813 1454 879 1514 loco
893 1457 1032 1536 superius

71 1538 163 1614 citato3
175 1541 304 1622 quidam
319 1549 420 1604 tamen
436 1545 586 1622 negarunt
595 1541 624 1602 id
635 1559 700 1603 esse
713 1541 853 1604 divitibus
862 1543 987 1622 licitum,
1000 1552 1032 1606 ut

72 1625 237 1705 Cajetenus,
253 1637 313 1692 ete.
330 1629 404 1692 Vide
419 1631 450 1692 S.
462 1630 597 1710 Liguor,
614 1629 665 1690 lib.
682 1635 718 1704 6,
735 1645 768 1692 n⁰
781 1633 850 1693 317.

104 1719 186 1778 9196.
209 1717 385 1780 Differendo
407 1723 508 1780 autern
531 1719 643 1780 diutibs
659 1718 765 1780 missas
788 1720 958 1798 celebrare,
986 1741 1034 1784 ao·

74 1812 148 1882 cepto
159 1807 329 1888 stipendio,
350 1806 489 1868 sacerdos
509 1808 637 1886 graviter
658 1813 779 1886 peccat,
802 1807 887 1883 juxta
908 1810 1034 1870 Decreta

74 1891 98 1948 S.
112 1892 216 1974 Congr.
234 1897 342 1968 Cone,
358 1899 391 1955 91
406 1895 473 1973 J'uu.
492 1899 580 1970 1695,
590 1893 754 1976 approbata
765 1893 803 1954 ab
817 1893 938 1955 Urbano
956 1898 1031 1976 Vlll,

77 1985 98 2035 rt
109 1979 141 2039 ab
153 1983 332 2045 Innocentio
346 1985 397 2044 xtt
407 2001 461 2063 per
477 1982 593 2043 bullam
607 1981 724 2061 Nuper,
742 1979 930 2044 confirmata.

106 2071 187 2132 ater.
211 2074 358 2144 Quaeuam
373 2079 473 2132 autem
487 2069 590 2132 dilatio
604 2067 741 2130 habenda
763 2069 801 2130 sit
815 2078 847 2132 ut
863 2073 1032 2150 gravisi-

77 2153 180 2220 Certum
207 2167 256 2222 est
282 2163 313 2220 l⁰
336 2160 464 2239 graviter
491 2176 615 2240 peccare
638 2158 839 2232 sacerdotem,
863 2159 887 2221 si
910 2165 1031 2242 petitam

77 2245 183 2308 irrisam
202 2266 260 2328 pro
279 2247 380 2328 aliqua
405 2247 498 2327 gratia
521 2247 638 2326 urgenti
662 2247 867 2328 impetranda,
892 2259 963 2330 puta
978 2271 1032 2334 pro

76 2327 139 2394 felici
153 2344 258 2416 partu,
277 2335 431 2401 eradendo
450 2335 602 2416 periculo,
621 2335 671 2396 lite
692 2335 856 2410 vincenda,
878 2346 956 2415 etc,
982 2341 1030 2403 ille

76 2422 177 2484 omittat
192 2423 343 2485 celebrare
357 2423 433 2485 intra
448 2433 566 2504 tempus
580 2431 802 2504 opportunum:
814 2425 921 2488 merito
932 2427 1031 2507 plures

77 2505 125 2567 llll.
152 2512 257 2574 dicunt
284 2512 367 2574 illum
389 2513 483 2574 teneri
507 2512 545 2574 ad
567 2513 804 2590 restitutionem,
825 2513 940 2576 etiamsi
957 2519 1032 2580 cele·

76 2591 190 2660 brarerit
204 2607 271 2681 post
283 2601 420 2682 elapsum
436 2609 554 2681 tempus
567 2600 764 2682 assignatum.

109 2687 191 2752 3198.
214 2691 336 2751 Certum
357 2697 402 2750 est
420 2693 452 2750 2⁰
465 2689 555 2750 etiam
574 2707 698 2770 peccare
720 2689 906 2752 sacerdotem
927 2693 950 2752 si
966 2713 1031 2772 pro

77 2772 184 2838 missam
202 2778 326 2838 missam
350 2777 381 2838 in
403 2776 504 2856 aliquo
521 2776 569 2837 die
590 2777 712 2853 festivo,
732 2775 789 2836 alia
807 2775 855 2837 die
881 2778 1030 2859 celebret,

76 2864 434 2944 quamvisedmittatbugo
448 2882 535 2946 posse
549 2863 623 2925 illud
633 2863 698 2926 fieri
712 2863 841 2926 crastini
851 2863 910 2926 die.

106 2951 154 3014 His
173 2954 306 3034 praecisis
327 2953 463 3030 casibus,
487 2953 570 3015 oertd
592 2951 709 3014 videtur
729 2952 826 3035 gravis
842 2952 944 3016 dilatio
963 2974 1032 3036 quae

75 3039 122 3100 tres
135 3059 253 3103 menses
272 3040 447 3116 excederet;
465 3042 504 3102 ita
521 3042 723 3104 communiter
742 3049 847 3105 onuba
864 3043 965 3126 plures
978 3047 1030 3128 qui

74 3121 210 3206 integrum
219 3147 335 3191 annum
351 3129 519 3210 requirunt.

105 3219 187 3280 9199.
210 3217 397 3280 Probabiliirs
416 3235 478 3280 non
498 3225 604 3300 peccet
623 3219 751 3298 graviter
769 3221 822 3301 qui
844 3221 950 3284 missas
965 3243 1030 3306 pro-

76 3303 167 3368 missas
176 3305 254 3368 iutra
268 3307 409 3368 bimestre
423 3305 564 3368 celebrat.
575 3307 608 3367 ln
619 3309 718 3369 missis
726 3317 827 3372 autem
836 3329 891 3393 pro
901 3324 1029 3376 recenter

75 3385 208 3458 defunctis
233 3395 439 3472 celebrandis,
454 3394 557 3456 dilatio
579 3397 669 3458 unius
690 3399 802 3461 mensis
823 3400 920 3480 gravis
940 3421 1026 3483 repu-

77 3479 150 3544 tanda
162 3489 226 3556 est,
240 3483 339 3565 inquit
354 3484 388 3545 1).
404 3483 486 3564 Gury
496 3489 563 3564 post
575 3485 608 3548 S.
623 3485 743 3566 liguor.
761 3486 828 3567 (lib.
843 3491 878 3566 6,
890 3497 924 3552 u·
936 3491 1027 3573 317):

76 3563 181 3634 tunna
192 3571 376 3637 diecesani·
389 3571 421 3632 in
431 3570 488 3632 boc
501 3578 546 3632 ert
558 3571 785 3638 attendendum·
