2416 3954
156 133 215 193 rra
408 140 547 187 aaronis
575 141 680 186 rorrrs
701 137 782 184 roura
795 135 942 186 caueam.
966 113 973 120 ’

160 274 174 304 a
192 255 239 310 tes
249 243 418 308 interiores
429 261 467 303 ex
482 247 548 302 toto
564 240 614 301 vel
627 258 666 300 ex
681 237 800 316 majore
812 243 901 317 parte
915 236 980 298 siut
994 235 1100 298 devas-

162 344 276 408 itataa,
300 333 349 394 vel
376 333 510 402 abrasae,
534 329 592 390 etsi
610 345 674 388 non
690 333 854 406 corruant,
881 325 1001 406 indiget
1024 328 1101 387 nort

159 449 174 484 a
197 421 448 487 consecratione.
467 443 481 476 a
497 419 532 479 m
545 419 590 479 ci.
606 420 683 496 App.
699 417 804 480 XXlV.

186 511 274 568 trau.
297 529 312 564 r>
337 504 463 578 Quando
484 506 611 567 eeclesia
625 507 656 567 in
677 505 866 587 longitudine
890 514 942 570 aut
966 507 1111 570 latitudine

147 619 161 652 u
186 595 406 675 amplificatur,
423 593 463 655 ita
484 600 587 656 tamen
611 600 645 656 ut
664 611 741 656 nova
763 613 833 676 pars
846 595 947 658 addita
960 597 1000 658 sit
1020 599 1111 658 minor

146 707 160 740 e
185 683 274 744 veteri
299 691 494 760 remanente,
521 701 583 746 non
605 701 683 764 opus
705 689 751 745 est
774 687 849 746 novt
869 685 1111 760 consecratione,

146 794 159 830 u
185 771 237 833 sed
260 779 293 836 ut
316 791 385 854 pars
408 790 484 834 nova
498 779 673 854 aspergatur
694 774 774 853 aqut
787 771 945 835 benedicta
963 793 971 834 ε
988 793 1052 855 arg.
1066 773 1110 836 cit.

147 882 160 918 e
186 880 254 924 cau.
272 861 316 924 De
327 860 453 938 [ebriari.
471 883 485 920 n

185 954 274 1014 4789.
298 949 424 1023 Quando
438 956 538 1012 aulem
548 949 673 1012 ecelesia
683 955 818 1012 execrata
832 949 933 1028 luerit,
947 970 1009 1014 uon
1024 955 1114 1034 potest
1188 979 1189 982 ¹

147 1041 239 1104 sacris
266 1039 415 1120 mysteriis
439 1039 601 1112 inservire,
624 1037 680 1099 nisi
709 1037 812 1101 denud
835 1039 1047 1114 benedicatur,
1070 1045 1114 1101 aut

148 1137 357 1202 consecretur,
380 1127 431 1190 sed
461 1145 521 1188 non
547 1126 662 1208 indiget
683 1127 937 1190 reconciliatione.
963 1127 1114 1199 Quomodo

148 1226 246 1280 autem
281 1223 459 1280 execrentur
482 1215 605 1292 altaria,
641 1215 772 1278 diximus
794 1234 885 1296 supra
904 1219 1013 1294 (3601,
1039 1217 1113 1298 etc).
1189 1281 1190 1294 ,

186 1311 276 1369 arao.
300 1305 378 1378 Ouid
392 1307 464 1366 vend
478 1305 515 1366 sit
528 1304 701 1366 iaciendum
717 1304 755 1366 de
769 1305 930 1366 ruderibus
944 1313 974 1366 et
988 1305 1115 1388 reliquiis

148 1395 366 1458 ecclesiarum?
380 1397 469 1456 iuxta
485 1395 596 1473 Papam
611 1393 766 1474 Hyginum
781 1393 811 1454 iu
826 1412 893 1475 cap.
906 1394 1005 1476 Ligna
1019 1393 1116 1470 38,de

148 1485 302 1560 Consecu,
316 1483 389 1545 dist.
407 1486 420 1544 t
437 1502 444 1542 :
464 1483 587 1561 «Ligna
606 1483 740 1544 ecclesiae
759 1479 904 1544 dedicata
926 1501 989 1544 nou
1012 1483 1116 1544 debent

148 1594 162 1631 u
187 1571 224 1634 ad
242 1571 324 1634 aliud
345 1591 421 1654 opus
432 1571 537 1651 jungi,
559 1571 614 1632 nisi
631 1570 668 1632 ad
688 1571 778 1632 aliam
799 1571 958 1632 eeclesiam
976 1591 983 1631 τ
998 1573 1045 1634 rel
1061 1572 1116 1652 igni

147 1684 163 1721 ι
187 1669 257 1724 sunt
277 1659 499 1737 comburenda,
515 1657 561 1720 vel
575 1657 613 1719 ad
632 1657 800 1740 proiectum
818 1660 850 1720 in
865 1661 1050 1722 monasterio
1063 1661 1116 1722 lra-

149 1771 162 1810 e
186 1751 298 1827 tribus;
315 1751 345 1811 in
370 1748 515 1810 laieorum
537 1747 608 1810 aero
623 1766 713 1810 usum
736 1765 798 1809 non
821 1745 934 1809 debent
956 1749 1073 1812 admitti
1089 1769 1114 1825 ιη
1191 1795 1192 1816 ,

149 1841 217 1902 lruic
231 1845 376 1902 consonat
390 1838 479 1900 etiam
492 1837 597 1920 regula
611 1839 641 1908 t,
657 1837 689 1898 in
703 1840 735 1898 6⁰
751 1855 759 1896 ε
775 1857 790 1894 o
804 1837 897 1898 semel
912 1838 976 1899 Deo
989 1837 1116 1901 dicatum

148 1950 161 1983 a
188 1949 250 1991 uon
265 1935 310 1991 est
324 1929 448 1990 ulteriirs
462 1926 500 1988 ad
514 1945 586 1988 usus
601 1925 751 1988 humanos
760 1925 1004 1988 transferendum
1020 1948 1054 2004 u;
1070 1926 1116 1990 sed

147 2018 164 2076 a
179 2017 270 2099 longo
283 2027 436 2098 tempore,
451 2022 636 2095 temperatus
650 2013 705 2077 suit
712 2015 793 2096 rigor
804 2014 883 2076 illius
897 2014 1078 2097 disciplinae,
1092 2024 1117 2078 et

147 2105 236 2168 hodie
261 2106 373 2186 lapides
395 2111 425 2165 et
439 2104 518 2184 ligna
542 2103 676 2166 ecclesiae
697 2103 728 2166 in
751 2121 824 2165 usus
847 2103 1010 2184 profanos,
1031 2105 1117 2166 modd

149 2212 210 2256 non
225 2195 286 2256 sint
307 2193 469 2270 inhonesti,
487 2190 686 2270 adhibentur,
709 2191 790 2274 quod
813 2191 852 2253 ab
866 2191 1114 2272 ipsometConcil.

147 2282 280 2344 'trident
306 2279 471 2341 admittitur
494 2282 578 2357 (sess.
594 2283 630 2341 tt
644 2327 651 2358 ,
667 2300 695 2343 e.
741 2285 758 2342 't
773 2279 808 2342 de
830 2279 917 2362 ’'es-la
942 2282 1017 2349 ubi.
1034 2289 1115 2364 pmut

148 2370 276 2433 vidimus
289 2387 379 2451 supra
399 2369 517 2448 (titt),
541 2369 684 2430 ecelesias
697 2368 823 2448 dirutas,
841 2387 910 2450 quae
925 2369 1010 2432 nullo
1031 2371 1116 2434 ruodo

148 2459 229 2522 retici
250 2465 393 2542 possunt,
416 2457 561 2540 permittit
583 2458 613 2519 in
638 2457 779 2540 proiauos
801 2477 868 2519 mur
891 2477 948 2519 non
970 2459 1114 2538 sordidos,

148 2547 354 2614 erectarum
369 2546 413 2609 iti
425 2567 519 2627 cruce,
534 2556 722 2624 convertere;
740 2583 777 2594 -·
791 2565 878 2610 secus
896 2557 998 2610 autem
1012 2559 1058 2612 est
1073 2549 1115 2612 di-

148 2639 280 2703 cendum
309 2636 348 2700 de
374 2637 509 2719 reliquiis
540 2643 785 2718 paramentorum
813 2635 1045 2701 sacerdotalium
1069 2645 1115 2702 aut

149 2745 303 2791 sacrorum
317 2726 527 2790 linteaminum
540 2773 548 2804 ,
564 2734 597 2788 ut
610 2744 701 2808 supra
714 2725 846 2789 diximus
859 2727 972 2806 (3621).

462 2913 464 2916 ·
560 2883 642 2947 Alli.
665 2883 711 2946 Vl.

149 3004 286 3060 QUOMODO
306 3003 497 3052 recedamus
518 3003 679 3060 EGGLESlAE,
705 3001 854 3063 turtula,
876 3002 1069 3062 emmam
1083 3003 1115 3049 H

428 3093 497 3146 QUID
518 3092 593 3138 TUNG
614 3091 658 3138 Sl'l'
678 3091 826 3137 auunculi.

189 3205 279 3266 t'tat.
301 3203 391 3265 Juxta
404 3202 565 3263 canonicas
574 3201 755 3276 sanctiones,
763 3201 910 3276 ecelesia,
921 3203 1037 3268 altaria.
1047 3209 1112 3282 etc,

151 3293 327 3375 polluuntur
348 3289 469 3371 quando
483 3289 513 3350 in
535 3290 579 3351 eis
601 3297 811 3371 perpetrantur
832 3291 966 3354 actiones
981 3293 1113 3374 quaedam

150 3389 263 3460 turpes,
273 3395 341 3459 quae
348 3379 432 3456 juxta
442 3378 957 3461 estimationemhominumipsisita
969 3381 1114 3460 injuriosa.

151 3473 328 3549 reputantur
352 3473 386 3527 ut
407 3465 550 3528 indecens
571 3465 705 3528 videatur
722 3466 805 3548 quod
827 3485 876 3529 res
898 3467 1008 3532 dirinae
1023 3472 1053 3531 iu
1074 3469 1114 3531 eis

152 3560 334 3636 peragantur
354 3559 516 3635 antequam
531 3551 731 3632 purificentur
742 3571 798 3618 eeu
811 3557 1056 3621 reconcilientur.

913 32 918 41 .
931 28 944 43 ιι
1009 10 1047 65 '¹⁹¹-
