2416 3954
415 171 502 218 ursan
522 172 679 218 sucunuus.
974 157 1031 218 345

69 263 315 347 dispensationem
328 287 384 350 pro
397 270 591 332 matrimonio
600 272 664 350 jam
679 267 753 330 inito
765 288 773 330 ε
785 268 918 349 primum
932 275 1032 330 autem

69 355 233 438 exenrplum
247 357 477 438 dispensationis
487 359 618 440 privatae,
634 376 690 439 pro
704 357 896 420 matrimonio
913 367 1032 420 contra·

69 441 180 524 hendo,
208 447 339 510 occurrit
366 447 396 510 in
426 447 650 530 disponsatione
683 451 828 511 concessi
858 446 1031 528 Imperatori

69 533 169 598 Othoni
183 534 222 598 ab
244 540 347 600 innoc.
362 538 417 616 lli,
435 555 518 600 anno
540 539 630 600 laba.
647 535 722 600 Vide
737 535 943 620 compendium
966 533 1033 599 Car·

69 623 158 704 rierc,
173 637 208 688 u·
221 630 291 690 221.

105 717 149 777 lln
167 717 221 778 SS.
245 717 405 780 Pontifices
428 717 544 799 possint
561 717 736 800 dispensare
754 717 787 778 in
810 715 1032 799 impedimentis

67 803 135 879 juris
147 805 292 868 naturalis
306 813 358 868 aut
370 805 479 882 divini,
493 806 561 869 uide
575 805 653 868 dicta
663 824 753 888 supra
767 809 858 884 (693).

102 897 190 958 4394.
203 899 286 958 -20
308 894 413 968 Quoad
432 897 598 978 Episcopos
615 895 748 959 diximus
770 913 860 978 supra
878 897 1032 975 (eoa-962)

69 982 142 1064 ipsos
155 1002 217 1048 non
238 1003 324 1066 posse
346 983 564 1064 dispensarem
585 984 784 1088 generalibus
797 983 939 1046 Ecclesiae
959 984 1029 1066 legi

69 1071 134 1152 bus,
156 1073 259 1156 qualia
280 1079 353 1136 sunt
374 1073 589 1176 impedimenta
604 1073 811 1137 matrimonii:
826 1073 898 1154 quia
912 1071 1032 1136 inferior

68 1159 235 1244 dispensare
250 1163 437 1245 nonpotest'
429 1181 460 1224 rn
476 1163 541 1246 lege
553 1165 730 1245 Superioris,
748 1163 805 1258 ηἰειΙ
797 1162 878 1226 'hoc
889 1162 930 1224 illi
947 1162 1034 1225 fuerit
1130 1223 1138 1234 ,

69 1251 258 1334 isuperiori.
269 1252 315 1316 vel
326 1254 467 1334 expresse
479 1253 524 1314 vel
543 1253 642 1324 tacite,
653 1237 856 1316 concessu'm:
873 1252 955 1314 unde
968 1253 1033 1334 opi·

70 1341 185 1404 nionem
199 1361 269 1425 quae
283 1341 388 1404 tribuit
401 1341 557 1423 Episcopis
573 1342 742 1406 facultatem
756 1343 959 1406 communiter
972 1344 1033 1407 dis·

69 1429 209 1510 pensandi
232 1448 325 1513 super
352 1429 575 1512 impedimentis
600 1432 800 1508 matrimonii,
828 1432 940 1494 Bencd
967 1437 1034 1496 xlv

68 1521 167 1582 asserit
179 1538 243 1583 non
258 1519 351 1584 semel
366 1519 562 1602 proscriptam
577 1519 667 1582 fuisse
680 1524 697 1583 a
712 1523 743 1584 S.
759 1523 882 1601 Congr.;
893 1522 971 1586 banc
983 1543 1033 1588 au·

69 1613 124 1670 tem
138 1616 316 1691 potestatem
330 1610 362 1672 S.
378 1607 447 1671 Sedi
468 1609 615 1672 exclusive
632 1610 786 1673 vindicant
803 1612 873 1674 Pius
887 1615 936 1687 Vl,
952 1633 1036 1677 occa·

69 1696 332 1762 sioneEdictorum
341 1697 462 1778 iosephi
473 1699 507 1766 Π.
521 1705 550 1759 et
559 1697 630 1761 Pius
637 1701 699 1774 Vll,
713 1701 743 1760 in
757 1701 838 1762 Brevi
847 1705 884 1762 27
894 1701 1035 1764 februarii

70 1787 658 1870 raoaadupiscoposdatliae.v.carrime
667 1778 879 1865 (Delifatrim,
889 1802 922 1850 n⁰
935 1795 1033 1870 1674).

103 1881 193 1941 tabo.
210 1876 527 1940 Comrnunitertamen
539 1878 615 1952 DD.,
627 1883 731 1938 contra
746 1879 1037 1948 nonnullos,doccnt

71 1983 152 2046 posse
164 1966 348 2049 Episcopus,
360 1967 423 2046 jani
437 1971 591 2028 contracto
604 1966 805 2040 Matrimonia,
821 1967 994 2050 dispensare
1005 1971 1036 2034 in

71 2055 284 2139 impedimento
297 2054 473 2133 dirimente,
488 2073 559 2116 casu
580 2073 642 2136 quo
656 2054 751 2118 facilis
763 2055 862 2120 aditus
881 2076 941 2122 non
957 2067 1037 2141 patet

70 2145 104 2206 ad
120 2147 251 2228 Papam,
266 2151 297 2207 et
312 2153 417 2207 contra
430 2143 569 2206 imminet
590 2144 758 2225 periculum
773 2147 877 2210 mortis
900 2147 945 2212 vel
961 2149 1036 2212 infa-

70 2233 134 2298 miae
162 2240 219 2298 aut
240 2233 394 2312 scandali,
417 2234 442 2294 si
462 2233 606 2314 conjuges
628 2243 817 2316 separentnr;
844 2237 890 2300 vel
911 2239 1034 2300 inconti-

73 2324 197 2402 nentiae,
223 2324 248 2386 si
272 2341 334 2384 non
358 2329 533 2404 separentur
558 2341 565 2383 :
588 2324 662 2386 ratio
684 2330 730 2387 est
751 2325 821 2406 quia
845 2334 1038 2408 praesumitur

72 2413 207 2478 Pontifex
220 2413 401 2484 consentire,
412 2413 482 2473 cum
498 2429 559 2472 non
573 2412 690 2493 ignoret
701 2413 745 2476 sic
758 2417 960 2478 communiter
969 2418 1039 2480 edo·

72 2504 138 2566 ceri.
154 2503 240 2566 Bene
253 2509 354 2564 brnen
370 2499 495 2563 advertit
513 2501 598 2563 Croix
617 2501 699 2584 quod
718 2503 741 2563 si
763 2502 945 2583 dispensatio
958 2524 1038 2567 corn·

74 2591 158 2656 mode
176 2609 234 2675 per
255 2590 411 2672 epistolam
426 2589 544 2671 possita
559 2592 590 2653 S.
606 2591 830 2652 Poenitentiaria
844 2591 986 2668 obtineri,
1001 2594 1039 2654 ad

74 2699 135 2744 carn
148 2691 195 2745 est
210 2678 444 2750 recurrendum,
459 2679 512 2740 etsi
527 2679 630 2761 plures
649 2677 861 2741 fornicationes
872 2680 1041 2742 materiales

75 2769 192 2835 interim
215 2769 397 2844 habeantur,
419 2786 505 2831 secus
523 2768 547 2830 si
568 2766 709 2828 formales
725 2783 733 2827 ε
748 2765 800 2828 ubi
824 2773 895 2828 noia
915 2766 996 2848 qudd
1015 2766 1041 2830 si

75 2861 218 2943 conjuges
245 2857 360 2922 sintin
391 2857 472 2920 bont
504 2856 586 2934 fide,
610 2857 643 2918 in
673 2857 709 2918 ct
735 2865 806 2918 sunt
832 2855 1040 2938 relinquendi,

76 2951 196 3030 qnando
218 2953 298 3012 essct
313 2946 482 3031 periculum
506 2945 657 3023 infamiae,
682 2945 814 3008 scandali
836 2951 890 3009 aut
911 2945 1040 3011 inconti-

77 3042 196 3116 nentiae,
210 3039 236 3102 si
251 3043 447 3100 monerentur
469 3036 614 3116 conjuges
636 3032 675 3098 de
695 3035 829 3098 nullitate
844 3035 1040 3101 matrimonii.

78 3127 149 3192 vide
169 3131 201 3194 S.
217 3129 339 3211 Ligdor.
357 3127 418 3202 (lib.
434 3129 470 3204 6,
494 3133 527 3188 n⁰
545 3127 650 3205 lf13);
667 3123 779 3187 Bened.
795 3126 861 3188 XIV
883 3125 937 3206 (Dc
950 3125 1044 3208 Sym,

79 3217 128 3282 lib.
139 3223 171 3296 9,
185 3237 253 3302 cap.
264 3221 295 3296 2,
306 3226 340 3280 ιι·
351 3221 392 3298 1),
406 3217 459 3299 qui
468 3215 559 3298 exigit
568 3222 603 3278 ut
615 3214 841 3276 matrimonium
854 3216 892 3278 sit
904 3211 1043 3280 c'onsum·

79 3316 204 3372 matum.

118 3401 208 3461 4396.
229 3397 320 3463 Utin
333 3395 456 3479 praefato
478 3413 549 3458 casu
564 3393 730 3476 Episcopus
743 3393 837 3475 possit
849 3393 1040 3478 dispensare.
1055 3415 1058 3422 ⁴

83 3485 189 3550 suffieit
201 3485 282 3570 qudd
300 3483 525 3550 matrimonium
545 3481 634 3546 fuerit
650 3482 729 3546 bont
742 3482 802 3545 fide
815 3483 919 3546 saltem
933 3501 970 3544 ex
984 3485 1045 3543 unt

85 3583 166 3654 parte
181 3573 287 3641 initum
301 3579 378 3658 (cap.
395 3573 476 3670 Ciem
482 3572 639 3650 inhibitio,
654 3572 688 3634 de
701 3569 874 3633 clandestin.
903 3569 1028 3647 despons.
1021 3607 1043 3640 .,
