2462 3972
427 219 513 268 ursus
534 217 692 266 ssconnus.
984 201 1042 272 m
1113 181 1114 184 ¹

115 315 221 376 etsu-
231 314 294 376 -V.
310 313 404 393 Major
413 319 458 376 cst
470 311 628 374 difficultas
642 311 680 374 dc
694 310 781 373 bonis
791 311 875 374 mere
888 311 1043 375 ecclesias·
1141 375 1142 378 ,

78 399 141 463 ticis
167 419 236 484 quae
263 402 396 465 honestae
419 400 626 465 sustentationi
654 406 825 481 supersunt.
852 400 975 464 Certum
1001 407 1047 464 est

78 488 199 571 quidem
222 491 429 554 beneficiarios
449 490 545 552 teneri
568 489 624 551 sub
644 488 762 552 mortali
780 488 898 570 elargiri
919 490 950 552 in
973 507 1048 554 usus

79 579 143 659 pios
164 584 215 642 aut
234 579 441 662 eleemosynas
454 597 560 642 omnes
575 577 707 640 redditus
726 577 778 658 qui
801 584 964 660 supersunt
984 597 1048 642 suae
1146 605 1147 662 j

79 665 210 729 honesta.
223 669 432 730 sustentationi
448 688 455 729 :
471 669 511 730 ite
529 669 561 730 S.
576 666 685 729 Thom.
701 665 741 745 (E,
757 670 787 742 E,
803 685 833 749 q.
852 669 921 745 tas,
936 673 991 730 art.
1005 667 1046 750 7),
1161 669 1171 710 V
1193 665 1219 722 ‘⁵³1'

79 755 178 817 etalii
206 759 408 819 communiter
425 757 492 819 :sic
519 757 602 819 enim
625 753 714 816 habet
735 772 802 835 cap.
828 754 966 838 Quisquis
989 759 1048 835 la,
1216 769 1225 816 ὲ,

79 837 168 906 causa
185 849 231 920 ¹2,
247 863 278 926 q.
293 848 312 906 E
328 864 336 906 ε
353 845 525 929 «Quisquis
543 845 709 927 Episcopus
726 843 772 904 vel
796 841 896 906 Abbas
911 845 1050 908 inventus
1168 857 1179 882 ·'

80 954 95 990 u
119 931 207 995 luerit
226 933 265 996 de
281 935 396 997 salariis
414 935 575 1016 Episcopi,
589 933 635 994 vel
655 931 828 994 monasterii
842 932 891 994 alii
913 951 1050 1015 personae
1139 943 1140 946 ’
1170 947 1194 1014 :24
1207 931 1224 994 35.»

80 1044 96 1080 c
119 1019 274 1101 conterre,
299 1023 417 1086 irritum
435 1024 473 1086 sit
497 1021 579 1104 quod
601 1020 706 1084 datum
726 1038 792 1082 esse
814 1021 1047 1085 constiterit...»
1194 1019 1197 1028 '

81 1109 155 1171 Vide
169 1111 258 1172 etiam
272 1129 339 1193 cap.
357 1115 409 1175 lies
421 1112 547 1174 ecclesio
560 1115 610 1190 25,
626 1127 717 1173 causa
731 1112 780 1184 ts,
796 1129 827 1192 q.
846 1115 874 1171 l.
1160 1155 1168 1192 r
1201 1185 1202 1190 ἵ

121 1200 210 1260 star.
233 1201 267 1261 ln
282 1199 339 1262 hoc
351 1207 451 1263 autem
465 1207 499 1263 ut
512 1199 636 1261 materia
649 1206 807 1261 censeatur
821 1199 934 1280 gravis,
954 1201 1051 1264 multo
1209 1197 1218 1262 ζ

81 1287 177 1364 major
190 1289 351 1369 requiritur
373 1289 522 1370 quantitas
542 1290 634 1370 quiam
653 1286 683 1348 in
700 1284 934 1369 furtosquidam
948 1289 1051 1352 volunt
1170 1291 1176 1318 ²
1200 1293 1203 1298 '

81 1375 118 1438 ad
133 1376 311 1460 hocrequiri
322 1386 458 1460 quartam
468 1379 514 1440 vel
528 1378 664 1460 quintam
679 1381 794 1457 partem
809 1375 1049 1458 superfluorum3
1169 1389 1170 1392 ’
1213 1387 1228 1454 ’,

80 1463 132 1525 sed
144 1466 250 1541 autu,
262 1467 560 1548 inquitS.Liguorius
570 1465 636 1545 (iu,
645 1467 705 1544 lvi,
714 1463 822 1528 sufficit
831 1465 1052 1548 parsvigesima
1227 1459 1228 1488 ¹

82 1553 119 1614 nd
135 1555 290 1616 materiam
305 1573 425 1636 gravem
439 1555 692 1618 constituendam.

122 1646 212 1704 5432.
239 1665 254 1700 a
275 1643 414 1723 Congrua
429 1644 605 1707 sustentatio
627 1649 753 1707 nonest
774 1645 898 1726 aequalis
915 1645 1053 1729 respectu

82 1751 97 1788 a
122 1731 279 1804 omnium,
304 1735 375 1813 quia
389 1733 457 1814 plus
470 1731 595 1813 requirit
608 1733 775 1814 Episcopus
789 1735 881 1814 quarn
896 1737 1051 1810 Decanus,

82 1841 97 1876 a
122 1821 261 1882 Decanus
274 1823 367 1900 quarn
385 1821 554 1883 Canonicus
568 1869 576 1894 ‚
591 1822 761 1884 (laconicus
780 1822 810 1883 in
830 1823 954 1886 ecclesia
969 1827 1052 1904 prin-

82 1931 98 1967 u
123 1909 211 1989 cipali
227 1912 318 1989 quam
333 1910 500 1991 parochus,
516 1909 622 1970 debilis
636 1917 666 1971 et
676 1917 761 1972 tener
770 1913 862 1992 quam
870 1911 1010 1975 robustus
1023 1919 1054 1975 ct

83 2020 97 2058 a
122 1997 1054 2084 valens‚etqu0dsutlicitinunolocononsutiicitinaliozqua·

83 2109 98 2146 a
124 2087 360 2168 propterattcndi
368 2087 458 2149 debet
466 2087 503 2149 ad
511 2105 599 2150 usum
610 2088 737 2149 eliorum
747 2089 891 2151 timorata
900 2091 1055 2154 conscien-

83 2198 98 2234 c
122 2176 172 2236 tiae
187 2175 216 2236 in
232 2176 338 2237 eodem
353 2176 463 2256 gradu,
483 2181 540 2238 etc.
556 2178 619 2238 Nec
631 2177 728 2238 obstat
742 2177 824 2258 quod
844 2177 1055 2243 beneficiarius

84 2285 98 2321 c
123 2264 280 2326 emerserit
292 2282 330 2326 ex
342 2265 471 2344 humili,
495 2265 659 2348 quominus
673 2266 766 2347 possit
782 2267 870 2330 statui
884 2285 939 2330 suo
949 2287 1055 2332 conve·

83 2374 97 2414 o
125 2354 241 2414 nicolas
253 2360 390 2436 sumptus
404 2353 511 2416 lacere.
527 2375 542 2413 a
560 2353 660 2436 (Apud
674 2355 705 2417 S.
717 2355 795 2436 Lig.‚
810 2355 863 2420 lib.
878 2362 909 2434 tl,
925 2366 959 2417 nt
974 2361 1055 2438 182.)

124 2445 214 2504 5433.
237 2443 410 2523 Disputatur
432 2449 532 2506 autem
558 2461 597 2504 an
626 2442 834 2506 beneficiarius
858 2449 996 2506 teneatur
1022 2447 1055 2508 in

83 2530 151 2613 pios
188 2548 262 2593 usus
296 2529 484 2612 superfluum
513 2531 665 2593 bonorum
698 2532 969 2594 ecclesiasticorum
996 2535 1054 2595 im-

46 2639 48 2642 ·
83 2617 218 2700 pendere
233 2619 392 2698 exjustitia
406 2620 452 2681 vel
466 2619 564 2681 solium
579 2635 617 2680 ex
625 2620 731 2681 virtute
739 2620 912 2700 religionis3
929 2621 1056 2702 proinde

83 2725 124 2770 sn
138 2714 276 2769 teneatur
289 2707 327 2768 ad
339 2706 556 2770 restitutionem
570 2706 594 2767 si
604 2706 753 2788 expandat
762 2707 793 2768 in
806 2725 879 2770 usus
891 2708 1054 2790 profanos:

83 2795 197 2876 duplex
219 2801 264 2858 est
286 2795 452 2858 sententia:
470 2797 589 2878 primo,
612 2813 679 2876 quae
698 2803 741 2858 est
761 2795 845 2859 valde
864 2799 1057 2862 communior

83 2884 164 2946 inter
178 2883 350 2962 modernos,
362 2890 460 2966 negat,
473 2892 501 2947 et
511 2891 556 2946 sat
566 2883 750 2966 probabilem
764 2893 922 2948 eamvocat
932 2888 963 2949 S.
975 2888 1054 2969 Ligq

83 2974 252 3054 praesertim
267 2972 306 3034 ob
318 2973 524 3035 auctoritatem
534 2975 565 3035 S.
581 2972 704 3035 Thomas
714 2975 766 3055 qui
777 2973 857 3036 illam
866 2975 1057 3057 amplectitur

83 3063 116 3123 in
147 3059 316 3136 Quodlibeto
333 3064 371 3138 6,
393 3067 448 3122 art.
473 3061 636 3138 122ad33
662 3063 737 3124 ratio
760 3065 821 3144 qut
839 3065 989 3147 praecipue
1013 3067 1057 3129 ni·

83 3155 192 3213 tuntur
214 3150 307 3232 ipsius
325 3151 442 3231 patroni
461 3151 605 3232 estquod
624 3157 691 3232 post
710 3149 887 3215 divisionem
906 3153 1056 3220 bonorum

83 3237 355 3300 ecclesiasticorum
366 3239 397 3299 in
408 3243 536 3319 quatuor
546 3247 655 3319 partes,
666 3239 703 3301 de
717 3241 778 3321 qut
787 3241 898 3322 pluries
911 3241 1054 3322 diximus,

80 3345 157 3410 pars
177 3327 293 3390 clericis
306 3327 456 3408 assignata
471 3329 502 3388 in
516 3327 686 3389 dominium
706 3327 778 3408 ipsis
797 3329 853 3393 fuit
865 3329 952 3393 data:
976 3333 1056 3396 unde

84 3415 177 3476 rerba
190 3414 303 3477 Concil.
319 3410 453 3477 Trident.
471 3417 557 3494 (sess.
575 3421 661 3494 iim.
679 3421 727 3494 tu,
738 3416 773 3479 de
787 3419 923 3498 reform.)
939 3439 947 3481 :
967 3423 1055 3483 uPri-

83 3527 98 3564 u
125 3511 211 3565 vetur
228 3504 352 3567 dimidia
374 3511 458 3586 parte
476 3505 628 3567 fructuum
649 3524 725 3586 quos
741 3508 857 3568 ratione
878 3508 968 3568 etiam
983 3527 1056 3589 praa

83 3613 100 3666 ρ
128 3592 235 3652 bendae
248 3611 283 3654 ac
298 3592 465 3654 residentiae
478 3593 550 3674 fecit
563 3611 636 3654 suos.
652 3616 668 3653 u
692 3595 722 3656 Si
740 3593 920 3656 beneficiarii
934 3613 998 3654 suos
1011 3597 1053 3656 la·
