2452 3946
368 238 453 286 amen
474 239 632 289 secururs.
928 229 986 298 139

79 335 151 398 3789.
161 334 269 416 Duplex
284 335 492 418 distinguitur:
507 339 639 420 Perfecto
650 338 784 422 quidem,
800 344 985 424 quaeestde·

49 423 141 486 testatio
149 431 209 486 crta
221 443 256 487 er
266 426 386 506 speciali
398 427 505 488 motivo
513 427 666 490 charitatis
677 429 825 512 perieotae,
836 449 889 496 seu
900 433 985 496 boni·

48 511 99 598 tatis
108 512 152 574 llei
165 521 282 594 propter
296 531 329 578 sc
343 516 461 578 summe
475 515 585 578 dilecti.

76 599 231 684 imperfecto
244 610 345 665 autem
366 623 434 687 quae
447 605 567 666 attritio
580 611 718 683 vocatur,
732 613 763 670 et
775 615 819 670 est
832 609 987 674 detestatio

46 690 135 766 macari
147 699 208 754 orta
221 710 256 754 ex
272 695 384 756 motivo
397 693 518 778 quidem
533 696 768 778 supernaturali,
779 697 832 758 sed
846 698 987 762 charitate

46 775 150 856 perlecti
167 779 316 857 inferiori3
338 802 366 844 r.
390 803 419 864 g.
436 802 470 845 ex
487 791 569 846 metu
586 784 715 860 interni,
739 791 790 847 aut
804 787 988 866 turpitudine

46 869 303 952 aucupandam
325 872 533 954 apprehensi,
549 880 600 934 aut
614 891 651 935 ex
671 891 775 936 amore
797 873 988 938 beatitudinis

47 961 139 1018 eterna
150 1005 157 1036 ,
170 965 225 1020 etc.
759 995 762 1000 ·

74 1047 162 1108 unnts
178 1049 333 1125 contritio,
358 1048 447 1112 etiam
463 1049 647 1133 imperfecta,
662 1049 753 1114 debet
766 1067 832 1115 esse
852 1051 985 1128 interno,

46 1139 270 1216 operatur-olis,
285 1139 462 1202 uniuersalis
476 1147 504 1202 et
519 1160 639 1202 sommo.

74 1226 145 1288 areu.
158 1229 303 1290 Contritio
316 1227 448 1312 perlecta
465 1230 562 1290 statim
574 1229 733 1308 Justiticat,
745 1231 836 1294 mcdd
850 1231 879 1296 in
894 1233 987 1314 pacni·

47 1315 149 1376 trutesit
161 1317 265 1378 saltem
286 1324 392 1380 notum
410 1318 589 1400 implicitum
605 1317 642 1380 ad
662 1319 762 1382 minus
784 1321 918 1382 mortalia
933 1341 986 1383 sua

47 1401 187 1482 mutilandi
203 1407 349 1468 Contritio
364 1407 434 1467 rerd
449 1407 620 1489 imperfecta
635 1425 695 1470 non
707 1409 848 1486 justificat
862 1411 917 1471 nisi
934 1429 987 1494 per

46 1503 246 1572 aeramentum,
254 1495 308 1558 sed
319 1515 383 1556 cum
395 1515 435 1570 eo,
448 1495 733 1578 adjustificotionem
743 1497 983 1580 disponitltlonc.

46 1577 115 1654 irid,
128 1601 197 1646 sess.
215 1588 265 1662 tt,
281 1603 351 1666 cap.
367 1589 408 1662 l).

72 1670 181 1750 llererd,
195 1693 231 1736 ex
247 1674 358 1736 eodem
380 1676 471 1736 Cone.
490 1675 572 1752 (sess.
591 1679 621 1750 6,
637 1693 710 1762 cap,
726 1678 754 1756 6)
769 1725 777 1754 ,
793 1677 987 1757 adjustitiam

46 1763 262 1842 recuperandam,
277 1763 444 1848 requiritur
458 1763 578 1844 aliquod
594 1763 711 1825 initium
726 1769 838 1827 amoris
853 1766 904 1826 Dei
921 1773 986 1826 tan·

45 1865 109 1924 quam
122 1855 216 1915 omnis
227 1853 353 1936 justitia?¹
366 1852 472 1928 lontis;
487 1853 538 1914 sed
553 1853 670 1933 quoties
684 1855 793 1915 attritio
806 1855 987 1916 voluntatem

45 1941 317 2019 manutenenda,
333 1949 361 2004 et
375 1959 445 2004 cum
465 1961 518 2024 spe
531 1941 626 2003 veniae
641 1942 749 2004 excitat
762 1941 799 2004 ad
815 1941 987 2006 iaciendum

43 2029 101 2102 quod
113 2030 307 2116 impositurus
317 2030 353 2092 sit
367 2031 504 2094 sacerdos
518 2029 555 2092 ad
570 2029 764 2093 obtinendam
779 2032 986 2095 remissionem

44 2127 223 2198 paratorum,
244 2120 438 2197 necessarid,
457 2127 489 2182 ut
509 2119 641 2196 ridetur,
657 2121 790 2184 continet
808 2122 839 2184 in
861 2139 893 2184 se
914 2122 985 2185 illud

45 2202 132 2270 initium
145 2211 258 2273 amoris
275 2211 327 2271 Dei
342 2216 485 2290 tanquam
500 2209 600 2271 omnis
615 2209 735 2287 justitiae
749 2209 857 2274 sontis:
874 2213 985 2276 etenim

49 2301 179 2362 naemrid
192 2301 305 2366 saltem
320 2297 426 2380 incipit
440 2298 483 2360 sic
497 2301 594 2360 Deum
608 2298 732 2380 diligere
743 2300 794 2382 qui
811 2301 889 2362 illius
899 2301 986 2381 justi·

49 2381 94 2444 tiam
105 2391 227 2471 appetit,
249 2387 290 2450 ad
305 2387 385 2449 illam
400 2386 513 2464 tendit,
529 2393 559 2449 et
572 2387 614 2450 illi
632 2389 694 2450 ruit
714 2389 882 2452 satisfacere
898 2399 986 2474 prout

46 2467 81 2532 riti
92 2474 170 2540 tuerit
183 2476 381 2562 impositum
397 2483 562 2560 possuntne
580 2475 752 2558 hujusmodi
771 2485 855 2541 actus
868 2479 934 2540 elici
948 2481 985 2542 ab

44 2575 67 2618 tt
79 2567 120 2644 qui
131 2585 186 2630 nec
205 2567 301 2630 etiam
316 2565 435 2648 incepit
451 2566 595 2644 iustitiam
611 2567 682 2642 llei,
698 2573 728 2628 et
741 2567 867 2648 proinde
887 2569 984 2630 Deum

43 2657 114 2716 ¹mnis
123 2657 245 2736 justitiae
260 2653 375 2716 iorroem
393 2654 519 2717 amare?
532 2655 636 2717 Meritd
652 2655 740 2736 igitur
761 2655 874 2715 Concil.
890 2655 984 2734 Trid.,

42 2737 61 2798 iu
77 2761 131 2827 cup.
154 2750 186 2824 l,
209 2762 287 2808 sess.
311 2748 368 2820 ll,
383 2743 455 2806 dicit
476 2744 565 2806 talem
584 2744 786 2810 attritionem,
799 2741 985 2824 penitentem

40 2829 67 2888 rt
83 2833 130 2896 Ilei
148 2835 300 2918 matiam,
324 2833 547 2895 iaaooromento
569 2830 757 2896 Paenitentia
774 2829 986 2913 impetrandam

40 2915 171 3000 deponere,

67 3013 142 3076 aaut.
157 3017 503 3078 Gonnoveruturautem
514 3031 552 3074 an
567 3011 604 3074 ad
614 3009 793 3074 validitatem
808 3013 985 3076 sacramenti

40 3093 210 3176 tentantia,
233 3103 372 3166 contritio
386 3102 492 3164 debeat
506 3103 571 3164 clici
591 3119 661 3164 cum
680 3103 847 3164 intentione
867 3103 985 3166 conlas-

40 3185 123 3266 ronta
138 3193 190 3256 sed
204 3192 341 3274 quamvis
355 3193 502 3252 sententia
516 3207 630 3272 negans
644 3190 778 3254 rideatur
792 3192 984 3276 probabilior,

41 3269 60 3331 lt
77 3281 148 3356 praxi
166 3289 269 3346 tamen
290 3281 393 3364 opinio
411 3281 564 3342 aliirmaus
582 3285 628 3341 est
647 3281 818 3362 sequenda;
835 3289 879 3344 est
903 3285 983 3346 enim

41 3366 177 3438 probabilis
189 3378 218 3433 et
238 3370 350 3445 tutior3
369 3371 458 3450 porri>
474 3369 503 3430 in
524 3371 734 3447 sacramentis,
750 3371 871 3452 quando
889 3375 985 3453 agitur

16 3449 66 3511 rie
87 3455 200 3520 illorum
230 3457 397 3536 validitate,
421 3458 568 3519 sententia
599 3459 689 3520 tutior
715 3459 854 3542 amplecti
884 3461 982 3526 debet.

17 3539 134 3612 ,iruna
158 3553 204 3612 est
222 3549 314 3611 etiarn
336 3547 577 3610 concludendum
602 3565 656 3628 pro
677 3549 759 3629 praxi
789 3549 869 3629 qudd
892 3568 985 3613 norun

40 3637 105 3696 tetus
116 3639 301 3702 contritionis
309 3638 347 3700 sit
360 3635 534 3716 eliciendus,
544 3653 616 3700 casu
630 3655 704 3720 quo,
714 3637 812 3698 statim
821 3645 889 3716 post
897 3639 984 3696 abso·
