2462 3972
419 215 504 261 arnna
525 215 682 262 secururs.
982 202 1040 260 689

71 329 143 373 men
157 311 276 374 duobus
289 313 407 376 casibus
429 314 643 393 posterioribus
663 314 826 396 requiritur
843 314 949 378 saltem
969 333 1042 376 con-

70 416 179 460 sensus
193 401 332 482 Episcopi
348 401 404 462 nisi
410 401 483 463 torte
491 407 629 482 ageretur
638 401 676 464 de
685 403 874 484 regularibus
884 401 1040 483 exemptis.

117 510 133 546 a
153 487 239 550 Natta
262 489 503 564 consuetudine,
532 489 630 570 inquit
654 490 808 554 lteilienst.
833 492 894 570 (lib.
925 494 967 568 3,
995 491 1040 552 tit.

69 600 85 635 a
111 581 170 650 El,
196 585 230 638 n⁰
257 581 326 656 at),
352 577 500 640 introduci
528 585 625 659 potest
647 579 729 661 qubd
757 581 895 664 Episcopi
921 579 965 642 vel
993 578 1041 642 alii

69 689 85 722 n
111 664 225 746 praelati
239 665 319 728 bona
332 666 474 728 Ecclesiae
499 666 665 730 immobilia
684 668 730 730 vel
751 670 873 732 mobilia
892 669 1040 750 pretiosa,

65 779 84 813 s
110 761 163 816 aiut
176 755 232 816 alia
245 755 276 815 in
292 757 401 836 magna
414 755 596 836 quantitate,
612 773 664 818 seu
685 758 786 840 magni
801 759 965 828 momenti,
981 757 1042 818 suis

68 867 84 901 n
110 843 360 924 consanguineis,
376 843 421 905 rel
440 845 476 906 ad
498 844 587 908 aliam
610 863 733 907 oausam
756 847 910 928 profanam
929 846 1042 907 donare

68 955 84 988 n
109 930 269 994 valeant.»
288 933 372 994 Ratio
384 938 430 994 ast
443 933 524 1014 qudd
540 933 659 996 illorum
671 933 822 997 bonorum
843 953 905 996 non
924 939 969 996 est
986 933 1040 994 do·-

69 1021 175 1083 nrinus
184 1021 234 1083 sed
245 1019 635 1098 administratorduntaxat3
650 1025 740 1104 porro
750 1023 971 1084 administrator
985 1041 1041 1084 noc

69 1110 153 1172 licitb
171 1128 227 1172 nec
240 1109 335 1172 valide
349 1117 445 1191 potest
458 1110 617 1193 disponere
630 1111 668 1174 de
682 1131 714 1174 re
728 1130 797 1194 quae
817 1130 879 1174 non
898 1118 942 1173 est
961 1129 1014 1172 sua
1030 1132 1037 1170 ε

69 1198 154 1262 unde
167 1199 198 1258 in
211 1217 277 1280 cap.
292 1199 560 1272 Fraternitatemi,
571 1198 606 1261 de
619 1199 831 1278 donationibus,
840 1201 883 1262 sic
892 1200 1040 1281 Episcopo

70 1287 231 1350 Parisiensi
246 1287 342 1350 aiebat
356 1287 524 1350 Alexander
535 1291 573 1350 lll
589 1308 597 1350 :
617 1291 965 1352 «Fraternitatemtuam
979 1307 1041 1350 cre·

68 1399 84 1434 u
110 1376 213 1438 dimus
231 1395 293 1438 non
308 1377 398 1438 latere
412 1377 493 1457 qudd
506 1378 576 1440 cirin
597 1379 763 1462 Episcopus
779 1389 807 1440 et
822 1378 946 1460 quilibet
964 1380 1041 1440 Prae·

68 1487 84 1522 a
111 1463 190 1528 latus
203 1465 469 1528 ecclesiasticarum
483 1483 586 1528 rerum
601 1467 639 1528 sit
658 1474 832 1549 procurator
857 1474 887 1530 et
905 1485 967 1530 non
989 1466 1041 1528 du

69 1577 84 1612 o
111 1553 233 1630 minuS,
248 1554 451 1616 conditionem
466 1556 607 1618 Ecclesiae
628 1558 785 1619 meliorare
793 1563 900 1638 potest,
916 1555 1041 1618 deterio-

67 1666 82 1702 ι
110 1660 177 1704 rem
188 1661 249 1704 non
259 1642 462 1704 laceredebet.
478 1645 746 1727 Accepimusqudd
762 1646 961 1727 praedecessor
972 1654 1040 1706 tuus

67 1756 82 1790 o
111 1749 216 1812 graves
225 1730 476 1793 donationesleoit
490 1733 520 1792 in
534 1730 748 1795 detrimentum
758 1733 911 1806 Ecclesiae,
923 1734 984 1794 suis
994 1753 1040 1795 ca·

67 1845 82 1878 o
111 1821 229 1882 noniois
243 1820 435 1895 inconsultis,
452 1819 533 1883 unde
547 1822 685 1904 qnoniam
698 1822 864 1882 donationes
873 1820 1039 1900 hujusmodi

68 1933 82 1968 a
109 1907 224 1990 dejare
236 1927 293 1970 noa
308 1916 420 1979 tenent,
439 1909 631 1991 indulgemus
645 1911 697 1972 tibi
712 1917 746 1972 ut
759 1910 845 1971 liceat
862 1909 1038 1972 donationes

68 2021 82 2054 n
103 1997 277 2078 hujusmodi
292 2015 442 2060 revocare.
457 2019 473 2057 a

111 2089 204 2148 saal.
228 2087 359 2148 Possunt
373 2093 472 2149 tamen
487 2088 627 2169 Episcopi
641 2087 731 2149 etalii
745 2087 939 2150 ecclesiamm
963 2091 1039 2150 Prae

73 2175 121 2238 lati
135 2174 313 2237 donationes
327 2176 596 2255 remuneratorius,
621 2175 710 2238 etiam
725 2176 959 2258 magnas‚modb
980 2178 1039 2238 sint

70 2264 302 2344 proportionata
315 2264 429 2326 meritis
442 2270 472 2326 et
485 2264 636 2346 obsequiis
650 2264 803 2347 praestitis,
819 2264 915 2328 lacere
930 2267 960 2328 in
971 2287 1037 2348 gra-

69 2353 141 2414 tiam
155 2370 261 2414 corum
276 2352 327 2433 qui
340 2353 371 2412 in
386 2352 543 2414 ecclesiam
557 2353 602 2414 vel
616 2353 648 2414 in
660 2354 759 2435 ipsum
773 2353 933 2415 Praelatum
950 2353 1039 2417 bene

70 2441 119 2502 lici
134 2440 228 2502 luero.
245 2441 278 2502 ld
292 2441 408 2502 eruitur
419 2459 455 2502 ex
470 2442 597 2522 ipsomet
618 2461 684 2522 cap.
701 2445 740 2517 5,
756 2441 790 2502 de
816 2441 1036 2520 donationibus,

69 2529 122 2592 ubi
136 2529 388 2592 remunerationis
411 2533 512 2606 causa,
534 2535 677 2610 tanquam
705 2529 784 2590 licita
805 2536 835 2590 et
852 2530 947 2590 valida
968 2551 1036 2612 pro-

68 2617 159 2681 batur
172 2617 353 2694 infeudatio,
375 2617 443 2680 licet
460 2619 532 2679 alias
555 2617 738 2695 infeudatio,
754 2617 830 2678 siout
844 2617 986 2695 donatio,
1002 2621 1037 2680 sit

68 2706 218 2788 prohibita
225 2705 263 2768 ab
270 2706 766 2788 ExtravaganteAmbitiosoe:ratio
773 2714 818 2768 est
829 2707 899 2788 quia
916 2705 1038 2770 donatio

67 2795 306 2858 remuneratoria
317 2814 377 2857 non
387 2803 519 2857 estmera
528 2795 703 2872 liberalitas,
715 2795 934 2858 sedestsolutio
945 2795 1036 2858 debiti

67 2883 259 2966 gratitudinis
265 2903 274 2960 ;
288 2882 461 2964 hujusmodi
475 2890 577 2946 tamen
591 2885 712 2946 donatio
725 2885 749 2945 si
769 2882 908 2948 debonis
925 2885 1038 2948 immo-

66 2973 179 3034 bilibus
189 2979 242 3034 aut
255 2973 417 3034 mobilibus
430 2974 566 3053 pretiosis
581 2973 649 3050 liat,
660 2973 758 3034 vestiri
767 2973 857 3036 debet
869 2974 1039 3038 solemnita-

66 3063 148 3122 tibus
158 3061 307 3141 requisitis
317 3079 371 3142 pro
381 3060 487 3122 talium
497 3061 685 3124 alienatione.
699 3063 747 3142 (V.
764 3063 929 3142 steinensi,
939 3063 991 3128 lib.
1004 3067 1036 3144 3,

67 3150 110 3210 tit.
128 3155 180 3226 El,
197 3148 238 3210 n¹⁸
252 3151 371 3228 40-43.)

106 3241 198 3300 5325.
222 3241 295 3300 ltem
306 3257 343 3300 ex
357 3242 446 3302 causa
458 3239 574 3320 pietatis
586 3241 701 3300 l'raetati
717 3247 856 3321 possunt,
869 3243 957 3304 etiam
973 3245 1037 3306 sinc

65 3344 219 3388 consensu
233 3327 381 3408 Capituli,
396 3327 571 3409 impendere
585 3329 616 3389 in
630 3345 722 3410 opera
736 3329 800 3410 pia,
815 3330 915 3392 autad
936 3331 1035 3394 suble-

64 3433 176 3478 vamen
191 3434 359 3498 pauperum
372 3423 484 3478 ceram
503 3423 617 3498 partem
636 3417 785 3479 bonorum
806 3419 946 3480 Ecclesiae
969 3441 1037 3501 qnae

64 3503 260 3567 determinari
274 3505 364 3566 debet
377 3523 414 3566 ex
432 3505 619 3568 facultatibus
634 3505 774 3568 Ecclesiae
788 3513 816 3566 et
832 3507 897 3566 aliis
912 3507 1038 3568 circum·

64 3593 196 3671 stantiis,
209 3593 372 3674 praesertim
381 3613 417 3655 ex
425 3595 599 3657 necessitate
607 3593 821 3670 indigentium:
832 3595 906 3654 ratio
915 3599 1035 3674 estquis
