2474 3946
158 171 216 232 aab
396 187 533 236 struma
553 187 654 236 sonus
674 187 756 236 rucis
775 187 921 236 cartorum.

194 285 286 346 1926.
308 283 386 345 Casu
399 288 501 346 autern
524 301 605 365 quo,
619 283 814 352 matrimonio
838 304 894 366 per
908 283 1131 365 iudiciumllc·
1232 293 1233 362 t

153 371 253 435 clasiae
281 369 322 432 ob
352 372 565 436 arctitudinem
598 372 732 434 mulieris
761 380 898 454 respectu
924 373 977 436 viri
1012 373 1129 450 soluto,

149 469 258 543 postca
270 459 379 522 mulier
388 467 622 541 cognosceretur
632 464 648 523 1
659 461 791 525 secundo
800 461 876 540 viro,
890 467 983 544 elper
992 461 1133 544 trequen-

150 555 217 610 tem
242 565 332 612 usum
362 550 497 630 coniugii
525 556 593 630 apta
622 550 719 630 primo
743 549 937 629 redderetur,
966 549 1132 620 deberetne

157 637 268 700 mulier
281 637 319 700 ad
342 637 425 700 buno
439 639 572 720 primum
593 637 713 700 redire?
727 673 767 684 -
786 638 901 701 Dicitur
918 639 950 702 in
963 657 1031 721 cap.
1047 640 1132 702 Fra·

158 725 325 804 ter-nitatis,
344 725 426 809 qudd
449 726 474 789 si
493 727 601 790 mulier
618 745 681 789 non
699 733 815 809 poterat
833 727 917 790 reddi
936 735 1004 810 apta
1031 727 1133 810 primo

157 815 214 876 nisi
229 834 300 878 cum
315 816 449 898 periculo
463 817 585 893 mortis,
600 822 674 879 tunc
687 834 750 878 non
768 815 858 878 debet
871 815 989 895 redire,
1005 835 1093 879 sectu
1106 815 1131 879 si
1233 845 1234 894 r

158 912 273 986 poterat
293 906 359 967 sine
372 905 422 966 tali
439 905 573 987 periculo
594 925 603 968 ι
633 923 672 967 an
689 905 760 968 verb
778 904 887 980 debeat
906 905 1035 984 judicari
1048 904 1134 986 qubd

158 994 304 1076 potuisset
317 993 401 1057 reddi
414 1001 483 1076 apta
497 993 617 1057 sinetali
633 994 779 1076 periculo,
794 1013 831 1057 ex
844 1011 882 1058 eo
895 993 976 1076 qudd
990 993 1067 1058 lacta
1076 993 1136 1057 luit

158 1091 227 1165 apta
241 1103 295 1165 per
309 1102 398 1148 usurn
413 1083 562 1165 conjugii,
577 1083 641 1146 dari
656 1085 760 1165 nequit
774 1083 878 1164 regula
898 1083 1025 1147 omnino
1038 1101 1133 1165 gene·

159 1173 246 1250 ralis,
262 1173 314 1235 sed
328 1173 386 1236 hoo
399 1172 532 1254 pendere
546 1171 636 1234 debet
648 1190 684 1234 ex
699 1171 949 1252 circumstantiis,
964 1171 1003 1236 de
1020 1171 1138 1255 quibus

158 1261 224 1323 vide
240 1263 271 1323 S.
288 1261 410 1343 ltiguor.
428 1261 496 1342 (lib.
512 1265 546 1338 6,
564 1264 712 1340 1191098).
1234 1261 1235 1270 ’

198 1353 286 1411 mar.
310 1350 484 1431 Disputatur
497 1368 536 1412 an
550 1349 660 1412 mulier
673 1350 775 1433 inepta
788 1349 826 1414 ad
840 1349 982 1434 copulam
995 1349 1035 1414 ob
1045 1349 1136 1414 arcti-

159 1437 316 1518 tudinem,
336 1445 473 1501 teneatur
501 1438 680 1501 incisionem
705 1440 765 1522 pati
787 1459 857 1504 cum
880 1439 1015 1522 periculo
1035 1439 1136 1522 gravis

159 1525 257 1588 morbi
290 1546 298 1588 ι
325 1527 474 1593 sententia
506 1527 690 1610 probabilior
714 1537 745 1590 et
776 1529 1027 1594 communissima
1061 1528 1137 1592 dicit

159 1615 305 1678 seminam
319 1616 414 1679 teneri
439 1615 618 1679 incisionem
633 1617 694 1700 pati
707 1637 778 1681 cum
793 1620 873 1701 gravi
889 1618 1024 1681 molestia
1038 1624 1069 1680 et
1080 1617 1136 1682 do

160 1705 244 1785 lore,
265 1725 327 1769 non
348 1707 419 1768 rard
438 1724 509 1770 cum
531 1705 665 1788 periculo
684 1708 790 1769 mortis
810 1725 909 1788 neque
927 1707 1017 1768 etiarn
1035 1707 1136 1788 graus

162 1795 270 1858 morbi.
282 1795 374 1858 Valde
388 1803 489 1859 tamen
498 1795 652 1878 probabile
661 1803 706 1858 est
719 1795 802 1878 qudd
815 1795 840 1858 si
850 1795 955 1858 incisio
969 1813 1030 1857 non
1040 1797 1138 1876 possit

161 1884 225 1947 deri
243 1883 300 1948 nisi
315 1900 508 1968 permenam
526 1883 676 1965 chirurgi,
693 1883 731 1946 ad
744 1903 812 1948 earn
825 1883 1013 1949 subeundam
1025 1884 1136 1948 mulier

161 1993 222 2036 non
250 1981 408 2055 teneatur,
442 1974 482 2037 ob
512 1974 735 2037 verecundiam.
759 1975 813 2056 (S.
846 1974 982 2057 Liguor,
1009 1971 1062 2036 lib.
1091 1977 1135 2054 6,

160 2074 194 2126 u·
212 2067 315 2144 1099.)

201 2153 389 2218 Probabilibs
415 2157 517 2217 autem
543 2159 661 2216 tenetur
696 2153 805 2216 mulier
831 2152 891 2236 pati
918 2153 1136 2217 reserationem

161 2244 281 2308 claustri
305 2243 476 2325 virginalis,
501 2243 591 2305 etiam
614 2261 669 2324 per
691 2241 813 2324 aliquod
832 2241 1085 2318 instrumentum,
1108 2243 1136 2306 si

160 2353 238 2414 opus
256 2331 294 2395 sit
314 2352 321 2394 :
346 2333 416 2415 quia
439 2333 495 2393 boc
515 2330 579 2393 fieri
597 2337 695 2413 potest
707 2331 753 2396 vel
772 2330 866 2394 tviro
888 2329 933 2395 vel
951 2333 970 2394 a
986 2331 1135 2412 muliere,

160 2423 226 2486 sine
241 2425 350 2506 magna
365 2421 511 2484 molestia.
526 2421 568 2499 (S.
585 2419 720 2502 Lignor,
736 2419 789 2482 lib.
804 2423 844 2490 6.
859 2427 893 2482 n·
908 2418 1009 2493 1100.)

200 2518 290 2578 1928.
315 2547 350 2559 -
364 2515 396 2572 t·
418 2509 462 2574 ot
482 2509 658 2570 mistionem
682 2510 767 2572 sexta
788 2509 964 2592 regulariter
988 2511 1139 2594 conjuges

160 2623 224 2671 non
237 2601 377 2666 videntur
389 2601 589 2682 impotentes:
604 2597 931 2682 hermaphroditianim
943 2599 1083 2681 aptisunt
1096 2601 1139 2666 ad

160 2712 252 2759 usum
275 2689 470 2755 matrimonii.
494 2689 533 2750 Et
555 2687 680 2769 quidam
702 2688 727 2750 sl
746 2705 826 2751 unus
846 2706 935 2752 sexus
957 2691 1136 2772 praevaleat,

161 2781 330 2848 secundum
345 2776 534 2845 illumvottde
548 2776 740 2840 contrahetur
749 2777 976 2840 matrimonium
991 2800 999 2839 ι
1015 2779 1040 2842 si
1051 2787 1137 2844 uter-

160 2891 222 2954 que
247 2873 285 2934 sit
307 2869 449 2950 aequalis,
474 2866 557 2951 optio
580 2866 638 2928 illis
661 2865 749 2929 datur
770 2865 912 2930 utrolibet
934 2873 1075 2946 utantur,
1096 2869 1139 2934 ila

161 2969 263 3022 tamen
276 2966 311 3022 ut
324 2976 416 3038 quem
430 2957 524 3021 semel
537 2955 682 3037 elegerint
695 2973 815 3038 semper
836 2957 994 3019 retineant.
1015 2959 1059 3019 lta
1074 2958 1138 3022 Bu·

161 3049 403 3129 sembaum,ap.
425 3047 457 3109 S.
478 3047 601 3127 Ligucr.
620 3045 682 3125 (lib.
700 3048 735 3123 6,
751 3054 784 3107 u·
801 3048 896 3120 1995,
911 3045 1009 3108 versiae
1020 3047 1136 3129 fineen).

201 3139 291 3200 abab.
315 3135 435 3208 Quaerit.
461 3135 538 3207 Ouid
555 3135 594 3197 sit
611 3131 764 3210 agendum
784 3133 817 3196 in
837 3151 911 3196 casu
931 3134 1139 3216 impotentia?

202 3229 291 3308 llesp.
308 3225 362 3288 Vel
374 3223 553 3306 impotentia
565 3231 610 3285 est
622 3233 704 3286 certa
716 3229 745 3286 et
760 3229 923 3305 perpetua,
937 3231 968 3287 et
980 3224 1080 3286 statim
1092 3223 1139 3298 la÷

162 3315 267 3381 cienda
288 3321 334 3378 est
353 3313 518 3396 separatio,
533 3314 605 3375 clun
618 3331 655 3376 ex
677 3314 743 3396 ipso
753 3314 822 3394 jura
836 3311 962 3376 naturali
977 3313 1137 3379 matrimo-

163 3408 250 3469 nium
263 3406 301 3468 sit
310 3407 390 3469 certe
400 3403 520 3466 nullum
536 3401 827 3476 rlicetenimcopula
837 3421 899 3466 non
912 3401 994 3466 sitde
1007 3403 1137 3467 essentia

162 3495 314 3577 conjugii,
338 3495 377 3557 de
402 3491 538 3573 ejusdam
565 3499 668 3556 tamen
703 3495 831 3557 essentia
861 3497 908 3556 est
928 3493 1063 3575 potantia
1097 3493 1137 3558 ad

163 3584 252 3646 illam.
279 3582 432 3664 Separatio
445 3589 548 3644 autern
568 3579 633 3644 lteri
653 3589 750 3666 potest
772 3601 809 3646 ax
824 3581 946 3664 propritl
960 3583 1135 3664 auctoritate
