2498 3966
206 215 264 278 760
427 237 564 283 narrans
583 237 687 286 rorrus
706 239 788 287 runrs
808 240 955 288 errorum.

205 354 371 434 propagari
396 355 576 418 humanum
600 375 711 436 genus,
735 366 767 419 et
791 373 969 438 numquam
992 352 1177 416 intermissis

205 441 488 520 procreationibus,
509 447 688 510 conservari
714 445 748 508 iu
762 461 857 510 omne
874 435 999 526 tempus
1010 453 1175 522 oporteret.

204 530 304 610 Atque
319 529 373 593 illa
387 532 446 593 riri
458 542 488 594 et
499 521 844 617 mulie'riscoujuuctio,
857 553 921 616 quo
936 533 1177 614 sapientissimis

204 615 286 680 Deus
310 618 451 684 consiliis
476 624 680 706 responderet
697 625 816 706 aptius,
842 625 891 686 vel
912 641 951 689 ex
975 640 1016 690 eo
1036 621 1175 703 ternpore

203 705 282 768 duas
296 707 507 787 potissimum,
522 729 639 793 sasque
662 713 696 774 in
712 713 824 798 primis
852 711 983 790 nobiles,
1006 711 1096 793 quasi
1115 706 1175 773 alte

204 793 370 874 impressas
384 807 415 860 et
429 799 603 883 insculptas
617 820 684 882 prae
703 820 736 864 se
756 801 831 864 tulit
850 801 1068 884 proprietates,
1086 800 1175 862 nimi-

203 901 274 946 rum
310 886 463 949 unitatem
499 899 529 950 et
562 891 815 971 perpetuitatem.
851 890 952 970 quue
980 889 1174 952 declaratum

202 982 373 1053 aperteque
386 976 608 1040 confirmatum
621 998 657 1040 ex
671 977 841 1058 Evangelio
851 977 1061 1061 perspicimus
1071 979 1173 1041 diviua

200 1057 271 1122 lesu
300 1061 415 1127 Christi
431 1069 617 1130 auctoritate
631 1085 640 1143 ;
655 1069 709 1148 qui
729 1069 847 1132 ludaeis
861 1065 891 1130 rt
909 1072 931 1130 Α
937 1067 1068 1150 postolis
1083 1077 1172 1130 testa-

202 1158 253 1211 tus
264 1162 321 1230 est,
337 1156 572 1218 matrimonium
589 1175 627 1218 ex
643 1158 711 1236 ipsa
733 1157 932 1219 institutione
953 1174 1009 1216 sua
1024 1155 1173 1218 duntaxat

201 1237 372 1304 interduos
384 1261 451 1306 essa
465 1244 720 1322 debere‚s,oilicet
731 1247 833 1308 virum
848 1247 929 1307 inter
943 1254 973 1307 et
990 1243 1171 1316 mulierem

201 1345 238 1390 er
251 1327 377 1393 duobus
389 1351 485 1396 unam
500 1331 594 1396 veluti
608 1351 733 1397 carnem
750 1335 815 1396 llari
834 1355 843 1408 ;
859 1344 891 1395 et
905 1331 1048 1416 nuptiale
1067 1333 1171 1395 rincu-

202 1415 267 1478 lum
291 1419 337 1480 sic
350 1437 418 1481 esse
432 1421 592 1484 voluntate
620 1421 731 1486 intime
747 1421 1015 1504 vehementerque
1044 1439 1169 1495 nerum,

200 1511 235 1566 ut
263 1521 281 1566 a
312 1508 464 1588 quopiam
492 1510 576 1572 iuter
604 1509 748 1573 hommes
778 1510 921 1588 dissolvi,
952 1519 1008 1572 aut
1044 1510 1171 1571 distrahi

199 1605 347 1674 nequeat.
365 1595 570 1662 «Adderebr’t
595 1599 713 1680 (homo)
730 1601 821 1662 orori
837 1615 911 1674 surr,
929 1605 960 1661 et
971 1607 1062 1665 erant
1076 1599 1173 1662 dooin

199 1699 290 1745 curru
304 1701 378 1748 ono.
394 1685 497 1766 ltaque
512 1689 578 1767 jtrm
591 1705 650 1750 aon
664 1695 737 1752 sunt
750 1689 820 1764 duo,
836 1687 888 1752 sed
906 1703 968 1752 utto
982 1705 1070 1751 cero.
1089 1688 1173 1764 Quod
1236 1761 1237 1778 χ

200 1773 360 1850 erpellere
374 1773 545 1858 conjunxit,
561 1777 646 1840 tomo
658 1794 719 1840 nost
740 1783 856 1857 separet
870 1777 893 1838 ¹.
911 1799 926 1834 s

239 1857 356 1924 Verum
370 1863 584 1946 haeccnujugii
596 1865 706 1939 forma,
723 1873 787 1928 tam
801 1864 960 1928 excellens
979 1872 1076 1948 atque
1096 1885 1176 1948 prce

200 1955 297 2026 stans,
309 1954 425 2015 sensim
441 1955 600 2034 corrumpi
613 1953 1027 2035 etinterireapudetltnicos
1044 1957 1177 2037 populos

188 2037 315 2119 'coepit;
332 2049 361 2101 et
379 2059 473 2120 panes
488 2043 594 2124 ipsum
619 2043 822 2106 llebraeorum
847 2061 947 2125 genus
966 2043 1060 2123 quasi
1077 2045 1175 2106 obun-

200 2123 291 2189 bilari
307 2137 401 2210 atque
415 2131 577 2194 obscurari
593 2134 673 2195 visa.
690 2165 727 2180 -
740 2129 819 2194 Nam
830 2131 916 2212 apud
930 2131 989 2194 bos
1013 2131 1054 2195 de
1069 2132 1174 2194 uxori-

200 2211 259 2276 bus
273 2227 453 2296 susceperat
464 2219 661 2283 consuatudo
675 2220 867 2293 communis,
884 2233 918 2282 ot
939 2219 1076 2300 singulis
1098 2220 1172 2282 viris

200 2298 317 2366 habere
332 2305 403 2384 plus
424 2324 488 2368 una
506 2306 613 2372 liceret
629 2323 638 2383 ;
652 2319 721 2390 post
736 2317 854 2381 autem,
873 2327 949 2370 cum
964 2309 1007 2371 od
1032 2309 1167 2372 duritiam

200 2393 298 2458 cordis
311 2391 447 2456 ²eorum
462 2393 664 2478 indulgenter
678 2397 873 2480 permisisset
888 2398 1016 2479 Moyses
1037 2393 1163 2476 repudio·

201 2503 270 2548 rum
290 2491 490 2564 potestatem,
519 2487 559 2548 ad
587 2486 758 2548 divortium
774 2485 873 2548 lactus
888 2496 936 2548 est
954 2485 1072 2550 aditus.
1085 2517 1119 2531 -
1132 2481 1169 2545 lu

201 2575 347 2638 societate
360 2579 433 2636 verb
447 2573 648 2638 ethnicorum
665 2576 714 2636 rix
729 2573 880 2646 credibile
903 2574 1062 2642 videatur.
1078 2592 1175 2658 quau-

201 2673 264 2726 tam
279 2663 489 2744 corruptelam
513 2673 544 2724 et
557 2663 801 2727 demutationem
817 2665 937 2745 nuptiae
951 2665 1177 2735 contraxerint,

203 2754 320 2837 quippe
353 2770 425 2836 quaa
447 2751 579 2832 objectae
607 2753 755 2816 fluctibus
785 2763 866 2826 esset
893 2770 1040 2816 errorum
1073 2755 1178 2815 unius

203 2845 355 2925 cujusque
379 2842 490 2924 populi
517 2851 551 2904 et
575 2843 784 2924 cupiditatum
812 2840 1081 2924 turpissimarum.
1110 2841 1180 2904 Plus

201 2933 307 2994 miuus
333 2942 441 3012 gentes
468 2931 629 2995 dediscere
658 2932 818 2994 notionem
839 2947 1092 3012 germanamque
1115 2933 1180 2994 ori·

200 3021 305 3098 qinom
333 3021 523 3084 matrimonii
554 3023 629 3083 visae
657 3031 748 3096 sunt;
768 3037 902 3100 eamque
927 3019 970 3080 ob
990 3035 1124 3080 causatu
1141 3019 1180 3080 de

201 3106 356 3185 conjugiis
369 3110 484 3186 passim
499 3117 575 3170 tuuc
590 3108 769 3170 terebantur
781 3106 874 3186 leges,
891 3123 1042 3187 quaessse
1056 3125 1182 3188 erepu-

201 3191 283 3254 blica
299 3192 492 3268 riderentur,
509 3213 572 3258 uou
593 3213 672 3276 quas
687 3205 800 3256 natura
815 3192 998 3274 postularet.
1012 3193 1182 3256 Solemncs

199 3280 290 3357 ritus,
327 3279 457 3344 arbitrio
491 3283 736 3365 legumlatorum
768 3281 901 3356 intenti,
922 3279 1112 3345 alliciebant
1149 3299 1181 3346 ur

232 3483 254 3532 l.
267 3485 349 3536 llattlr.
366 3497 415 3548 arx,
429 3489 442 3536 b
456 3493 554 3555 etseq.

228 3550 252 3600 a.
268 3554 328 3604 lbld.
340 3557 366 3608 8.
