2462 3972
205 203 262 266 ⁶⁴4
423 237 559 286 uauuaue
578 235 679 281 socius
698 234 781 280 sums
800 231 949 280 caucum.

140 347 142 350 ’
244 339 327 419 Opus
348 341 449 398 autem
467 333 625 415 personale
643 330 823 394 commutari
843 335 942 412 potest
968 331 1000 392 in
1021 329 1125 398 mle.
1146 335 1173 391 et
1221 391 1222 412 ἢ

204 427 366 490 ecorveuso
381 443 389 500 ;
402 422 474 484 item
488 427 669 504 perpetuum
681 421 713 482 iu
726 418 908 501 temporale:
923 423 1053 482 conetur
1076 426 1172 488 autem
1221 415 1222 482 3

205 512 404 578 confessarius
413 511 483 572 talia
497 527 589 592 opere
602 509 784 572 substituere
797 527 866 590 quae
880 506 1042 590 poeuiteuti
1055 507 1172 571 videau-
1221 513 1222 528 ¹

205 609 253 668 tur
266 587 361 683 magis
375 600 460 681 utilia
473 605 574 662 etuon
590 597 831 661 uimisdifficilio.
847 597 890 676 (S.
906 596 1047 679 Liguot„
1058 597 1114 679 it.)
1221 607 1222 646 ³

243 691 340 754 5234:
356 688 479 763 Ouaerit.
496 693 528 751 2⁰
543 690 590 750 Au
605 688 630 751 is
652 689 740 768 cujus
753 693 857 750 votum
873 685 930 750 luit
941 692 1169 767 commutatum
1221 673 1222 738 i

204 778 241 841 ad
256 779 329 842 illud
342 779 436 860 possit
447 777 571 840 redire?

243 869 333 948 Resp.
357 867 388 929 Si
402 873 504 930 votum
518 869 740 928 commutatum
757 863 812 927 luit
830 864 863 926 iu
879 863 984 928 miuus
996 864 1046 928 vel
1065 866 1175 947 aequale

204 956 311 1038 procul
323 955 433 1032 dubit,
445 955 544 1018 adhuc
552 955 686 1038 primum
704 972 782 1036 opus
796 953 865 1035 eligi
884 959 1008 1034 potest:
1033 961 1080 1016 est
1101 973 1175 1016 com·

205 1063 319 1123 muue;
338 1045 447 1108 sivero
463 1043 659 1108 commutatio
677 1042 755 1106 lecta
776 1041 908 1105 fueritin
930 1041 1061 1120 melius,
1082 1043 1175 1106 adhuc

205 1134 304 1196 verius
318 1141 363 1196 est
375 1133 465 1196 talem
480 1133 748 1196 commutationem
763 1149 825 1194 uon
839 1130 974 1212 obligare
995 1131 1103 1194 saltem
1124 1133 1175 1194 suli

205 1223 286 1303 gravi
299 1272 306 1300 ‚
319 1221 375 1285 nisi
395 1221 448 1284 liet
460 1240 573 1284 novum
590 1227 709 1298 votum,
734 1220 805 1302 quie
823 1239 878 1302 per
890 1221 1173 1288 commutationem,

207 1329 267 1373 uon
282 1312 338 1374 luit
351 1309 467 1372 sublate
476 1311 600 1373 facultas
612 1309 647 1372 ud
659 1309 794 1392 primum
805 1327 883 1390 opus
892 1307 1073 1372 redeuudisi
1085 1313 1175 1392 magis

206 1407 308 1480 postea
323 1399 448 1481 placeat.
464 1399 505 1478 (S.
516 1399 652 1480 Lignum,
669 1397 724 1476 it,
741 1400 866 1477 ulmi

243 1491 333 1550 5235.
357 1485 438 1550 Noto
451 1487 533 1570 quod
555 1487 599 1565 si,
614 1486 690 1550 lectt
703 1487 940 1550 commutatione
960 1489 1037 1566 voti,
1062 1505 1113 1550 uec
1133 1507 1176 1550 su

205 1573 329 1656 brogats
349 1575 542 1658 impossibilis
569 1575 675 1640 evadat
696 1576 787 1638 etiam
806 1575 896 1657 culpe
915 1577 1068 1652 voventis,
1090 1578 1136 1641 vel
1154 1579 1176 1639 si

204 1664 269 1745 ipse
282 1683 351 1726 eam
367 1683 430 1750 pon
444 1665 627 1748 impleverit,
643 1671 820 1728 nontamen
835 1671 956 1728 leuetur
967 1665 1007 1728 ad
1027 1667 1175 1748 primam:

107 1823 115 1833 ,
152 1752 157 1762 ’
205 1771 233 1816 v.
249 1774 278 1835 g.
295 1754 319 1815 si
330 1755 481 1834 ieiunium
504 1754 700 1838 subrogatum
715 1753 820 1816 luisset
837 1754 1056 1842 eleemosynae,
1069 1775 1178 1818 vovens

129 1883 134 1893 -
206 1839 242 1904 ad
258 1842 484 1926 eleemosynam
496 1861 558 1908 nou
572 1850 736 1920 teneretur,
753 1860 815 1904 nou
830 1843 929 1905 sollum
941 1843 1055 1924 incuso
1068 1847 1178 1926 quoio·

105 1939 110 1948 '
208 1931 411 2012 junium-ipsi
427 1931 514 1994 fouet*
536 1930 739 2012 impossibile,
761 1930 920 1994 sedetiam
946 1933 972 1993 si
989 1933 1180 2014 culpabiliter

88 2061 95 2070 -
170 2094 174 2104 Ι
204 2036 266 2082 non
277 2019 443 2097 jejunasset
458 2019 507 2082 die
528 2039 589 2102 quo
609 2021 761 2099 jejunium
780 2019 837 2082 luit
859 2019 998 2099 affixum,
1027 2023 1103 2103 quia
1128 2044 1180 2105 par

204 2110 491 2186 commutationem,
507 2109 604 2191 prima
618 2108 760 2188 obligatio
773 2107 831 2170 luit
844 2109 984 2172 extincta.
995 2111 1067 2174 {loc
1081 2119 1178 2175 umen

111 2241 115 2248 .
205 2213 266 2256 uon
276 2194 383 2272 curiit,
399 2195 424 2257 si
435 2197 631 2260 commutatio
647 2197 697 2259 list
711 2199 886 2262 auctoritate
898 2198 1035 2280 privata..
1048 2203 1052 2210 ’

198 2361 202 2369 .
243 2275 332 2345 5236.
356 2285 478 2356 Quaerit.
494 2289 527 2349 3⁰
544 2290 589 2348 Au
604 2286 719 2348 hebens
732 2285 905 2349 facultatem
917 2289 1169 2354 commuteudlml

160 2370 164 2380 ’
188 2367 398 2456 'dispensandi
412 2391 469 2455 pro
478 2375 560 2450 aliis,
573 2374 681 2438 habeat
692 2375 784 2438 etiam
796 2393 851 2456 pro
866 2375 990 2457 seipso?
1023 2383 1030 2396 “
1077 2388 1086 2428 2

244 2465 333 2543 llesp.
358 2462 543 2528 Affirmetive
558 2481 566 2524 ι
583 2463 622 2525 itu
648 2465 851 2526 communiter
865 2465 908 2542 (S.
922 2465 1065 2546 Liguor.,
1081 2467 1177 2550 lust,

117 2565 122 2580 ·
142 2631 145 2636 Ι
205 2563 240 2614 m
251 2553 333 2630 249).
349 2553 446 2614 Nemo
467 2559 569 2614 temen
592 2551 682 2615 habet
694 2559 873 2634 potestatem
891 2555 1016 2636 propria
1035 2565 1107 2620 vota
1123 2557 1183 2620 irri-

204 2640 307 2722 tandi,
322 2641 394 2722 quia
409 2659 499 2704 nemo
525 2646 622 2723 potest
644 2641 781 2704 emittere
803 2649 906 2705 votum
928 2643 988 2706 sub
1007 2646 1184 2710 conditione

204 2729 250 2794 sui
274 2731 440 2792 cousensus
455 2749 463 2790 ι
479 2729 519 2792 ita
532 2729 736 2793 communiter
747 2735 777 2794 et
789 2737 923 2810 certum,
944 2750 994 2814 up.
1013 2735 1047 2798 S.
1059 2735 1183 2820 Liguor.

165 2893 167 2901 Ι
204 2818 268 2888 (lib.
285 2820 315 2898 ³,
330 2827 366 2881 η’
381 2822 441 2882 256
456 2819 486 2878 in
501 2817 582 2899 fine).

645 2975 662 3056 ἓ
684 2979 729 3040 lll.

504 3108 548 3170 De
569 3109 628 3170 voti
652 3109 874 3192 dispensatione:

245 3259 333 3318 5237.
355 3257 545 3338 Dispensatio
558 3260 799 3343 estobliputionis
812 3265 872 3325 uoti
881 3265 1056 3330 conducentia
1071 3273 1188 3332 aornim

206 3340 263 3400 Dei
281 3339 374 3419 facto.
392 3345 528 3408 Pastores
542 3348 683 3412 Ecclesiae
696 3349 776 3412 hauc
795 3351 906 3415 hubent
929 3361 1131 3437 potestatem,
1156 3371 1188 3422 ul

126 3517 129 3524 ,
165 3432 168 3438 '
205 3432 321 3488 constat
348 3449 385 3491 ex
410 3432 492 3493 verbi
510 3434 617 3497 Christi
638 3455 646 3498 ε
667 3458 684 3497 ι
706 3438 909 3524 Quodcumque
922 3443 1048 3508 solveris
1062 3471 1103 3526 a,
1125 3456 1186 3512 etc

154 3543 157 3548 ·
206 3512 251 3588 (S.
268 3515 383 3616 Mettlu,
399 3535 426 3578 c.
444 3523 502 3596 lli,
519 3540 546 3582 v.
564 3525 622 3602 19).
647 3523 694 3586 Ad
707 3525 787 3590 hauc
800 3529 1036 3610 impertiendam
1058 3539 1188 3618 requiri·

204 3604 253 3662 tur
267 3601 412 3680 ‘legiumo
432 3622 543 3686 cause,
560 3611 633 3689 quia
648 3615 729 3677 Deus
743 3633 805 3678 nou
820 3625 961 3689 censetur
973 3621 1050 3686 velle
1061 3631 1095 3686 ut
1116 3629 1186 3688 sine
