2462 3972
418 203 504 248 mum
524 201 681 250 saturnus.
963 173 1022 237 (585

66 303 171 383 orbus3
186 311 216 368 at
238 311 334 388 potest
351 302 584 366 extraordinarie
606 301 768 366 convenire
791 302 1040 384 quotiescumque

65 395 180 476 expetit
194 394 357 478 parochus,
373 392 418 454 rel
438 391 562 474 requirit
575 411 696 474 praeses.

107 485 180 544 Haec
193 483 296 544 omnia
314 487 344 544 et
366 481 453 562 plura
471 481 528 542 alia
547 499 615 561 quae
636 477 772 562 spectant
791 480 1039 562 compositionem
1134 509 1138 516 ·

64 571 184 633 consilii
207 576 237 632 et
257 570 395 652 collegii,
416 569 520 632 munia
534 569 711 650 utriusque,
727 577 756 631 et
775 571 926 632 variorum
942 589 1040 633 mem-

66 659 193 721 brorum
207 657 318 741 quibus
331 666 488 732 constant,
504 659 729 740 perceptionem
740 657 913 720 reddituum
926 705 934 736 ‚
949 677 1041 722 onera

64 747 203 825 fabricae,
219 747 468 830 preparationem
482 753 512 810 et
525 746 771 828 approbationem
786 745 924 827 budgeti,
939 748 1039 810 reddi*

61 836 183 898 'tionem
205 843 438 917 computorum,
460 834 585 897 modum
608 834 782 916 acquirendi
806 853 841 896 ac
864 835 1039 916 alienandi,

65 923 292 1006 locutionesque
305 923 449 1000 faciendi;
465 943 528 986 uno
542 924 650 1002 verbo,
666 941 773 984 omnes
792 929 875 984 aolus
895 923 1040 986 adminis-

63 1014 204 1074 trationis
226 1012 428 1091 tabricorum‚
448 1013 647 1096 explanantur
668 1013 685 1073 a
703 1012 791 1073 variis
804 1011 975 1074 auctoribus
988 1013 1039 1094 qui

63 1101 147 1164 circa
161 1101 381 1183 legislationem
395 1101 568 1180 hujusmodi
582 1101 646 1163 sold
664 1099 837 1164 auctoritate
851 1099 929 1162 civili
943 1103 1039 1163 sanci-

62 1196 146 1264 tam,
163 1189 227 1252 tuse
241 1191 441 1272 scripserunt,
456 1189 534 1252 inter
547 1208 625 1271 quos
638 1191 703 1252 DD.
724 1187 804 1251 Affre
822 1187 853 1250 in
876 1206 931 1251 suo
949 1207 1041 1271 opere

70 1276 410 1340 Trnite'del’odmim'str.
421 1284 542 1359 tempor.
556 1276 753 1360 desperatores
757 1292 771 1353 ,·
780 1277 900 1339 Dieulin
910 1277 941 1340 in
949 1296 1040 1360 opere

65 1361 164 1428 Gurite
177 1365 225 1428 des
238 1369 339 1443 cartu
356 1373 387 1430 et
404 1367 571 1449 praesertim
584 1365 755 1430 redacturos
767 1366 859 1428 Diarii
873 1366 923 1429 cui
936 1366 1041 1431 titulus

61 1454 195 1514 Journal
207 1454 255 1516 dee
268 1454 419 1538 [conquas
441 1455 579 1538 pluribus
593 1455 800 1518 voluminibus
816 1455 1038 1538 comprehensi.

106 1547 199 1606 5315.
222 1545 299 1606 Ciam
312 1544 487 1624 hujusmodi
507 1545 679 1626 explanatio
699 1545 828 1630 multum
849 1551 969 1626 tempus
988 1564 1041 1608 ex·

64 1639 220 1714 posceret,
236 1639 266 1694 et
289 1651 350 1694 non
378 1633 414 1694 sit
432 1633 589 1714 proprium
609 1633 686 1712 Juris
707 1633 845 1696 canonici
869 1633 1039 1712 objectum,

62 1721 181 1802 quippe
205 1727 265 1782 tota
283 1721 456 1800 hujusmodi
480 1721 624 1801 legislatio
645 1727 690 1783 est
711 1722 812 1802 potius
834 1721 929 1783 civilis
948 1725 1041 1802 quam

61 1808 231 1887 canonica,
248 1809 310 1870 imo
324 1810 423 1890 potiirs
436 1809 642 1870 anticanonica
656 1857 663 1882 ,
679 1815 827 1890 quatenus
841 1815 971 1891 potestas
984 1829 1040 1872 sas·

60 1895 177 1958 colaris
192 1917 223 1958 m
237 1901 273 1959 et
286 1905 410 1978 usurpet
432 1897 719 1960 administrationem
734 1917 802 1979 quae
820 1897 859 1960 ad
876 1897 970 1960 solam
987 1901 1042 1962 lto·

59 1985 189 2048 clesiam
203 1985 349 2067 pertinet,
363 1985 432 2048 ideo
446 1986 524 2047 hanc
547 1987 701 2048 materiam
715 1987 896 2050 remittimus
915 1987 954 2050 ad
967 2007 1039 2052 auc·

59 2081 146 2136 tores
158 2076 210 2156 qui
226 2075 307 2136 illem
322 2093 358 2136 ex
373 2073 507 2156 professo
521 2074 697 2152 elucident,
722 2077 836 2158 quique
852 2075 956 2139 sedulo
971 2085 1041 2140 sunt

61 2161 192 2244 quidem
206 2162 403 2244 investigandi
417 2165 434 2224 a
449 2162 566 2225 clericis
581 2181 589 2224 ε
605 2181 677 2224 uam
691 2163 744 2225 etsi
762 2181 867 2244 parum
881 2167 1038 2245 canonice,

61 2249 129 2312 imo
142 2251 307 2313 admodum
330 2251 539 2315 anticanonice
554 2251 649 2314 inulte
662 2251 694 2312 in
717 2254 753 2313 eat
768 2258 955 2331 statuantur,
969 2255 1039 2337 quia

56 2343 170 2400 amen
193 2339 285 2401 tristis
316 2339 403 2401 nobis
430 2339 507 2401 inest
529 2340 691 2402 necessitas
713 2338 791 2402 hano
822 2340 1039 2422 legislationem

54 2426 215 2489 subeundi
227 2475 235 2504 ,
246 2427 334 2490 nobis
346 2435 391 2491 est
404 2428 513 2511 pariter
530 2446 607 2510 opus
619 2429 700 2489 illam
716 2429 835 2510 penitus
853 2438 1038 2510 perspectam

52 2515 198 2594 halbero,
214 2523 247 2578 ut
260 2516 495 2598 supradiximus
508 2517 624 2596 (1509),
641 2524 746 2578 utnon
766 2517 833 2597 plus
846 2517 898 2578 fiet
911 2535 1039 2580 onerosa

52 2605 160 2685 quam
174 2607 275 2667 revera
288 2611 397 2683 exstat,
413 2613 442 2668 et
457 2623 492 2667 ex
507 2605 587 2666 illius
600 2605 704 2666 notitia
716 2604 807 2666 etiam
819 2623 904 2666 arma
917 2607 1039 2687 arripiu-

51 2710 135 2754 mus
162 2691 291 2774 quibus,
317 2713 343 2758 sr
364 2693 428 2756 fieri
453 2700 570 2776 potest,
593 2693 755 2774 aliquando
780 2701 885 2756 contra
913 2695 1038 2773 injustas

50 2781 238 2846 vexatores
255 2788 457 2865 protegamur.
485 2783 550 2852 Etsi
568 2786 651 2844 enim
672 2781 735 2844 haec
756 2781 902 2864 legislatio
917 2801 979 2846 non
999 2784 1037 2846 sit

49 2871 212 2933 canonica
225 2877 322 2953 potest
333 2879 434 2935 umen
447 2874 465 2934 t
478 2871 594 2935 clericis
606 2871 755 2935 observari
771 2871 803 2934 in
817 2878 965 2953 quantum
978 2876 1036 2937 sol·

49 2967 125 3022 tem
140 2959 275 3022 Ecclesia
295 2967 324 3023 et
343 2961 482 3043 Episcopi
505 2961 587 3023 illam
606 2961 755 3038 tolerant3
775 2960 838 3024 irnd
853 2979 934 3044 saepe
947 2961 1037 3029 debet

46 3049 152 3111 caute
166 3047 316 3113 observari
339 3067 377 3113 ne
395 3056 479 3112 actus
492 3049 758 3113 administrationis
776 3049 835 3112 sint
852 3051 976 3115 civiliter
993 3053 1036 3117 in·

43 3135 170 3215 validi,
185 3141 216 3199 et
228 3135 296 3200 ided
308 3139 400 3202 etiam
414 3155 470 3200 nos
482 3138 569 3220 ptura
582 3140 695 3220 passim
717 3145 829 3221 puncta
851 3139 889 3202 de
910 3143 947 3204 et
959 3142 1034 3205 deli-

42 3224 202 3290 bavimus
215 3232 267 3290 eut
281 3224 438 3292 delibaturi
447 3245 564 3292 sumus.

102 3313 254 3378 tlaeterlrm
266 3317 425 3400 relegenda
447 3323 518 3380 sont
530 3336 599 3400 quae
611 3317 743 3382 dixnnus
756 3338 846 3402 supra
860 3322 946 3402 (263,
961 3327 1032 3402 etc.)

38 3407 143 3472 circa
166 3405 274 3470 limites
304 3406 461 3489 utriusque
489 3407 641 3488 potestatis
665 3409 827 3488 spiritualis
858 3417 888 3471 et
916 3415 1032 3492 tompo-

38 3496 145 3563 ralis.

99 3583 149 3644 td
164 3603 313 3666 quosnam
323 3591 422 3648 eutem
441 3591 552 3665 spectet
565 3585 782 3648 administratio
795 3588 946 3648 bonorum
966 3603 1028 3646 mo

183 3707 211 3748 r.
234 3707 278 3750 m.
870 3691 909 3745 20
