2416 3954
220 227 279 290 502
439 243 577 290 nxuoxnr
596 243 698 290 nonos
718 243 798 288 sorus
818 242 968 290 cruorum.

223 343 350 408 mundos
375 350 499 408 ceteros
521 344 691 407 Tribunalis
713 342 885 406 Cardinaies
904 343 944 406 de
961 342 1053 406 variis
1069 343 1178 406 ciroun·

223 435 338 498 stantiis
357 439 387 496 et
404 432 627 496 difficultatibus
639 451 756 507 causan
777 433 808 494 in
828 433 1067 495 eaGonsultores
1085 431 1179 509 singuli

223 531 324 585 rotum
338 541 427 584 suum
447 529 606 604 praestant,
622 521 812 584 audientibus
825 519 1018 584 solummodo
1037 527 1067 584 et
1081 523 1180 583 nullum

222 619 326 674 uotum
341 611 579 693 exprimentibus
589 610 730 672 Pietatis.

274 703 363 762 4863.
380 697 530 764 Generalis
559 698 684 760 demum
706 697 824 780 cogitur
848 715 952 762 coram
978 697 1180 761 sanctissimo:

224 789 417 852 consultores
434 788 466 850 in
486 789 522 851 ed
533 787 699 870 loquuntur
719 793 829 850 stantes
844 794 875 850 et
893 786 995 849 statim
1017 793 1142 864 exeunt,
1158 787 1181 846 in

224 877 323 940 vicina
345 879 465 942 camerd
497 881 708 957 expectantes,
732 875 827 956 parati
855 873 895 938 ad
917 875 1145 956 regrediendum
1163 875 1181 934 si

227 965 329 1030 denub
340 971 534 1042 moerentum
548 963 725 1045 suffragium
736 963 846 1026 deinde
858 959 1001 1045 prestant
1017 963 1179 1026 Cardinnlrs

267 1051 1182 1135 teor.Dubiaautemquatuorexpendunturinsessionibuser·

226 1139 1182 1208 traordinariis:1⁰dnbeneconstetderirtutumSemiDeibero'e

228 1228 1181 1312 citate.2⁰dnsetiscomprobenturmiraculorequisita,quaeduo

229 1321 334 1382 saltem
349 1337 476 1380 numero
497 1337 562 1382 esse
580 1319 692 1381 debent
714 1336 769 1400 pro
780 1315 1005 1380 Beatifrcatioue
1023 1335 1096 1399 quse
1107 1317 1180 1395 titpu

228 1407 306 1468 viam
318 1426 374 1467 uon
393 1406 510 1485 cultos,
529 1412 645 1488 etpost
663 1413 791 1469 mortem
808 1405 891 1468 Serri
908 1406 961 1466 Dei
983 1423 1053 1468 esse
1072 1403 1180 1488 patrata¹

228 1495 283 1572 (De
296 1495 449 1576 Beotific„
462 1495 514 1556 lib.
527 1499 559 1571 l,
573 1513 641 1576 pars
654 1499 683 1574 l,
696 1493 727 1558 o}
739 1499 769 1573 5,
789 1492 831 1556 η’·
850 1497 910 1573 1-7)
922 1513 930 1569 ;
944 1493 1013 1555 ride
1028 1497 1118 1556 etiarn
1133 1493 1180 1554 Fer

228 1583 304 1646 raris
313 1585 353 1661 (νο
369 1583 476 1647 Cultus
490 1585 607 1662 Sonat,
618 1596 652 1645 τιο
661 1584 726 1664 26).
736 1585 768 1646 3ο
779 1589 827 1644 An
836 1589 904 1664 post
916 1581 1002 1644 datas
1011 1583 1183 1663 probationes

229 1673 493 1756 et·responsiones
512 1672 601 1734 variis
622 1670 842 1752 objectionibus
862 1669 974 1747 tactas,
996 1671 1070 1734 risis
1093 1671 1185 1732 actites

230 1761 314 1842 litis,
339 1763 404 1824 tuto
426 1760 548 1843 procedi
571 1761 666 1843 possit
690 1761 728 1823 od
751 1762 832 1824 Servi
856 1758 910 1820 Dei
935 1757 1185 1822 beatificationem.

230 1855 263 1911 4⁰
275 1854 321 1912 An
336 1861 404 1933 post
416 1851 596 1914 celebratam
610 1847 886 1925 beatificationem,
901 1849 992 1908 causo
1005 1847 1186 1926 reassumpta,

231 1941 296 2001 tutb
311 1939 432 2021 procedi
446 1939 540 2020 possit
559 1938 596 2001 ad
614 1936 887 1999 Canonizationem.
903 1934 979 1996 Vide
1000 1934 1186 1998 Sammonion

232 2030 331 2107 operis
349 2027 606 2109 Beatr'ficotionis,
630 2031 702 2105 etc,
726 2023 840 2088 Bened.
863 2025 947 2102 XIV,
962 2040 1059 2106 supra
1084 2025 1186 2088 citetur]

231 2114 353 2194 (Cursus
365 2117 535 2195 completus,
550 2123 572 2176 t.
589 2118 619 2193 8,
637 2114 696 2177 ool.
712 2117 793 2194 866).

270 2205 436 2264 ibbo—5⁰
448 2203 566 2264 Prolata
576 2203 666 2284 igitur
676 2204 822 2266 sententid
837 2201 918 2266 eirea
931 2203 1058 2266 virtutes
1072 2210 1103 2268 et
1114 2201 1186 2265 mira-

231 2291 314 2362 cula,
330 2289 365 2352 fut
374 2289 548 2352 deliberatio
562 2291 640 2354 circa
654 2292 780 2355 dubium
794 2311 833 2354 an
846 2293 911 2354 tutd
925 2291 1049 2373 procedi
1065 2292 1152 2374 possit
1161 2287 1187 2349 al

233 2377 315 2442 Serri
329 2378 384 2442 Dei
399 2377 669 2456 beatificationem,
685 2387 715 2443 et
727 2380 802 2442 rotis
812 2381 844 2442 S.
858 2379 917 2441 itit.
932 2380 1047 2462 Congu.
1063 2378 1187 2448 collectis,

233 2467 370 2532 Pontifex
382 2486 415 2531 se
427 2468 622 2531 commendat
634 2469 774 2550 precibus
784 2467 1007 2545 cardinalium
1028 2487 1093 2532 non
1106 2477 1188 2530 auteur

234 2557 308 2620 solet
330 2557 508 2621 sententiam
531 2556 609 2619 ferre
623 2557 846 2639 approbativam
874 2557 931 2618 nisi
956 2556 1189 2620 Cardinoliumet

235 2648 446 2710 consultorum
460 2646 566 2707 saltem
577 2644 644 2708 duae
659 2653 758 2727 partes
771 2645 953 2709 convenient
965 2645 997 2707 in
1010 2645 1164 2726 suffragiis.

275 2737 318 2813 Si,
334 2735 435 2799 effusis
446 2733 713 2817 precibusiuditis,
729 2736 759 2796 S.
776 2733 913 2796 Pontifex
924 2736 1078 2797 censuerit
1090 2734 1188 2795 moun

235 2843 300 2887 esse
318 2832 352 2887 ut
365 2825 403 2887 ad
423 2823 589 2886 solemnem
611 2821 866 2885 Beatificationem
888 2821 1085 2904 procedatur,
1105 2819 1187 2884 acrius

236 2913 400 2975 Secretario
424 2911 669 2994 Congregotionis
695 2917 727 2973 et
750 2909 821 2974 srdei
846 2913 1048 2991 Promotore,
1071 2917 1187 2972 mentem

235 3018 321 3062 suam
347 3001 441 3081 aperit
463 2999 502 3062 de
527 2999 748 3063 Bootiticatione
771 2999 1026 3081 quandocumque
1049 2995 1185 3064 faciende

237 3087 419 3168 tandemque
428 3089 510 3150 diem
525 3090 626 3150 statuit
636 3089 842 3164 solemnitatis,
853 3088 1056 3151 etSecretario
1065 3085 1185 3148 Breuiunr

236 3174 397 3238 demandat
407 3181 442 3238 ut
458 3177 583 3238 Litteras
599 3175 783 3257 Apostolioas
795 3175 932 3258 expediat
942 3175 974 3236 in
994 3175 1089 3238 fornic
1105 3169 1186 3234 Breuis

268 3349 277 3378 ⁰
296 3361 307 3391 ι
325 3345 378 3396 Duo
391 3382 398 3407 ,
411 3345 487 3396 rirtns
498 3344 616 3395 uidelicet
627 3361 723 3397 morum
736 3351 760 3398 et
772 3345 861 3398 soritas
871 3347 1015 3413 signorum,
1028 3359 1100 3413 open
1109 3341 1185 3395 reniet

241 3417 293 3468 rin
316 3415 381 3477 vill,
405 3421 431 3467 et
453 3416 631 3466 miraculorum
652 3420 723 3481 siquo
742 3423 931 3484 postmortem,
954 3423 983 3468 ut
1001 3417 1055 3483 quis
1075 3419 1185 3480 reputetur

241 3487 375 3538 »Sanctus
397 3486 422 3536 in
448 3485 561 3536 militanti
580 3485 706 3546 Ecclesia,
725 3490 891 3554 requiruntur.
910 3508 920 3536 r
939 3488 972 3540 lto
989 3488 1112 3539 lnoocent
1128 3485 1154 3535 ΙΙΙ
1167 3483 1183 3530 ir

240 3556 428 3691 gaprpppizotiouo
449 3555 476 3606 8.
500 3555 649 3606 Homoboni.
668 3559 738 3623 Apud
761 3559 868 3610 Ferraris
887 3562 924 3622 (ro
942 3560 1027 3614 Cultm
1043 3557 1182 3610 Soram.
