2498 3966
223 209 279 272 792
440 220 583 270 tttuutta
603 221 706 268 nortus
727 221 808 268 mats
828 222 974 269 otsoatcr.

262 349 295 404 le
311 341 497 421 Responsum
508 335 544 402 S.
560 339 599 404 0.
615 339 696 402 circo
706 357 828 402 tensum
851 339 1052 420 procedentis
1072 339 1187 402 Decreti.

261 433 382 494 Exortae
403 439 507 492 tamon
521 427 734 494 dubitationes
745 429 1087 508 circaintelligentiam
1105 428 1188 508 hujus

223 521 350 585 decreti.
360 518 530 593 Quaesitum
545 527 591 581 est
611 517 743 599 proinde
766 537 784 580 a
803 518 945 600 quodam
964 518 1140 599 Episcopo:

261 609 386 672 el⁰An
399 617 483 670 rocta
498 608 538 670 sit
552 607 767 689 interpretatio
794 625 850 688 per
876 605 994 669 Gallias
1025 606 1142 670 diffusa
1164 625 1192 669 ao

223 701 316 762 etiam
330 697 411 780 typis
425 697 509 771 data,
531 693 622 774 juna
635 712 730 775 quam
747 695 898 758 satisfacit
925 696 1108 757 conditioni
1123 713 1191 777 prs·

223 787 522 868 citataejurlex‚qui‚
542 785 612 848 licet
640 785 878 847 matrimonium
904 783 1038 864 aliquod
1063 784 1191 847 validum

223 879 264 941 sit
275 895 382 941 coram
397 873 547 950 Ecclesia,
559 873 666 936 abillo
683 874 885 935 matrimonio
897 891 972 935 vero
985 881 1018 934 at
1046 876 1191 936 constanti

223 965 330 1030 auimo
341 963 493 1027 abstrahit
507 971 538 1025 at
553 961 718 1044 applicans
731 962 831 1042 legem
859 961 999 1039 ciuilem,
1018 963 1194 1044 pronuntiat

223 1055 327 1119 locum
348 1072 416 1115 essa
429 1052 577 1117 divortio.
595 1049 690 1114 modo
704 1051 784 1114 solos
812 1051 943 1114 allectus
964 1051 1079 1113 civiles
1093 1052 1194 1114 solutu·

224 1151 487 1226 quocontractnm
498 1137 623 1202 civilem
642 1135 832 1220 abrumpam
846 1157 901 1200 sua
923 1139 1088 1202 sententia
1105 1143 1194 1202 inteu-

223 1230 463 1314 dat‚eaquesola
472 1229 775 1310 respiciautoormiui
788 1228 920 1310 prolatae
929 1229 1102 1290 sententias
1113 1231 1196 1292 titiis

224 1322 377 1392 torminis,
407 1337 446 1381 au
478 1317 701 1393 sententie-sic
725 1317 789 1379 lata
803 1319 903 1398 possit
918 1315 985 1380 dici
1018 1317 1135 1382 divino
1154 1331 1196 1382 aut

224 1408 436 1474 ecclesiastico
448 1402 513 1484 juri
531 1423 593 1468 non
606 1405 815 1488 repugnans?

264 1523 279 1557 s
296 1502 329 1561 2⁰
343 1503 509 1576 Postquam
517 1493 614 1576 iudex
623 1495 850 1576 pronuntiarit
860 1487 1048 1560 locumessc
1060 1498 1196 1564 divortio.

226 1608 266 1653 au
296 1585 393 1669 possit
415 1583 571 1666 Syndicus
599 1583 641 1666 (le
668 1583 778 1666 Moira)
810 1592 841 1646 et
870 1583 936 1665 ipse
964 1586 1051 1650 solos
1079 1588 1199 1650 euectus

225 1678 523 1742 ciuilescontrartus
535 1673 719 1750 intendens,
737 1683 772 1736 ut
791 1691 888 1755 supra
906 1677 1094 1754 exponitur,
1109 1677 1200 1739 diror-

226 1770 305 1830 tium
329 1766 548 1844 pronuntiare,
580 1763 726 1844 quamuis
749 1762 993 1826 matrimonium
1010 1761 1154 1828 ualidum
1168 1767 1201 1826 sit

227 1873 332 1919 coram
348 1851 516 1916 Ecclesia?
589 1903 594 1912 .

267 1937 714 2015 »aopronuntiatodirortis
744 1957 783 2002 an
815 1940 915 2022 possit
942 1940 1029 2003 idem
1053 1943 1204 2024 syndicus

227 2033 394 2112 conjugem
408 2030 447 2093 ad
463 2028 542 2092 alias
555 2029 685 2111 nuptias
700 2029 839 2092 transire
854 2037 1065 2095 attentantem
1076 2031 1203 2095 civiliter

225 2139 298 2182 cnm
314 2119 376 2181 alio
390 2119 531 2197 jungere,
545 2118 691 2198 quamvis
713 2118 954 2181 matrimonium
968 2121 1199 2200 priusralidum

226 2210 266 2272 sil
279 2226 384 2271 coram
398 2206 537 2270 Ecclesia
552 2207 701 2288 vivatque
715 2207 815 2272 altera
831 2209 925 2289 parsi
939 2225 955 2268 e

265 2296 297 2360 S.
315 2293 381 2359 tc.
398 2295 435 2356 tt
452 2294 621 2359 mattiarlo
640 2295 822 2377 rospondit:
838 2317 854 2353 r
869 2295 915 2358 Ad
928 2295 979 2373 lm,
1000 2295 1195 2362 mett-ou-

227 2387 336 2449 bium:
353 2385 493 2468 nepetino
510 2409 536 2449 s.

267 2476 360 2556 Cujus
375 2474 591 2554 responsionis
606 2491 718 2540 sensus
732 2475 788 2538 hic
800 2491 868 2538 essa
880 2472 1009 2538 ridetur
1023 2475 1104 2559 quoi
1134 2492 1194 2537 uon

227 2565 329 2631 solum
346 2565 498 2627 animost
513 2564 638 2627 interna
665 2565 841 2628 intentione
863 2564 960 2647 judex
975 2577 1034 2630 aut
1062 2565 1199 2646 syndicus

227 2653 449 2720 solosallectus
462 2651 570 2716 civiles
585 2653 710 2716 divortii
719 2655 876 2736 respicere
888 2651 1039 2728 debeant,
1050 2655 1105 2718 sod
1114 2657 1200 2718 atiaut

229 2768 245 2802 t
262 2743 393 2826 palam»
420 2742 560 2824 profiteri
583 2741 721 2806 debeant
747 2743 925 2806 doctrinam
957 2743 1152 2808 catholicam
1176 2753 1202 2804 et

228 2831 520 2905 restrictionem,da
540 2849 603 2913 qua
628 2847 737 2914 supra,
754 2833 891 2896 exterius
918 2833 1039 2914 pariter
1065 2831 1205 2896 muniiss-

228 2921 324 2985 tanda
339 2919 427 2984 sitab
439 2920 495 2983 eis.

266 3008 541 3090 enepotius,
557 3007 592 3074 0.
610 3010 650 3074 ool
665 3009 850 3093 Episcopum
870 3009 941 3074 N...

269 3097 350 3160 Sane
365 3117 466 3180 quum
481 3099 513 3162 in
535 3099 661 3163 casibus
678 3099 921 3182 particularibus
939 3111 1172 3164 concurrerent
1184 3111 1208 3160 rt

230 3203 339 3268 graves
354 3205 457 3250 causeo
468 3195 498 3250 et
513 3190 676 3252 cautiones
691 3207 709 3252 a
723 3191 849 3254 decreto
861 3190 936 3252 anni
952 3187 1034 3251 l885
1046 3191 1206 3272 imposita.

231 3273 406 3339 tolerantiae
432 3294 620 3357 responsum
658 3278 826 3360 ediderunt
858 3278 1129 3360 congregationes
1157 3279 1207 3340 llo

230 3377 342 3420 mattae.
361 3360 447 3434 Quod
469 3364 508 3427 ad
524 3363 665 3446 judicem
685 3377 816 3449 spectat,
836 3375 922 3450 patet
945 3385 984 3430 er
996 3385 1155 3450 responso
1167 3385 1207 3427 se·

230 3448 351 3525 quenti.
371 3450 623 3528 Agebaturanim
635 3454 674 3518 de
686 3455 793 3538 judice
808 3456 978 3532 catholico,
994 3457 1051 3538 qui
1069 3466 1206 3540 paratum

230 3551 263 3595 se
278 3536 448 3597 etlaibcbat
467 3537 506 3600 ad
522 3545 774 3610 renuntiandum
790 3547 860 3612 loco
877 3553 908 3611 et
926 3546 1068 3621 muneri,
1088 3549 1205 3630 potius·
