2462 3972
426 226 511 271 crasa
532 222 687 272 sscnnoos.
987 209 1041 272 b3l

74 320 206 468 opibus,
222 281 326 432 poium
346 339 409 383 non
427 339 493 384 esse
507 320 729 403 obligatorium.
746 321 847 404 (Apud
861 279 892 384 S
908 320 1043 403 lignos,

73 429 83 470 ι
105 413 435 563 iiorws'iconcunn
456 499 599 582 obligatio
621 499 752 565 duorum
773 507 911 565 votorum
931 500 1042 564 incom-

73 587 276 670 possibilinm‚
295 588 484 671 implendum
503 595 549 652 est
562 588 636 651 illud
655 589 736 670 qnod
757 596 803 653 est
815 590 1042 673 praestantiuset

72 679 135 740 Deo
157 677 286 758 gratius,
307 683 338 740 el
359 678 487 740 alterum
505 685 601 740 cessat
619 678 772 760 obligare;
795 681 819 741 si
840 681 911 742 verb
930 686 1043 742 utrum·

10 819 13 823 ,
72 785 133 915 gne
148 767 186 829 sit
197 766 333 848 aequale,
350 773 403 830 aut
417 769 533 830 nescias
548 767 703 850 quodnam
720 767 758 830 sit
770 767 896 847 melina,
912 768 1043 850 implen-

93 874 145 918 um
167 855 315 938 estquod
335 857 419 938 pribs
438 856 541 920 vovisti
565 876 572 917 :
595 856 620 918 si
640 863 670 919 et
688 856 746 920 boc
760 856 868 934 nescis,
884 856 977 920 libera
997 863 1043 920 est

72 943 187 1008 electio.

112 1037 201 1098 5208.
225 1035 256 1098 Si
270 1036 395 1098 materia
407 1035 467 1098 voti
480 1035 581 1118 quoad
589 1041 705 1118 partem
715 1034 792 1098 iacta
805 1033 897 1099 inerit
908 1035 1043 1116 impossi-

73 1121 155 1199 bilis,
170 1131 243 1187 tunc
262 1125 286 1188 si
309 1123 469 1187 commode
489 1125 556 1187 talis
574 1125 699 1187 materia
719 1143 780 1186 non
798 1124 891 1206 possit
908 1131 961 1186 aut
980 1143 1041 1185 non

73 1212 163 1275 soleat
183 1213 296 1292 dividi,
317 1212 356 1276 ad
376 1213 505 1276 nihilum
523 1214 653 1292 teneris,
677 1233 706 1276 v.
727 1233 757 1296 g.
777 1213 879 1276 vovisti
894 1211 1043 1276 aedificare

73 1302 239 1384 templum:
257 1303 281 1366 si
305 1308 403 1366 totum
424 1322 486 1366 non
509 1310 611 1386 potes,
634 1321 696 1366 non
719 1303 830 1366 teneris
851 1303 889 1365 ad
910 1310 1040 1384 partem;

73 1409 175 1470 secus,
191 1393 215 1455 si
229 1393 323 1476 possit
342 1391 503 1457 commode
523 1392 626 1456 dividi.
649 1393 680 1456 si
701 1400 802 1456 tamen
821 1392 854 1455 in
872 1399 941 1456 voto
961 1393 1044 1475 quod

73 1481 163 1543 dividi
184 1487 281 1564 potest
298 1481 463 1566 principale
484 1501 545 1546 non
559 1483 653 1564 possit
672 1482 807 1565 impleri,
828 1483 890 1546 ruit
902 1483 1044 1566 obligatio

73 1571 163 1633 etlam
177 1572 353 1649 accessorii‚
374 1591 402 1634 v.
419 1591 449 1653 g.
466 1571 491 1634 si
509 1573 639 1635 vovisses
652 1573 757 1634 Romae
771 1573 1043 1655 peregrinationem

74 1661 104 1722 in
115 1659 213 1723 cilicio
226 1667 256 1724 et
269 1660 309 1722 ibi
323 1660 436 1743 aliquid
449 1661 522 1724 cerii
537 1659 662 1737 offerre,
678 1660 702 1723 si
721 1660 921 1742 peregrinatio
934 1661 1045 1743 impos·

72 1750 168 1814 sibilis
178 1748 244 1826 liat,
260 1767 322 1812 non
337 1749 447 1812 teneris
460 1749 592 1811 cilicium
602 1747 745 1822 induere,
762 1766 819 1812 nec
830 1749 948 1811 mittere
960 1749 1043 1812 obla-

71 1842 197 1904 tionem.
215 1839 257 1917 (S.
270 1839 406 1921 Lignor.,
420 1837 471 1900 lib.
486 1841 522 1914 3,
538 1847 572 1898 n‘
583 1840 666 1917 225.)

112 1933 202 1994 5209.
226 1929 257 1991 Si
280 1935 382 1990 autem
409 1926 615 2009 superveniret
639 1925 778 1991 notabilis
800 1927 1042 2008 circumstantia,

72 2023 135 2104 quit
147 2018 290 2102 praevisi,
312 2023 416 2080 votum
440 2035 502 2080 non
522 2015 798 2093 luissetemissum‚
819 2013 988 2097 disputatur
1005 2037 1044 2080 an

73 2117 147 2173 nine
169 2109 208 2170 sit
225 2107 367 2188 obligatio
393 2112 495 2168 votum
520 2105 704 2188 adimplendi
729 2125 736 2167 :
759 2105 907 2168 sententia
930 2125 1044 2189 negans

76 2206 196 2262 voratur
215 2194 294 2277 sorti
305 2193 489 2278 probabilior
508 2195 525 2257 a
546 2196 578 2258 S.
593 2189 750 2278 liguorio.
774 2231 814 2243 -
835 2195 865 2259 Si
886 2195 955 2279 quis
974 2199 1045 2259 verb

71 2288 223 2368 jejunium
230 2284 357 2348 vovisset
365 2283 491 2365 singulis
499 2284 639 2362 sabbatis,
652 2303 713 2348 non
725 2285 841 2348 videtur
852 2285 889 2348 ad
895 2285 1045 2365 jejunium

70 2377 169 2440 teneri
192 2373 242 2436 die
265 2373 446 2449 Nativitatis,
474 2374 528 2436 etsi
550 2374 674 2437 sabbato
696 2375 884 2456 contingeret
909 2393 916 2434 :
942 2375 1046 2454 excipe

67 2473 177 2530 tamen
200 2464 224 2526 si
249 2461 424 2526 intendisset
445 2462 535 2525 etiam
553 2462 602 2524 die
622 2463 783 2525 Nativitatis
800 2463 954 2542 jejunare,
975 2479 1047 2524 casu

69 2573 135 2639 quo
147 2553 271 2617 sabbato
283 2557 463 2615 occurreret.
480 2553 521 2631 (S.
539 2551 675 2633 lignos,
689 2551 745 2630 ib,
762 2559 795 2612 n⁰
809 2551 895 2629 226.)

113 2647 205 2708 salo.
222 2643 307 2704 -20
326 2643 497 2704 lntcrventu
511 2639 694 2704 auctoritatis
710 2639 851 2701 bumana
872 2645 974 2701 votum
990 2657 1048 2700 ces

69 2753 140 2797 sare
155 2737 253 2815 potest
265 2748 320 2814 per
342 2729 563 2803 irritationem,
580 2727 832 2791 commutationem
852 2735 882 2791 et
897 2725 1049 2810 &sperum

71 2823 194 2886 tionenn

537 2983 595 3064 §1-

406 3123 450 3186 De
461 3123 632 3184 imitatione
645 3124 715 3184 noti.

116 3278 210 3340 ssll.
232 3274 360 3336 lrritatio
373 3272 432 3334 voti
447 3277 491 3333 est
504 3270 597 3353 ipsius
605 3269 771 3332 annullatio
779 3269 860 3352 sacto
873 3271 912 3332 ob
924 3291 957 3334 eo
968 3272 1050 3352 cajus

70 3363 273 3428 dominationi
283 3360 445 3444 subjicitur
458 3379 578 3438 acono,
594 3359 639 3423 vel
659 3379 705 3422 res
717 3360 737 3421 ri
756 3367 872 3424 moenie
882 3361 1026 3443 promissa
1040 3379 1051 3421 .·

70 3457 153 3518 cinn
166 3453 250 3516 eninr
263 3470 318 3534 per
328 3457 431 3515 votum
446 3450 577 3512 neminis
590 3448 699 3512 debeat
706 3447 809 3511 violari
820 3448 992 3511 dominium
1003 3495 1012 3524 ,
1027 3450 1051 3508 si

70 3543 219 3607 voluntas
231 3540 364 3605 voventis
372 3539 418 3602 vel
432 3558 480 3603 res
494 3545 561 3602 vota
570 3539 608 3600 sit
621 3537 755 3618 subjecta
768 3536 905 3621 potestati
918 3535 1054 3598 domina-

72 3635 149 3698 tirae
171 3632 313 3710 alterius,
337 3635 433 3712 potest
462 3629 516 3690 istc
539 3627 607 3690 talis
633 3627 776 3707 subjecti,
807 3625 911 3686 saltem
934 3621 1052 3700 valide,

886 3727 954 3788 lat*
