2452 3946
183 177 241 238 tou
402 191 539 238 uerutus
560 189 660 237 runos
681 191 762 236 sunus
784 189 933 236 ceuomct.

182 295 317 370 luuriue,
343 299 376 354 ut
398 300 569 354 constater
590 311 657 372 cap.
682 292 835 362 Litteras,
862 291 931 367 ult.,
959 287 994 352 de
1016 287 1154 354 celebrat.

182 383 294 454 misser,
310 381 361 444 ulti
378 381 409 442 in
424 389 603 462 perpetuum
617 379 726 462 deponi
739 379 863 458 jubetur
871 379 1011 442 sacerdos
1025 379 1077 459 qui
1093 379 1156 442 sint

183 473 250 551 ione
263 477 293 532 ot
314 469 391 552 aqud
415 469 620 546 sacrificabat3
642 475 670 530 et
694 467 771 543 hoc,
786 467 841 530 etsi
861 475 982 550 urgeret
997 467 1157 530 necessitas

183 558 373 620 ministrandi
387 557 543 633 viaticum3
560 557 598 618 ita
612 557 824 619 communiter.
841 565 879 604 -’-
896 561 1036 619 Attamen
1052 555 1076 617 si
1093 562 1159 636 post

183 650 441 709 consecrationem
459 645 577 708 deliciet
591 646 710 720 lumen,
727 663 784 706 nac
798 643 932 708 candelae
945 646 1061 726 possint
1075 662 1158 706 reac-

183 735 288 813 cendi,
312 742 364 798 aut
379 733 499 797 nonnisi
514 741 582 816 post
595 733 814 816 quadrantem,
830 735 938 796 melius
953 741 998 796 est
1011 745 1158 815 pergere:

184 824 446 906 quiacontinuatio
456 823 751 886 missaeadunitatem
759 821 896 885 sacrificii
909 823 1048 904 pertinet.
1057 821 1162 894 -Oui-

184 912 254 975 dam
269 920 369 975 autem
383 911 488 974 dicunt
512 929 599 993 posse
618 911 731 992 absque
753 919 876 992 peccato
898 911 1014 986 recitari
1031 927 1160 990 evange-

185 1001 259 1064 lium
275 1003 305 1063 S.
321 1003 467 1078 loannis,
482 1001 612 1062 extincto
626 999 760 1076 lumine;
781 1000 833 1061 scd
853 999 1037 1081 probabilius
1047 999 1162 1077 judicat

186 1092 218 1150 S.
245 1091 365 1170 Liguor.
391 1089 533 1152 candelas
558 1107 619 1150 non
642 1088 752 1150 debere
774 1087 908 1168 extingui
936 1087 992 1149 nisi
1015 1086 1162 1168 posthoc

186 1179 403 1258 Evangelium,
420 1179 492 1260 quia
513 1177 601 1240 hodie
615 1177 708 1260 ipsius
723 1179 855 1239 recitatio
873 1177 1002 1256 obligat,
1019 1175 1058 1237 ob
1073 1194 1161 1238 man-

186 1265 290 1328 datum
305 1268 335 1328 S.
352 1267 396 1328 Pii
410 1269 446 1330 V.
461 1303 502 1314 -
516 1266 611 1329 Hodie
626 1267 735 1346 pariter
749 1266 921 1328 communis
935 1283 1008 1328 usus
1026 1263 1164 1327 habetat

189 1373 248 1416 non
264 1355 444 1418 accendatur
456 1356 542 1418 tortia
556 1354 680 1417 candela
694 1363 761 1436 post
774 1355 919 1424 Sanctus,
936 1353 1075 1435 quamvis
1088 1353 1163 1416 illud

188 1445 339 1526 praecipiat
354 1445 483 1506 rubrica.
501 1446 529 1506 S.
549 1443 668 1524 Lignor.
685 1443 747 1521 (lib.
764 1447 802 1516 6,
820 1445 947 1520 16361).

227 1536 316 1595 3667.
339 1533 495 1595 Celebrare
504 1551 575 1595 cum
592 1533 682 1594 unico
697 1532 811 1594 lumine
825 1550 914 1594 cerco
928 1538 972 1594 est
983 1531 1102 1594 tantum
1116 1551 1165 1594 ve·

188 1622 285 1697 niale,
298 1624 381 1702 juxto
391 1623 632 1684 communiorem
642 1628 672 1682 et
680 1621 911 1702 probabiliorem
925 1623 1105 1682 seutentiam
1124 1642 1131 1681 :
1148 1624 1165 1684 6

189 1729 250 1793 quo
265 1718 387 1792 peccato
398 1717 520 1773 excusat
534 1757 541 1785 ,
557 1711 675 1772 secluso
689 1709 842 1778 scandalo,
858 1727 1059 1792 quacumque
1072 1727 1166 1773 causa

190 1799 389 1878 rationabilis,
400 1805 431 1861 ct
443 1800 533 1861 etiam
547 1799 753 1877 soladevotio,
764 1800 904 1881 iuquitS.
921 1801 1042 1880 Ligoor.
1058 1799 1164 1877 (ibid.

190 1887 259 1950 dot.
276 1893 315 1964 2).

229 1979 319 2039 3668.
337 1976 419 2038 Idem
433 1979 561 2039 Sanctus
572 1975 653 2038 addit
667 1975 763 2056 (ibid.)
773 1995 834 2039 non
848 1995 914 2040 esse
927 1977 1041 2040 licinum
1053 2024 1061 2048 ,
1073 1977 1169 2043 etiam

190 2065 315 2127 Vicariis
330 2065 546 2142 Generalibus,
565 2064 715 2127 celebrare
736 2067 841 2128 missas
856 2067 983 2146 priuatas
1003 2083 1073 2127 curn
1088 2085 1168 2147 qua·

191 2160 258 2216 tuor
272 2153 423 2228 candelis3
442 2154 480 2214 ita
490 2171 528 2214 cx
542 2155 658 2216 Declar.
675 2157 706 2216 S.
724 2155 848 2236 Congu,
863 2161 881 2216 7
896 2174 964 2236 aug.
985 2157 1077 2228 ttth;
1093 2156 1170 2218 solis

191 2251 290 2304 autem
305 2241 531 2319 Cardinalibus,
546 2243 702 2325 Episcopis
726 2251 756 2305 ct
778 2243 944 2306 Abbatibus
957 2261 1045 2306 usum
1062 2245 1168 2307 l‘uuti·

191 2331 322 2393 licalium
343 2330 522 2394 habentibus
536 2332 578 2413 (ct
593 2331 640 2394 his
653 2333 766 2394 ultimis
787 2333 885 2394 solum
907 2335 978 2394 ciuu
994 2333 1024 2394 in
1041 2333 1169 2394 Pontifi-

191 2419 305 2482 calibns
327 2419 511 2498 celebrant),
526 2421 585 2483 hoo
605 2421 713 2500 licere,
729 2439 768 2483 ex
785 2423 910 2484 Decreto
933 2425 952 2484 9
973 2421 1047 2483 febr.
1066 2425 1169 2500 toro,

192 2527 240 2590 ap.
258 2508 370 2590 bened.
387 2511 451 2570 xlv
466 2507 578 2590 (Notis.
594 2513 649 2582 29,
665 2513 723 2587 16).
737 2544 774 2554 -
788 2512 868 2572 Usus
881 2517 982 2572 tamen
999 2511 1124 2573 invaluit
1139 2515 1170 2575 in

193 2597 302 2674 Galliis,
318 2597 498 2681 utquaedam
515 2597 613 2661 misse
628 2599 748 2680 privatae
758 2645 766 2675 ,
778 2597 885 2660 diebus
900 2597 995 2674 lestis,
1006 2618 1077 2661 curu
1087 2606 1173 2664 certa

192 2687 398 2764 solemnitate,
421 2686 549 2771 ideoque
571 2705 642 2749 cum
664 2695 795 2769 quatuor
813 2695 866 2749 aut
885 2687 1021 2770 pluribus
1035 2687 1173 2754 candelis

193 2776 400 2852 celebrentur;
417 2775 534 2857 hocque
553 2775 750 2857 legitimatum
776 2775 830 2838 luit
844 2796 882 2840 cx
895 2777 1040 2840 Declarat.
1057 2779 1090 2839 S.
1109 2781 1171 2842 llil.

193 2867 355 2946 congreg„
372 2869 409 2926 lb
423 2872 497 2945 sept.
517 2868 605 2938 1861,
624 2865 688 2942 ubi,
703 2866 741 2927 ad
755 2871 772 2928 't
786 2873 817 2929 et
829 2871 869 2940 9,
885 2865 928 2929 sic
942 2865 1148 2949 respondetur
1163 2889 1172 2934 ε

198 2977 213 3014 u
232 2951 378 3016 servanda
391 2971 456 3014 esse
470 2953 594 3033 quidem
613 2957 737 3018 Decreta
756 2955 854 3037 quoad
876 2957 983 3018 missas
997 2957 1097 3018 stricte
1114 2961 1170 3040 pri·

194 3065 209 3101 a
233 3049 331 3104 vatus:
349 3041 400 3103 sed
415 3042 514 3122 quoad
531 3043 635 3104 missas
650 3045 834 3126 parochiales
847 3045 894 3107 vel
917 3045 1046 3120 similes,
1062 3045 1175 3111 diebus

194 3154 209 3192 a
234 3130 485 3210 solemnioribus,
501 3137 531 3193 et
552 3131 652 3212 quoad
675 3134 781 3196 missas
803 3153 872 3216 quae
895 3133 1086 3196 celebrantur
1105 3135 1175 3200 loco

196 3241 210 3278 a
235 3219 377 3280 solemnis
400 3227 452 3281 aut
475 3228 619 3296 cantatae,
644 3223 803 3284 occasione
831 3222 920 3284 realis
942 3230 1032 3304 atque
1055 3223 1176 3289 usitatae

138 3345 143 3351 -
196 3330 211 3368 n
235 3307 413 3368 celebritatis
426 3316 456 3369 et
469 3308 666 3371 solemnitatis
678 3357 686 3385 ,
698 3310 816 3373 tolerari
833 3329 920 3394 posse
929 3311 1006 3374 duos
1020 3311 1177 3377 ministros

195 3417 211 3454 a
236 3395 336 3458 missac
364 3397 583 3472 inservientes,
607 3400 730 3462 servatis
752 3399 993 3464 ordinationibus
1017 3401 1048 3462 S.
1078 3401 1112 3464 C.
1145 3403 1176 3465 in

197 3505 211 3543 a
242 3483 361 3552 Tader..
390 3483 426 3544 ad
452 3489 485 3545 11
515 3493 544 3546 et
565 3489 622 3562 ta,
642 3495 672 3550 ct
694 3489 750 3550 sub
774 3489 824 3552 die
849 3495 867 3551 't
891 3497 967 3572 sept.
988 3493 1077 3553 1816.
1097 3511 1115 3548 a
1140 3493 1176 3553 Et

199 3572 280 3636 idem
297 3571 407 3636 dicitur
420 3571 457 3638 ad
472 3575 630 3654 quaesitum
646 3575 685 3640 de
699 3589 828 3658 qttatuor
841 3581 983 3645 candelis.
1000 3577 1077 3642 Vido
1089 3580 1174 3642 Ann-
