2416 3954
394 241 479 288 arnan
499 241 654 286 secaneos
937 228 995 285 525

51 344 151 400 »tatur
168 338 279 411 sollnn,
299 359 351 402 eos
374 341 539 421 praesertim
563 339 615 420 qui
637 339 748 400 victum
769 355 874 420 parare
895 337 996 400 labore

51 447 63 482 n
83 445 214 489 manuum
227 429 351 491 minime
368 433 539 508 coguntur,
559 433 593 489 ut
612 427 650 488 iis
668 426 774 490 diebus
795 426 895 490 missae
915 425 996 490 haud

51 535 63 570 n
82 515 221 597 negligant
233 517 385 580 interesse.
402 540 417 576 n

83 606 162 666 istil.
183 607 224 668 De
246 605 328 669 lestis
348 605 379 668 in
393 604 581 668 Dominicam
598 611 774 684 sequentem
789 605 995 684 celebrandis,

51 690 86 752 sic
97 693 235 775 rescripsit
248 695 411 757 Cardinalis
420 695 549 776 Legatus
559 693 597 756 ad
610 692 793 774 Episcopum
808 694 997 756 Camberien-

52 796 104 840 sem
126 797 134 842 ι
159 783 287 846 assicia
300 783 487 865 Epiphaniae,
513 790 583 854 eto,
608 781 760 842 recitanda
773 790 862 843 erunt
882 783 998 846 tGloro

51 868 135 930 aum
156 872 288 952 privatim
310 876 404 954 quam
424 871 544 953 publice
564 871 594 931 in
619 869 772 947 ecclesiis,
794 876 824 932 et
847 870 938 932 missa
960 872 998 934 de

51 954 175 1020 riisdem
193 959 321 1023 dicenda
344 961 376 1021 in
390 977 445 1022 suo
466 958 588 1041 proprio
607 958 708 1034 die,..;
733 957 797 1020 sola
821 957 1000 1021 solemnitas

51 1042 202 1110 adillertur
227 1049 258 1110 in
284 1050 475 1111 Dominicam
498 1053 695 1129 sequentem,
721 1045 754 1108 in
778 1048 840 1128 qud
865 1047 1000 1108 officium

51 1151 62 1185 n
82 1133 191 1212 quidem
204 1140 221 1200 t
233 1139 321 1202 Claro
334 1145 396 1200 tam
411 1136 529 1218 publice
544 1139 636 1217 quim
646 1135 805 1217 privatae!
819 1135 910 1196 missa
925 1135 1001 1196 reci-

51 1241 63 1274 n
84 1221 180 1287 labitur
200 1226 238 1289 de
255 1226 415 1288 Dominiot
428 1243 482 1287 seu
505 1223 544 1286 de
566 1223 642 1286 festo
659 1229 837 1286 occurrente
848 1224 935 1302 juxta
948 1223 1001 1284 ka-

51 1329 62 1364 n
82 1309 246 1378 lendarium.
265 1317 396 1377 canetur
408 1321 509 1375 tamen
524 1331 586 1374 una
600 1313 691 1374 missa
713 1311 857 1374 solemnis
870 1311 908 1373 de
921 1311 1003 1372 festis

51 1417 61 1452 a
82 1397 149 1480 illis,
163 1421 244 1466 more
257 1404 372 1482 votivo,
388 1420 460 1465 cum
473 1400 564 1464 unica
572 1401 732 1476 Oratione3
749 1400 876 1461 minima
889 1401 1002 1462 omisst

51 1507 61 1539 l
81 1487 108 1548 in
128 1491 365 1570 Cathedralibus,
390 1492 492 1554 aliisve
514 1489 647 1552 ecclesiis
674 1489 706 1550 in
734 1488 845 1570 quibus
870 1487 1001 1550 officium

51 1595 61 1628 a
81 1575 189 1655 publice
201 1588 317 1662 agatur,
332 1587 363 1642 at
375 1579 451 1642 adsit
464 1579 617 1640 sufficiens
632 1595 778 1640 numerus
791 1575 1003 1642 ecclesiastice

50 1681 157 1745 aram,
180 1669 236 1732 alit
263 1670 355 1732 missa
377 1667 567 1731 conventuali
591 1666 630 1729 da
652 1665 830 1742 Dominict,
854 1665 901 1728 vel
929 1665 1003 1728 lesio

50 1769 60 1805 a
80 1764 246 1820 occurmnte
261 1761 282 1819 ¹.

79 1863 93 1900 n
112 1843 142 1906 si
155 1845 186 1908 in
199 1863 295 1910 unam
308 1845 509 1928 eamdemque
523 1843 711 1907 Dominicam
731 1843 846 1906 incidat
858 1842 1003 1906 solemni·
1033 1905 1037 1910 .

49 1935 118 1993 alas
138 1935 293 2014 translata,
307 1941 374 1997 tum
391 1933 592 1996 anniversarii
614 1931 836 2007 Dedicationis‚
858 1937 922 1994 tum
948 1933 1003 1993 Pa-

48 2037 59 2072 l
78 2021 160 2102 troni,
174 2041 209 2086 ea
224 2024 406 2086 solemnitas
419 2020 600 2084 celebranda
611 2020 668 2082 erit
679 2019 718 2082 de
732 2019 880 2102 digniore,
892 2020 1004 2084 scilicet

48 2127 60 2162 r
79 2107 112 2170 da
121 2112 322 2188 Dedicatione,
332 2110 580 2173 translatominus
588 2109 693 2191 digno,
704 2108 736 2172 id
745 2108 872 2173 estlesto
882 2110 1002 2174 Patroni

47 2216 59 2251 r
78 2197 112 2259 ad
124 2201 251 2282 primam
265 2200 454 2262 Dominicam
469 2217 530 2262 non
545 2199 731 2280 impeditam.

78 2307 92 2343 r
114 2288 142 2352 si
155 2289 313 2353 Dominica
322 2288 360 2351 ad
373 2306 503 2369 quam...
515 2287 722 2350 transferenda
731 2293 809 2350 esset
822 2289 1002 2354 solemnitas

48 2393 58 2427 n
78 2375 212 2454 Patroni,
237 2377 276 2440 sit
294 2376 359 2439 dies
377 2377 496 2458 propria
515 2378 547 2440 s.
566 2378 712 2452 loannis,
734 2383 808 2438 tuno
829 2378 1002 2438 solemnitas

48 2483 58 2516 n
79 2465 407 2530 Patronitransferenda
415 2466 473 2528 erit
481 2465 519 2527 ad
533 2467 665 2547 primam
674 2465 863 2526 Dominicam
873 2483 934 2526 non
950 2465 1004 2524 im-

48 2569 58 2604 n
79 2553 626 2634 palliam,juxtarubriaasntlideatt.
639 2551 837 2622 Bellic.‚tom.
848 2555 879 2626 ἢ,
891 2555 1000 2632 ptl'l.

78 2643 160 2706 llodd
181 2644 264 2706 dieta
276 2649 444 2724 sequuntur
466 2639 662 2704 occurrentiae
676 2638 821 2702 festorum
840 2638 1001 2718 regulam:

48 2733 125 2805 porrd
138 2733 169 2793 in
183 2731 371 2795 occurrentia
383 2731 527 2794 festorum
541 2727 676 2807 ejusdem
691 2727 784 2802 ritas,
800 2731 830 2786 et
843 2725 916 2787 aliis
929 2743 1003 2806 quo

49 2817 256 2902 nodosumque
277 2821 419 2902 parium,
441 2817 516 2880 ordo
540 2815 723 2892 serrandus,
745 2819 792 2876 est
813 2819 847 2876 ut
870 2813 1002 2894 primum

57 2998 63 3016 ·
77 2991 102 3036 ‘a
117 2991 248 3042 Annalem
266 2989 375 3043 odicium
388 2989 462 3042 etism
479 2986 644 3054 vespertinum
657 2983 790 3038 Dominico
802 2985 969 3046 occurrentis,
982 2985 1002 3037 si

48 3073 57 3100 ι
71 3060 109 3109 llat
119 3061 148 3113 de
160 3063 198 3126 el,
210 3063 360 3114 anundum
373 3059 564 3112 estsolemniter
575 3073 618 3110 seu
632 3073 688 3108 cum
700 3058 802 3124 pompt,
813 3064 908 3108 servato
921 3063 1002 3109 lamen

49 3128 113 3180 nita
130 3131 299 3199 semiduplici,
314 3133 409 3184 ratione
427 3131 595 3184 Solemnitatis
612 3129 737 3180 translates
751 3145 758 3181 :
774 3129 847 3195 llesp.
865 3145 872 3181 s
888 3131 970 3182 Posse.
990 3149 1000 3177 ι

46 3195 162 3253 llecretum
180 3203 212 3257 2³
228 3203 285 3256 maii
305 3205 375 3265 l835,
395 3203 460 3270 apud
480 3199 629 3258 Gardellini,
652 3213 680 3251 no
692 3201 767 3260 l596‚
785 3215 810 3266 q.
828 3199 876 3251 rt:
895 3217 905 3248 ι
924 3199 1002 3252 llissae

47 3285 55 3312 ι
70 3273 203 3334 solemnes,
214 3281 239 3326 et
249 3281 330 3344 partes
338 3275 412 3326 divini
420 3273 494 3325 officii
506 3287 561 3339 que
569 3272 593 3322 in
602 3271 677 3322 choro
686 3271 858 3338 persolvuntur
868 3279 1003 3336 possuntne

47 3357 55 3384 ι
71 3357 119 3395 essa
129 3345 160 3397 de
171 3346 231 3412 ipsis
242 3345 445 3414 Solemnitatibus
458 3345 489 3396 ad
502 3343 641 3394 Dominicas
656 3342 802 3392 translatis?
816 3341 889 3408 Resp.
905 3359 911 3392 :
924 3344 1002 3406 Affir-

46 3427 55 3456 n
69 3417 164 3478 nullst,
185 3418 228 3468 sed
240 3417 283 3484 qui
294 3420 325 3470 ad
342 3419 416 3468 horas
427 3415 559 3468 canonicas
572 3420 694 3474 tenentur,
709 3411 821 3480 privatim
834 3411 936 3464 recitare
946 3413 1001 3464 sdi-

47 3499 54 3526 ι
70 3493 157 3547 gantur
168 3495 248 3554 partes
259 3489 314 3540 illas
326 3489 401 3542 officii
412 3486 574 3540 occurrentis.
591 3505 601 3534 ι

70 3554 100 3605 lta
112 3571 255 3624 responsam
267 3559 314 3611 luit
329 3560 360 3610 ad
373 3558 519 3626 spiscopam
532 3555 748 3618 lemovicensem,
761 3556 777 3606 t
788 3569 847 3619 aug.
861 3553 930 3603 185³.
943 3552 1002 3604 llide

45 3623 114 3678 stoue
127 3629 388 3692 assentaneus..
401 3641 429 3680 ne
440 3629 484 3690 sl,
497 3644 521 3693 p.
534 3627 589 3679 sss.
