2420 3968
223 239 281 300 576
432 231 568 280 utnulla
589 224 690 273 uoltus
709 219 790 268 sums
810 217 964 266 GANOMCl.

627 443 709 510 altu.
732 439 778 504 lll.

218 621 254 668 05
272 615 409 664 multumt
430 613 535 670 conus
554 611 659 658 roualt
680 603 831 653 autumare
851 602 871 648 A
892 597 1028 646 Tauron!
1047 597 1073 644 Β.
1096 596 1131 641 ml
1149 593 1172 640 ἱ.

256 797 347 858 5045.
358 815 374 852 u
384 791 482 854 Divini
493 790 581 854 officii
596 786 735 860 formula,
747 782 847 864 inquit
855 781 888 844 S.
903 779 977 840 Pius
992 777 1029 855 V,
1040 775 1071 838 in
1084 776 1176 838 Consi.

218 908 233 944 o
259 881 368 960 Quodn
383 880 475 946 Nolle
488 879 586 961 (capiti
599 873 738 938 Breviorii
752 869 949 954 praeinsertal‚
960 867 1033 930 cirm
1046 864 1178 926 diuturni

220 997 235 1035 u
259 979 318 1036 tate
333 969 476 1054 temporis
489 968 527 1030 ab
541 967 661 1046 antiqua
682 960 870 1025 institutione
889 955 1076 1031 deflexisset,
1091 971 1179 1014 neccs-

221 1087 236 1122 »
261 1061 339 1125 seria
365 1060 427 1122 visa
449 1076 497 1120 res
517 1063 563 1120 cst
589 1073 657 1136 quae
681 1051 719 1114 ad
744 1049 901 1132 pristinum
929 1041 1036 1107 orandi
1060 1042 1178 1122 regulum

223 1175 237 1212 o
263 1149 447 1215 conformata
468 1150 666 1209 revocaretur.
699 1141 755 1202 Alii
779 1137 861 1201 enim
889 1133 1066 1218 praeclaram
1089 1135 1179 1192 raterio

223 1264 238 1300 u
262 1236 402 1300 Breviorii
424 1233 689 1309 constitutionem,
704 1228 807 1292 mullis
834 1222 1117 1304 locispmutilatam,
1140 1219 1178 1280 alii

223 1349 239 1388 o
263 1319 738 1403 incertisctadvenisquibusdam
750 1311 1179 1380 commutatamdeformnun:

223 1440 239 1478 u
263 1413 384 1497 plurimi
400 1413 498 1494 specie
513 1409 601 1474 officii
616 1407 829 1472 commodioris
844 1403 957 1478 allecti,
973 1399 1012 1462 ad
1026 1401 1181 1462 brevitatem

224 1527 239 1564 u
264 1503 332 1564 novi
342 1499 480 1564 Breviacii
492 1502 509 1562 a
523 1499 684 1561 Francisco
695 1493 866 1578 Ouignonio
875 1491 951 1554 tituli
960 1490 1082 1553 Sancto
1095 1487 1184 1549 Cruci

225 1615 240 1653 u
266 1577 1184 1670 iolerosolempresbytcroGurdinalioompositi,confugerunt:

227 1705 241 1742 u
266 1679 464 1763 quinetiam,
479 1678 511 1739 in
526 1676 693 1758 provincias
706 1673 850 1757 paulatim
863 1669 1025 1751 irrepserat
1043 1663 1186 1747 praecilli

228 1794 243 1832 o
267 1767 438 1832 consuetudo
453 1767 463 1804 ¹
478 1773 513 1829 ut
526 1765 664 1848 Episcopi
680 1765 710 1826 in
725 1759 866 1825 Ecclesiis
878 1777 948 1841 qure
962 1756 1001 1818 ab
1016 1756 1106 1818 initio
1118 1771 1189 1815 com·

229 1883 244 1921 a
269 1859 401 1923 munitet
419 1875 491 1919 cum
513 1854 628 1918 ceteris
641 1853 732 1916 veleri
745 1851 884 1914 Romano
907 1863 993 1909 more
1010 1843 1103 1908 horas
1115 1861 1186 1906 cauo·

229 1971 244 2010 u
269 1967 319 2011 cas
332 1945 433 2010 dicere
447 1965 482 2009 ac
496 1943 622 2027 psallere
635 1940 881 2016 consuevissent,
895 1937 1048 2019 privatum
1057 1934 1116 1996 sibi
1128 1931 1187 2012 quis

230 2055 329 2118 uque
352 2035 539 2097 Breviorium
565 2031 768 2108 conticerent,
793 2035 823 2091 et
850 2026 933 2089 illam
955 2023 1180 2087 communionum

230 2146 245 2182 u
270 2123 324 2185 uni
339 2125 419 2200 Deo,
434 2127 496 2184 unt
515 2128 545 2183 et
558 2122 664 2184 etdcm
678 2118 808 2182 lormult
825 2133 930 2199 preces
949 2117 981 2176 et
999 2112 1108 2175 leudes
1127 2109 1186 2172 erili·

230 2234 245 2271 u
269 2208 379 2285 bandi,
395 2209 597 2272 dissimillimo
615 2211 693 2272 inter
711 2226 744 2272 se
766 2226 802 2270 ac
814 2205 894 2288 pent
914 2203 1065 2284 cujusque
1087 2199 1189 2282 Episc-

231 2323 246 2360 u
271 2301 359 2380 petiis
372 2299 495 2380 proprio
514 2297 613 2361 officio
631 2298 845 2379 discerperent.
862 2293 940 2356 Hinc
954 2292 1007 2353 illa
1027 2297 1091 2352 tam
1109 2287 1193 2352 nutris

232 2411 247 2448 a
272 2389 303 2450 in
317 2388 392 2451 locis
400 2385 493 2450 divini
503 2387 602 2450 cultus
614 2385 796 2470 perturbatio
807 2403 816 2445 t
826 2383 899 2446 hinc
912 2398 1035 2444 summa
1049 2379 1081 2442 in
1095 2377 1195 2440 Christo

239 2501 248 2534 ι
270 2477 438 2560 ignorantia
448 2478 696 2540 caeremoniarum
707 2493 743 2538 ac
755 2475 869 2536 rituum
883 2468 1156 2534 ecclesiasticorum
1171 2469 1197 2524 nt

234 2597 249 2629 a
273 2566 507 2630 innumerabiles
534 2565 737 2628 Ecclesiarum
764 2561 915 2639 ministri,
944 2559 977 2621 in
1000 2576 1057 2622 suo
1083 2569 1196 2618 munere

234 2681 249 2720 u
274 2657 429 2736 indecore,
444 2673 506 2719 non
520 2653 587 2717 sinc
599 2655 710 2736 magnt
719 2652 840 2734 piorum
849 2649 1036 2727 offensione,
1051 2659 1190 2709 versaret·

235 2769 250 2808 n
274 2753 333 2810 tur.
354 2769 370 2806 u

275 2852 417 2914 Observat
428 2849 537 2914 deinde
550 2846 689 2914 Pontifex
701 2847 781 2910 hanc
794 2845 901 2910 orandi
921 2845 1098 2908 varietatem
1112 2851 1195 2903 emen

236 2940 307 3002 dare
326 2940 455 3002 voluisse
476 2941 507 3004 S.
527 2937 704 3000 Pontificem
727 2935 855 2999 Paulum
875 2937 933 3010 lv,
949 2931 1004 2996 scd
1023 2929 1132 2996 comt
1151 2923 1195 2984 nti

236 3026 425 3104 decessisset,
441 3047 532 3109 opere
547 3025 684 3090 nondum
697 3025 852 3104 absoluto,
868 3023 1026 3105 negotium
1040 3020 1099 3082 luit
1111 3019 1128 3080 t
1140 3015 1197 3075 Suo

236 3129 354 3176 cessore
373 3131 438 3192 aJus
459 3117 511 3180 Pio
530 3119 570 3180 IV
589 3115 627 3179 ad
646 3114 814 3178 Concilium
834 3111 971 3175 Trident.
995 3109 1142 3176 delatura
1155 3097 1195 3160 ol

237 3203 367 3265 instante
393 3204 588 3269 conclusione
609 3203 753 3278 Gonoilii,
776 3202 880 3266 denuo
903 3199 960 3264 luit
986 3197 1148 3263 remissum
1168 3187 1196 3246 nl

237 3289 442 3355 auctoritatem
467 3299 496 3355 et
520 3293 669 3373 iudicium
692 3291 819 3355 ltomaui
840 3289 1008 3355 Pontificio.
1033 3283 1118 3352 llnda
1143 3285 1198 3360 pst

238 3377 374 3444 sedulam
396 3380 620 3464 indagationem
641 3389 672 3445 et
698 3381 867 3445 maximum
890 3379 1022 3444 virorum
1045 3375 1195 3459 peritorum

258 3550 278 3626 Ι·
295 3545 359 3626 Ergo
376 3545 476 3596 illicitus
495 3551 548 3596 crat
565 3563 624 3599 usus
641 3548 738 3600 illarum
756 3549 955 3610 provinciarum,
974 3545 1028 3600 olm
1047 3543 1073 3596 S.
1094 3537 1192 3592 Panum

240 3617 306 3667 ducat
316 3617 412 3666 illarum
425 3618 629 3670 consuetudinem
646 3635 701 3671 csse
708 3635 824 3684 pravom.
