2420 3968
201 155 260 215 610
428 168 566 214 urrunnu
588 167 688 215 nonus
707 166 791 212 rums
813 163 963 210 cruorum.

202 271 283 335 enirn
299 269 354 332 luit
373 267 537 350 propositio
551 284 683 348 sequens
701 264 739 327 ab
753 262 925 326 Alexandro
938 259 991 322 llll
1008 277 1017 322 1
1036 279 1052 318 u.
1071 261 1118 321 as.
1136 259 1162 318 ln

202 381 218 418 o
241 359 290 422 die
312 357 482 420 Palmarum
496 356 625 419 recitans
639 353 770 417 officium
788 351 931 416 Paschale
945 347 1087 413 satisfacit
1099 367 1163 430 pru-

204 465 218 510 1
242 453 339 529 cepto.
358 468 373 504 n
398 445 533 508 Elidem
554 445 634 508 certe
650 450 695 506 cst
715 441 880 506 (licendum
899 440 938 503 de
957 437 1059 502 officio
1072 439 1163 499 Pente·

203 543 298 600 costes
312 535 389 598 etde
401 535 539 616 pluribus
553 533 629 596 aliis.

241 629 329 688 stau.
351 658 390 673 -
411 627 445 686 2⁹
466 623 676 687 communiter
699 619 867 684 admittitur
887 637 950 682 non
971 617 1069 681 teneri
1089 615 1165 678 boras

204 720 338 796 repetere
359 731 430 778 cum
449 712 501 795 qui
525 711 740 775 inadvertentit
758 728 857 773 unum
871 707 1006 772 officium
1032 706 1103 769 dixit
1121 725 1164 788 pro

202 803 261 865 alio
277 821 284 864 :
301 803 374 884 quia
391 801 500 864 merito
517 801 709 882 piraesumitur
728 797 861 862 Ecclesia
881 797 961 860 nolle
979 815 1044 860 uno
1064 795 1111 858 die
1129 795 1165 856 bis

203 891 370 954 adtentum
385 909 463 954 onus
477 889 629 972 obligare;
644 887 860 952 rationabiliter
871 893 975 948 tamen
986 884 1121 948 facienda
1130 891 1165 946 est

203 981 420 1062 compensatio,
436 979 461 1041 si
474 977 588 1047 dictum
602 977 707 1040 luisset
720 973 854 1038 officium
866 975 1038 1036 notabiliter
1048 973 1163 1050 breuius,

203 1087 231 1129 v.
247 1087 290 1148 g.,
304 1069 329 1132 si
343 1067 374 1130 in
388 1069 436 1130 dic
450 1066 608 1130 Dominica
618 1067 732 1128 dictum
743 1065 847 1128 luisset
860 1063 994 1127 officium
1005 1063 1045 1126 de
1054 1065 1163 1138 Sancto,

204 1157 355 1220 sufficeret
367 1177 398 1218 in
412 1157 471 1220 boc
488 1175 558 1219 casu
577 1157 703 1218 recitare
723 1173 832 1219 novem
848 1153 982 1237 psalmos
1001 1153 1091 1235 primi
1104 1169 1163 1214 noc·

204 1247 285 1308 turni
300 1247 402 1308 omissi
415 1245 591 1308 Dominioae.

244 1335 333 1398 51311.
345 1369 384 1380 --
394 1337 427 1396 3⁰
442 1337 489 1396 An
503 1343 603 1396 autem
618 1333 705 1419 liceat
722 1333 885 1416 aliquando
906 1338 1026 1396 mutare
1045 1331 1163 1396 officium

204 1423 291 1486 alicui
308 1423 366 1487 diei
379 1424 635 1506 assignatum‘l-
646 1425 773 1486 Licitum
784 1423 1043 1486 satcommuuitcr
1054 1424 1163 1487 babetur

204 1513 286 1593 quod
306 1513 330 1575 si
354 1513 413 1576 alib
435 1513 535 1596 pergis
558 1519 643 1595 potes
663 1514 788 1576 recitare
810 1509 946 1576 osticium
966 1511 1048 1576 illius
1068 1512 1118 1574 loci
1134 1515 1164 1573 :t

204 1601 394 1682 quibusdam
406 1611 507 1665 tamen
524 1603 654 1683 religiosi
669 1603 858 1684 excipiuntur
871 1601 942 1683 quia
961 1619 1000 1665 ex
1014 1602 1042 1664 vi
1065 1603 1162 1684 protes

204 1691 300 1752 sionis
314 1697 454 1754 tenentur
468 1691 506 1755 ad
524 1691 705 1754 breviarium
717 1693 763 1754 sui
783 1691 914 1765 ordinis;
930 1689 984 1753 sed
1002 1697 1117 1755 certum
1129 1699 1163 1753 cst

204 1780 286 1860 quod
300 1781 458 1862 religiosus
471 1781 565 1844 lactus
579 1781 746 1864 Episcopus
760 1779 839 1844 bene
852 1785 951 1862 potest
972 1782 1017 1842 uti
1033 1781 1164 1842 breviario

205 1886 267 1930 suae
276 1867 414 1932 dioecesis
424 1872 465 1946 (S.
478 1871 612 1951 Lignor„
626 1869 767 1948 1111.1,11ο
781 1872 860 1950 158);
873 1868 1070 1952 probabiliter
1080 1879 1161 1932 auum

206 1957 316 2018 advena
343 1963 440 2038 potest
458 1959 582 2022 recitare
602 1959 737 2022 officium
756 1978 820 2022 suae
839 1958 952 2041 patriae.
976 1960 1067 2023 Certe
1088 1963 1159 2022 Cano

205 2044 262 2106 nici
275 2051 416 2108 tenentur
430 2047 555 2110 recitare
568 2047 703 2111 officium
715 2050 844 2132 propriae
853 2047 996 2112 Ecclesiae
1010 2049 1162 2114 etiamsiab

203 2134 239 2192 ott
257 2131 356 2193 absint
376 2152 383 2192 :
404 2133 443 2196 ita
465 2136 496 2196 S.
521 2137 557 2199 R.
582 2138 707 2220 Congu,
734 2155 784 2222 ap.
813 2136 999 2219 Gardellini,
1023 2151 1061 2201 n·
1086 2144 1161 2204 uoto.

205 2219 330 2299 (Boniti,
345 2220 390 2282 De
403 2221 568 2297 Capitulis,
581 2245 612 2296 p.
626 2227 708 2297 318.)

240 2303 329 2360 5131.
348 2301 391 2360 111
405 2301 531 2360 Decreto
546 2301 576 2362 S.
593 2301 629 2361 R.
642 2305 791 2382 congreg.
812 2299 884 2362 unni
900 2303 990 2377 1605,
1003 2303 1165 2385 capellanus

203 2395 302 2470 polest
316 2406 347 2449 se
358 2387 548 2450 conformare
562 2389 594 2450 in
609 2387 709 2451 officio
722 2388 764 2450 illi
776 2390 864 2470 cuius
877 2399 922 2452 est
934 2392 1121 2472 capellanus,
1142 2393 1163 2454 si

198 2489 278 2541 cum·
296 2477 347 2539 illo
363 2478 477 2542 recitet.
500 2477 582 2540 ldem
605 2475 678 2540 dicit
698 2477 736 2540 dc
758 2477 921 2560 capellanis
938 2482 1114 2546 monialium
1133 2484 1160 2544 S.

198 2567 334 2649 Lignor.‚
350 2567 401 2628 lib.
414 2573 445 2643 1,
461 2576 495 2630 n⁰
511 2571 580 2644 161,
596 2586 627 2649 q.
643 2571 673 2646 3,
688 2577 722 2629 r⁰
737 2567 834 2648 jacto
846 2587 853 2644 ς
867 2575 898 2630 at
917 2567 980 2632 hoc
997 2573 1164 2635 contradicit

197 2659 262 2721 dcc.
280 2659 310 2720 S.
327 2659 362 2718 R.
380 2659 412 2718 C.
428 2661 464 2720 ul
480 2663 567 2718 mart.
585 2659 835 2735 1195,11“1315;
862 2657 915 2721 sed
934 2659 1017 2722 idom
1037 2663 1165 2744 probabi·

199 2747 265 2810 litor
279 2755 324 2810 est
337 2747 500 2810 dicendum
514 2745 554 2810 dc
567 2765 603 2808 eo
614 2747 666 2828 qui
678 2745 742 2808 obit
755 2749 897 2810 exercitia
911 2749 1080 2831 spiritualia
1092 2753 1163 2836 apud

198 2837 361 2918 religiosos¹
375 2839 449 2900 ltem
462 2836 515 2918 qui
526 2835 799 2900 recitatcumsocio
810 2841 856 2899 sat
869 2838 1066 2920 probabiliter
1078 2851 1164 2926 potest

197 2945 229 2988 sc
248 2925 439 2989 conformare
460 2925 541 2990 illius
559 2927 649 3004 ritui,
671 2925 762 2989 modb
786 2926 919 2990 officium
934 2937 1125 3010 permutetur
1137 2933 1162 2993 in

196 3013 312 3094 aequale
327 3031 336 3074 1
350 3013 408 3076 hoc
422 3031 486 3077 non
500 3015 629 3078 admittit
639 3017 671 3078 S.
682 3015 842 3098 bignonius
851 3016 877 3079 si
890 3015 1026 3082 officium
1038 3029 1163 3086 mutetur

196 3101 228 3163 in
242 3099 377 3162 officium
388 3102 559 3166 notabiliter
573 3102 702 3166 brevius.

237 3171 418 3232 sian-ln
429 3178 531 3234 autem
543 3171 608 3235 sint
622 3175 712 3236 causa
725 3173 765 3236 sit
776 3191 898 3258 semper
910 3181 1039 3242 mortale
1052 3187 1162 3245 mutare

105 3275 108 3282 ¹
198 3257 333 3356 osticium
351 3257 383 3318 in
397 3257 479 3320 aliud
491 3259 627 3341 aequolc:
643 3269 773 3344 quatuor
791 3264 901 3328 adsunt
915 3270 1074 3335 sententias
1090 3269 1164 3355 apul

198 3345 229 3406 S.
249 3345 425 3423 Lrguorium
446 3349 606 3427 expositae,
623 3351 675 3432 qui
697 3352 761 3434 ipse
780 3352 909 3417 admittit
920 3355 952 3417 id
972 3357 1039 3422 lieri
1059 3379 1161 3444 posse,

200 3431 264 3490 sino
285 3431 364 3510 gravi
380 3439 521 3512 peccato,
537 3453 599 3498 non
620 3440 744 3520 quidem
764 3460 901 3525 semper,
917 3445 969 3508 sed
989 3447 1161 3530 aliquoties,

198 3523 271 3598 puta
283 3523 328 3578 ter
343 3517 388 3580 vel
402 3525 508 3600 quater
522 3522 553 3582 in
566 3541 668 3602 anno;
683 3535 714 3590 ct
726 3547 815 3618 posse
829 3531 893 3596 fieri
910 3533 1002 3598 etiam
1013 3537 1081 3601 siut
1092 3545 1160 3617 pec·
