2434 3940
121 251 122 254 =
164 215 223 275 eut
382 227 518 274 utuntur
537 226 640 274 scrius
656 225 738 272 iners
757 219 904 270 seuerius.

164 325 369 406 Religionem,
384 322 552 404 disputetur
565 322 643 384 inter
655 323 732 397 le,
746 325 782 384 ut
797 318 898 380 videre
910 317 956 378 est
967 332 1018 398 ep.
1032 315 1064 378 S.
1078 311 1124 374 Li·

165 431 251 495 guor.
266 412 351 490 n'tett.
368 421 401 474 n⁰
411 416 491 490 869),
507 412 570 492 qui,
586 418 620 474 ut
634 410 768 473 abmlute
781 404 986 490 probabiliori,
1001 401 1126 466 adheret

166 501 322 563 sententie
350 499 464 563 tenenti
492 499 564 562 solvi
594 499 762 581 sponsalia,
787 493 887 578 quoed
914 491 1126 572 ingredientem

166 589 375 671 Religionem,
405 607 460 672 per
489 588 584 650 solam
614 585 850 668 professionem,
875 581 946 661 quia
974 597 1028 660 per
1052 578 1126 675 illem

167 676 262 739 solam
282 695 410 759 sponsus
424 677 573 757 impotens
586 674 721 736 redditur
734 672 771 734 ed
784 666 1023 735 contrahendum
1036 667 1129 728 bletrr·

167 766 323 844 monium,
337 764 437 836 unde,
452 765 476 826 si
496 765 527 826 in
541 761 691 826 mundum
705 761 825 836 redeat,
847 757 948 822 adbuc
965 761 1083 818 tenetur
1095 751 1130 816 ed
1211 829 1212 832 Ἴ

168 871 252 916 suam
268 853 360 916 fidem
374 851 553 916 serrandum
569 870 641 932 erga
653 849 742 913 eliam
757 854 883 932 perlem.
1094 920 1098 926 Α

208 945 297 1005 toas.
321 944 396 1004 Casu
411 949 511 1004 autem
525 959 586 1022 quo
599 939 748 1020 sponsalis
762 936 889 1000 luissent
900 935 1071 1016 juramento
1087 932 1130 992 tir

169 1038 268 1105 mata,
283 1029 392 1092 dicitur
405 1029 435 1090 in
449 1047 516 1110 cap.
533 1027 734 1104 Commissum,
749 1024 783 1089 de
796 1044 931 1107 spons.,n
946 1021 1027 1106 qudd
1041 1022 1131 1084 tutibs
1211 1025 1212 1034 ’

169 1141 185 1178 n
208 1126 254 1182 est
266 1118 293 1180 ei
309 1118 468 1198 (religione
479 1117 641 1196 iurenrenti
661 1117 785 1194 seruata)
803 1113 886 1195 prius
900 1110 1093 1186 contrahere,
1107 1115 1134 1170 et

170 1228 185 1264 s
209 1213 328 1287 postea,
344 1207 368 1268 si
389 1207 529 1285 elegerit,
544 1204 582 1266 ed
604 1205 790 1285 Religionem
815 1202 955 1282 migrare.
978 1221 994 1258 n
1015 1199 1134 1280 Exque

172 1295 272 1375 plures
283 1293 388 1357 volunt
400 1293 494 1375 quod,
508 1311 545 1354 eo
558 1309 648 1370 casu,
663 1309 793 1374 sponsus
806 1291 890 1376 pribs
903 1287 1022 1368 nuptias
1036 1285 1135 1363 inest,

172 1390 201 1444 et
213 1381 327 1444 deinde'
339 1390 408 1445 ente
421 1384 713 1466 consummationem
731 1379 916 1461 ingredietur
930 1375 1134 1457 Religionem

172 1470 225 1532 sod
237 1471 486 1533 communissima
498 1477 528 1532 et
544 1471 642 1532 verior
659 1469 806 1532 sententia
829 1473 917 1547 neget
929 1465 1033 1527 adesse
1046 1465 1138 1527 telem

173 1558 404 1640 obligationem
426 1565 455 1622 et
477 1559 568 1621 textui
589 1558 715 1639 allegato
734 1554 918 1639 respondent
938 1552 1020 1636 quod
1050 1555 1085 1615 in
1103 1572 1139 1615 eo

173 1647 297 1728 quaeslio
310 1654 373 1709 erat
386 1647 424 1710 do
433 1647 495 1710 viro
506 1647 558 1728 qui
574 1663 636 1708 non
647 1653 709 1709 eret
722 1645 819 1708 adbuc
828 1644 911 1708 certo
922 1642 1141 1705 determinatus

173 1736 210 1798 ed
222 1735 446 1818 ingrediendam
463 1735 664 1818 Religionem,
675 1744 704 1796 et
716 1734 754 1796 de
766 1752 803 1796 eo
820 1733 892 1795 dicit
906 1731 1040 1794 Pontifex
1055 1731 1140 1813 qubd

174 1824 523 1899 tutibserit,nereusfret
534 1823 683 1906 periuriisi
692 1819 1144 1902 juramentumnonimplererit

173 1919 309 1995 tempore
323 1919 442 1988 stetuto,
458 1912 538 1993 qubd
554 1914 636 1994 pribs
650 1911 818 1986 contrahat,
834 1918 862 1972 et
876 1917 988 1991 postea,
1004 1915 1064 1970 etc.
1085 1928 1143 1972 :ex

175 2019 235 2080 quo
248 1999 357 2061 deduci
377 2018 438 2061 non
452 2007 547 2080 polest
560 1999 597 2061 ed
614 1999 731 2082 nuptias
743 1996 838 2061 ten'eri
853 1998 915 2079 qul,
930 2005 999 2059 ente
1017 2005 1144 2080 tempus

175 2105 228 2168 per
246 2090 448 2165 juramentum
469 2086 718 2162 determinatum,
734 2087 919 2168 Religionem
934 2085 1117 2166 ingreditur.

214 2178 304 2237 4035.
327 2174 386 2236 Etsi
397 2182 511 2236 certum
523 2176 559 2237 sit
568 2177 716 2257 sponsalia
726 2175 844 2238 dissolvi
855 2192 908 2256 per
917 2175 1145 2255 susceptionem

175 2280 329 2324 sacrorum
350 2261 491 2324 ordinum
512 2265 596 2343 juxte
617 2267 734 2327 Extrav.
756 2265 908 2345 Antiquae.
929 2261 963 2325 de
981 2271 1066 2338 uoto,
1088 2265 1147 2327 ubi

175 2351 283 2412 dicitur
298 2369 306 2412 ε
326 2373 341 2410 n
361 2351 442 2413 Licet
454 2359 557 2414 votum
571 2353 794 2414 solemnizatum
809 2369 862 2434 per
880 2352 955 2414 seori
970 2353 1144 2434 susceptio-

176 2461 191 2499 n
216 2455 285 2501 nem
299 2439 430 2514 ordinis,
446 2443 592 2522 quantum
608 2441 645 2503 ad
659 2439 883 2523 impediendum
897 2441 1146 2522 Matrimonium,

175 2549 191 2589 n
215 2528 253 2589 sit
274 2525 379 2592 efficax
393 2529 611 2610 reputandum,
635 2536 720 2592 etc...
743 2550 774 2608 n,
789 2536 889 2592 temen
909 2530 1148 2594 controvertitur

176 2621 277 2679 utrum
293 2623 397 2698 peccet
409 2617 461 2699 qui
475 2618 596 2679 ordines
613 2635 713 2680 sacros
726 2617 867 2699 suscipit,
883 2617 1032 2680 insolevel
1048 2618 1149 2682 invite

176 2707 335 2788 sponsev.
351 2706 480 2768 rationes
489 2723 543 2787 pro
556 2713 586 2766 et
599 2713 772 2787 contra,ap.
783 2707 814 2768 S.
827 2704 949 2783 bigne.
962 2717 995 2766 nt
1009 2709 1081 2782 R'll,
1093 2709 1145 2784 ll).

177 2827 214 2840 -
232 2795 322 2858 texte
334 2793 573 2856 communiorem
587 2801 617 2855 ct
630 2794 776 2857 veriorem
794 2795 971 2856 sententiam
988 2795 1150 2876 sponsalia

177 2901 239 2943 non
260 2881 460 2944 dissolvuntur
483 2901 537 2962 per
559 2883 780 2965 susceptionem
803 2881 944 2945 ordinum
970 2883 1148 2947 minorum.

177 2971 219 3049 (S.
232 2968 365 3048 liguum,
376 2969 416 3030 lib
426 2973 463 3046 tl,
476 2972 598 3048 nlttltl.)

216 3059 305 3118 4036.
322 3059 441 3117 tentum
458 3068 501 3118 est
522 3069 622 3121 entem
636 3057 736 3141 qued,
754 3057 913 3122 contractis
926 3058 1149 3144 sponsalibus,

178 3144 257 3206 licite
271 3145 339 3224 quis
353 3153 446 3224 potest
460 3164 565 3208 vovere
579 3148 748 3228 ingressum
763 3147 794 3210 in
816 3148 1020 3227 Religionem,
1034 3149 1079 3211 vet
1098 3169 1151 3214 sa·

176 3249 296 3293 crorum
310 3232 449 3294 ordinum
463 3235 692 3314 susceptionem.
708 3235 752 3298 vel
766 3237 931 3298 castitatem
940 3244 1125 3318 perpetuam
1138 3261 1148 3317 ;

178 3337 234 3380 nec
248 3325 365 3381 tenetur
379 3327 455 3382 stare
475 3323 677 3402 sponsalibus,
692 3325 716 3386 si
729 3327 799 3386 vere
812 3323 873 3386 vult
890 3324 1046 3404 religiosus
1059 3325 1149 3390 beri.

178 3407 248 3468 -Si
264 3409 335 3468 verb
345 3425 405 3468 non
420 3407 524 3471 babeat
535 3411 730 3473 intentionem
742 3411 926 3494 Religionem
938 3412 1152 3494 ingrediendi,

178 3501 208 3556 et
221 3503 321 3554 votum
334 3496 448 3556 emittet
461 3497 601 3558 castitatis
621 3500 666 3561 trel
684 3500 864 3580 suscipiendi
878 3518 977 3563 saeros
996 3499 1150 3583 ordines,

179 3581 336 3662 sponsalis.
352 3589 418 3655 post
430 3582 599 3644 talevotum
613 3584 701 3650 inita.
716 3595 788 3649 sunt
800 3587 982 3662 ereneus,
993 3591 1062 3650 cirm
1073 3589 1155 3656 sint
