2474 3946
200 83 258 148 311
420 97 560 152 assutae
579 98 685 150 renus
705 101 785 150 rums
806 101 953 150 canorum.

202 219 419 298 inquisitionis
431 218 593 283 Generalis
609 240 618 297 ς
644 221 727 283 idem
745 221 860 303 pariter
876 219 1024 282 statuitur
1038 217 1077 280 dc
1089 215 1170 279 laicis

202 310 477 373 nubentibuscum
495 309 698 372 monialibus.
711 309 821 372 -llid
832 309 946 390 (1186).
957 307 1046 371 Prior
1056 324 1169 370 excom.

201 398 323 460 sublata
338 408 385 462 est
399 418 416 462 a
431 398 537 462 Consi.
550 403 607 478 Ap.
617 397 707 462 Sedis
716 421 729 478 ;
743 403 896 480 posterior
907 408 1030 462 servata
1041 407 1098 460 est.

682 569 705 628 X

410 699 444 742 ua
458 699 644 743 rureutnanro
659 700 828 744 nonasmrrs
841 701 976 748 enarrem.

246 835 335 895 tatia.
351 833 499 896 Honestas
513 833 633 914 publica
649 839 694 894 est
707 832 915 914 propinquitas
929 838 994 896 urta
1007 850 1046 895 ex
1060 848 1174 913 sponsa·

208 919 286 984 libus
300 928 351 984 aut
364 922 555 983 matrimonio
569 928 634 984 rato
647 927 677 984 et
691 939 752 982 non
765 928 987 984 consummato.

246 1013 312 1073 Hoc
326 1011 542 1092 impedimento
558 1010 675 1072 irritum
697 1009 732 1070 tit
751 1010 979 1090 matrimonium
992 1014 1174 1071 contractum

206 1099 526 1180 cumconsanguineis
540 1099 619 1161 illius
637 1115 774 1180 personae
788 1101 921 1180 quacum
942 1097 1094 1180 sponsalia
1115 1097 1176 1176 quis

207 1188 252 1250 vel
268 1187 495 1250 matrimonium
509 1195 607 1249 ratum
621 1186 789 1250 contraxit:
804 1187 969 1267 etquidem
982 1192 1053 1248 aute
1067 1184 1175 1248 Concil.

207 1275 353 1353 Trident,
362 1275 421 1338 hoc
430 1275 680 1356 impedimentum
689 1275 844 1338 vinculum
853 1274 1011 1356 conjugale
1024 1273 1177 1335 dirimebat

210 1383 304 1444 usque
314 1364 350 1426 ad
361 1371 502 1445 quartum
511 1365 654 1446 gradnm;
667 1365 718 1427 sed
726 1366 794 1442 jure
801 1363 1016 1426 novumident.
1028 1365 1114 1440 (sess.
1125 1365 1176 1435 at,

207 1469 264 1532 cap
290 1456 320 1532 3)
333 1471 395 1514 nun
417 1453 514 1514 oritur
538 1472 573 1514 ex
593 1452 783 1533 sponsalibus
803 1451 951 1527 invalidis,
972 1458 1002 1513 et
1014 1451 1178 1512 extenditur

208 1539 352 1604 duntaxat
365 1541 403 1604 ad
418 1542 551 1622 primum
573 1542 701 1624 gradum
716 1541 740 1602 si
759 1559 796 1603 ex
810 1541 1000 1622 sponsalibus
1013 1539 1131 1616 validis,
1146 1537 1179 1599 ad

209 1639 350 1712 quartum
364 1633 456 1709 verb,
472 1629 496 1692 si
511 1649 547 1692 ex
562 1630 754 1692 matrimonio
768 1637 833 1692 rato
847 1637 1001 1710 sequatur.

248 1720 348 1782 Oritur
368 1727 469 1782 tamen
491 1739 527 1783 ex
550 1719 741 1780 matrimonio
765 1725 829 1780 rato
850 1717 955 1796 nullo,
978 1717 1037 1780 nisi
1063 1716 1178 1780 nullitas

208 1811 383 1890 procederet
403 1827 438 1872 ex
462 1808 579 1872 delectu
602 1809 769 1870 consensus
785 1826 792 1868 :
811 1814 883 1888 puta
907 1826 943 1868 ex
966 1824 1071 1869 errore
1094 1807 1179 1868 etiam

208 1897 408 1974 conditionis,
424 1905 526 1974 metu,
541 1896 659 1958 delectu
674 1897 788 1973 aetatis,
804 1895 885 1976 quud
900 1895 1117 1958 mercoralem
1131 1911 1179 1974 po·

208 1990 265 2046 test
274 1995 308 2046 ut
321 1987 481 2066 sponsalia,
497 1993 529 2047 ut
543 2003 634 2066 supra
647 1985 779 2046 diximus
787 1985 897 2062 (1610),
913 1991 970 2046 etc.
989 1983 1062 2045 Vide
1076 1981 1179 2046 Theol.

208 2072 327 2147 Tolos.;
344 2075 405 2132 bt).
423 2073 564 2148 Bouvier;
581 2072 668 2133 Card.
685 2071 805 2154 Soglia,
820 2072 839 2152 ἓ
853 2075 920 2133 188.

248 2164 338 2223 latta.
366 2161 477 2222 Dicunt
500 2161 636 2223 nonnulli
657 2162 748 2223 etiam
769 2163 840 2223 oriri
867 2159 1121 2242 impedimentum
1149 2179 1182 2223 ex

209 2249 397 2330 sponsalibus
420 2250 706 2330 quomodocumque
729 2251 839 2326 nullis,
862 2251 887 2310 si
918 2249 981 2310 haec
1002 2249 1127 2312 nullitas
1149 2251 1183 2310 sit

209 2339 338 2414 occulta,
348 2347 444 2400 autea
452 2339 642 2401 matrimonio
653 2346 716 2400 rato
725 2340 809 2401 nullo
819 2357 854 2400 ex
869 2337 987 2400 delectu
1001 2343 1182 2418 consenstrs,

209 2427 234 2490 si
248 2428 303 2490 iste
313 2428 448 2491 delectus
462 2428 499 2490 sit
512 2429 647 2490 occultus
659 2448 667 2504 ;
687 2428 739 2490 sod
755 2428 939 2510 probabilius
953 2435 998 2489 est
1011 2445 1074 2488 non
1089 2429 1181 2502 oriri,

210 2517 300 2580 etiam
322 2517 353 2579 in
376 2516 423 2579 his
442 2517 579 2579 casibus:
593 2536 662 2578 nam
681 2517 890 2579 Tridentinum
913 2515 1087 2578 indistincte
1110 2517 1186 2578 dixit

210 2607 376 2690 sponsalia,
390 2605 675 2688 quomodocumque
694 2605 839 2681 invalida,
862 2605 980 2668 nullum
1003 2622 1112 2687 parere
1133 2607 1185 2667 im·

210 2697 431 2778 pedimentum,
446 2704 476 2758 et
489 2697 521 2757 in
535 2713 600 2776 cap.
613 2696 709 2773 nnio,
725 2693 760 2756 dc
772 2693 910 2776 eporestal,
927 2694 959 2756 in
973 2699 1017 2770 6⁰,
1032 2694 1183 2756 sancitum

210 2788 320 2866 pariter
334 2786 390 2848 fuit
403 2787 540 2848 universe
555 2803 615 2846 non
629 2783 701 2845 oriri
714 2784 966 2866 impedimentum
981 2800 1018 2844 ex
1031 2784 1184 2844 matrimu

211 2874 262 2936 nio
276 2876 359 2937 nullo
373 2893 410 2936 ex
421 2874 540 2936 delectu
555 2875 740 2952 consensbs,
756 2880 786 2934 et
806 2873 847 2934 ita
869 2869 1010 2934 asseritur
1023 2869 1116 2932 fuisse
1131 2872 1183 2933 de-

211 2963 354 3026 claratum
369 2965 387 3024 a
405 2965 436 3025 S.
452 2965 562 3044 Gongr.
579 2962 713 3040 Cardia„
725 2980 774 3045 ap.
789 2963 820 3025 S.
832 2963 896 3042 Lig.
912 2961 975 3039 (lib.
989 2965 1020 3046 6,
1033 2968 1066 3022 u·
1082 2964 1181 3038 1062).

251 3055 340 3112 1191.
357 3053 401 3112 Ex
419 3051 466 3114 his
486 3060 586 3114 tamen
606 3051 756 3114 immeritb
770 3050 1012 3129 concluderetur,
1029 3069 1100 3113 cum
1115 3054 1183 3134 qui·

211 3141 350 3219 busdam,
361 3140 511 3222 sponsalia
519 3141 626 3218 valida,
635 3160 672 3203 ex
682 3139 1108 3218 mutuoccnsensudissoluta,
1121 3159 1184 3203 non

211 3229 377 3310 producere
405 3230 655 3311 impedimentum
684 3249 692 3291 :
718 3247 789 3292 nam
815 3231 887 3292 clam
909 3229 1059 3309 sponsalia
1086 3230 1184 3292 valida

212 3317 291 3380 eertb
305 3319 403 3379 statim
418 3319 586 3400 producant
600 3317 868 3399 impedimentum,
879 3325 1003 3380 mutuus
1016 3335 1185 3382 consensus

213 3424 273 3467 non
290 3411 387 3488 potest
401 3406 474 3468 illud
487 3407 609 3469 tollere:
626 3409 666 3468 ita
682 3406 800 3470 resolvit
813 3408 844 3469 S.
860 3409 971 3490 Cougr.
986 3411 1074 3491 tijul.
1091 3417 1184 3491 1668,

213 3497 298 3576 eujus
312 3493 471 3556 declaratio
485 3495 647 3578 approbata
661 3495 717 3560 tuit
733 3497 771 3559 ab
791 3495 955 3558 stasanor-0
969 3499 1031 3577 Vll,
1047 3501 1098 3576 qui
1117 3521 1186 3574 pro-
