2416 3954
177 234 235 296 851
396 251 535 298 uruntur
556 253 657 300 roaros
677 253 759 298 runis
780 251 928 298 canonici.

214 350 265 427 Si,
289 349 380 430 petita
398 349 622 431 dispensatione
641 368 733 430 super
761 350 980 431 impedimento
1001 343 1136 410 affinita'is
1203 411 1204 416 .

175 457 211 501 ax
227 439 336 520 copula
350 439 452 500 illicita
469 457 541 502 cum
564 438 1136 521 consanguinehspcnsae.iten1mpac·
1202 495 1204 518 ,

174 535 343 590 caturcum
357 527 484 601 eddam,
500 535 661 609 antequam
683 527 867 609 dispensatio
884 525 1054 590 executioni
1069 541 1137 586 man
1203 587 1204 608 ἶ

175 615 262 678 datur
275 617 291 676 b
306 615 455 697 delegato,
470 619 550 678 certe
566 635 627 677 non
637 623 682 676 est
691 617 859 677 necessaria
870 634 946 677 nova
955 612 1137 697 dispensatio,

176 705 247 786 quia
258 704 441 786 dispensatio
455 723 545 767 suum
562 723 621 766 non
637 704 759 766 sortitur
772 703 912 767 effectum
926 706 944 766 a
964 704 1015 765 die
1029 699 1139 784 expedi·

176 791 266 854 tionis
285 791 336 854 sed
356 793 488 873 potiirsa
509 792 558 855 dia
571 793 779 872 executionis,
799 799 829 855 et
850 811 912 855 non
929 793 1092 874 requiritur
1111 786 1139 849 ad

177 881 357 944 validitatem
383 889 417 944 ut
443 882 629 964 exprimatur
647 882 764 964 quoties
793 881 902 963 copula
924 879 1091 944 acciderit:
1110 879 1141 939 ita

177 971 377 1046 omnes;-si
398 971 469 1033 verb
484 990 559 1034 nova
572 971 680 1053 copula
695 969 840 1033 habeatur
859 976 1020 1052 postquam
1037 967 1142 1050 dispen-

178 1061 252 1122 satio
269 1059 325 1122 init
344 1061 513 1124 executioni
528 1060 690 1138 mandata,
707 1061 802 1139 major
816 1066 860 1122 est
874 1057 1033 1121 dililcultas
1050 1077 1059 1119 :
1075 1057 1143 1119 iden

178 1154 278 1212 tamen
299 1149 492 1212 communitas
511 1150 636 1222 dicitur,
652 1149 723 1231 quia
745 1157 817 1210 tunc
835 1147 962 1212 affinitas
975 1153 1022 1210 est
1042 1146 1144 1209 sublata

178 1237 277 1320 quoad
301 1237 439 1299 ellectum
459 1237 687 1301 matrimonium
706 1237 919 1312 contrahendi,
936 1243 971 1298 ut
988 1242 1144 1298 constatex
1204 1291 1205 1324 ,

178 1325 306 1406 ipsamet
331 1325 533 1388 declaratione
564 1327 595 1387 S.
622 1327 872 1394 Poenitentiariae.
898 1344 948 1407 ap.
975 1325 1008 1386 S.
1032 1325 1144 1406 Lignor.
1204 1373 1205 1413 ἒ

179 1413 242 1491 (lib.
257 1414 339 1488 6,n⁰
353 1417 460 1489 lllbl3
484 1432 571 1476 secus
598 1414 761 1495 Theologia
783 1415 948 1490 Tolosam,
969 1421 999 1475 et
1021 1412 1146 1474 Carribrc

179 1500 420 1583 (Compendium,
446 1503 479 1562 n⁰
499 1504 588 1582 aad„
610 1509 642 1564 ct
672 1501 828 1585 probabile
856 1501 947 1564 habet
972 1503 1005 1564 S.
1032 1501 1145 1583 Lignor.

180 1590 210 1652 in
225 1607 316 1672 opere
329 1589 424 1652 Homo
436 1590 611 1674 apostolicos
625 1591 691 1671 (ih,
708 1601 741 1652 n⁰
755 1595 821 1666 87).

218 1683 308 1742 llll.
331 1679 362 1742 Si
373 1681 454 1758 verb,
469 1680 926 1763 obtantadispensationesuper
937 1679 1148 1761 impedimento

180 1769 448 1850 consanguinitatis
461 1770 506 1832 vel
525 1769 674 1832 affinitatis
698 1771 771 1848 (imd
787 1771 873 1849 juxta
894 1769 1049 1847 Carribra,
1076 1771 1149 1834 Con·

180 1858 318 1942 pendium
333 1862 402 1936 116,
416 1862 506 1920 etiam
521 1859 708 1941 cognationis
733 1859 896 1940 spiritualis
915 1865 966 1920 aut
988 1857 1150 1921 honestatis

183 1947 327 2028 publica,
343 1955 377 2010 ut
390 1949 488 2029 colligi
504 1967 591 2027 posse
610 1947 726 2011 videtur
744 1965 780 2009 ex
796 1948 878 2029 praxi
899 1948 997 2010 Curiae
1011 1949 1149 2010 Romana

181 2053 272 2115 quarn
286 2041 409 2096 testatur
424 2035 593 2114 Corradus),
602 2035 747 2099 habeatur
756 2037 864 2118 copula
878 2053 950 2099 cum
963 2041 1077 2118 sponsa
1089 2057 1096 2100 ε
1110 2035 1150 2098 rel

182 2119 306 2182 habetur
324 2129 486 2203 antequam
503 2123 686 2204 dispensatio
704 2125 743 2186 sit
762 2126 930 2188 executioni
951 2125 1114 2202 mandata,
1127 2132 1151 2188 el

181 2213 255 2269 tunc
277 2211 443 2271 necessaria
466 2218 510 2272 est
530 2230 607 2272 nova
630 2213 814 2294 dispensatio
834 2232 887 2278 scu
907 2215 1013 2276 litterar
1034 2214 1151 2298 perinde*

181 2295 288 2370 volere,
300 2303 332 2358 ut
345 2305 462 2360 constat
470 2317 506 2360 ex
520 2298 721 2364 declaratione
735 2303 765 2365 S.
782 2303 814 2364 G.
828 2303 899 2366 maii
915 2307 992 2366 1635
1002 2325 1011 2380 ;
1022 2305 1152 2367 siaulem

181 2385 289 2466 copula
303 2385 446 2449 habeatur
461 2396 527 2471 post
546 2391 756 2453 executionem
775 2391 1026 2473 dispensationis,
1046 2393 1152 2475 proba-

182 2473 241 2536 bile
263 2483 308 2537 est
330 2475 411 2557 qudd
432 2495 493 2540 non
513 2479 550 2540 sit
575 2480 740 2543 necessaria
764 2497 840 2542 nova
857 2481 1151 2564 dispensatio,quia,

182 2563 278 2626 ablata
293 2565 492 2648 prohibitione
507 2569 707 2648 matrimonii,
731 2570 856 2633 cessavit
876 2571 990 2632 malitia
1010 2573 1150 2634 incastila.

182 2654 213 2716 S.
229 2655 364 2735 Lignor„
380 2655 432 2719 lib.
448 2661 488 2736 6,
505 2669 538 2718 n⁰
553 2661 642 2720 1111.

221 2748 311 2807 4118.
335 2745 365 2806 Si
381 2745 501 2808 tandem
516 2751 655 2828 expressa
666 2748 729 2827 jam
743 2747 851 2830 copula
878 2748 907 2804 in
937 2748 1148 2821 supplicatione,
1205 2771 1206 2812 1

183 2834 290 2895 ilerum
305 2833 449 2896 habeatur
462 2835 678 2898 commercium
688 2838 808 2899 carnale
824 2838 1151 2920 interdictossponsos‚

182 2929 251 2983 ante
264 2922 472 2985 executionem
496 2942 549 2986 seu
569 2924 812 2988 fulminationem
826 2925 1078 3008 dispensationis,
1093 2942 1152 2987 non

182 3028 258 3091 opus
271 3016 315 3072 ast
330 3013 406 3071 novt
419 3009 656 3092 dispensatione,
672 3014 697 3076 si
711 3013 780 3077 data
790 3014 880 3078 luerit
890 3017 907 3077 h
918 3015 1151 3091 l’oenitantiarit,

182 3097 252 3179 quia
266 3095 304 3157 ab
319 3097 382 3176 ipsi
396 3096 482 3160 datur
496 3099 586 3164 hodie
599 3102 736 3184 delegato
753 3103 880 3168 facultas
898 3103 965 3165 aad
978 3103 1100 3166 iaceatis
1111 3121 1154 3164 as·

182 3207 197 3245 a
221 3203 276 3266 que
301 3183 522 3265 adpraesentem
536 3193 728 3255 erecan'onem
750 3192 877 3275 forsitan
896 3190 1003 3254 iterati
1026 3191 1155 3256 reatibus

181 3296 197 3333 ι
221 3273 563 3352 auctoritateapostolich
578 3279 761 3344 absolvendi.
777 3303 792 3340 r
811 3281 842 3344 Si
855 3281 927 3343 vert
936 3280 1124 3358 dispensatio
1137 3281 1155 3342 1

179 3361 300 3426 Daton-id
328 3359 456 3432 elargna
487 3356 596 3422 ttrcrtt,
633 3361 719 3411 trrrta
747 3357 782 3412 tlt
813 3370 865 3425 per
893 3359 1009 3413 dictam
1039 3369 1150 3414 nomm

183 3447 331 3527 topiariam
347 3442 356 3484 ¹
373 3459 381 3510 ;
396 3439 456 3499 hoc
471 3435 641 3497 deducitur
658 3455 695 3498 cx
716 3454 754 3498 eo
768 3434 851 3515 qabd
866 3435 899 3500 S.
918 3435 1151 3501 Poenitantiaria

179 3529 351 3618 Episcopis
364 3523 472 3589 Gallica
486 3522 539 3585 det
554 3531 739 3602 potestatem
752 3521 934 3604 hujusmodi
951 3521 1151 3586 matrimonia

180 3613 404 3690 convalidandi
431 3607 525 3672 :hnc
536 3617 612 3671 suut
624 3610 710 3671 anim
726 3609 825 3676 ipsius
840 3607 953 3672 verba:
981 3631 997 3666 a
1018 3609 1151 3678 Dispen-

218 3753 241 3803 1.
258 3751 318 3800 Casu
331 3754 380 3804 quo
394 3727 516 3792 contingit
535 3723 598 3772 intra
617 3729 714 3786 tempus
731 3735 775 3785 pro
789 3717 944 3782 separatione
958 3712 1118 3779 assignem„
