2416 3954
235 147 295 212 333
453 173 592 226 usuratu
612 183 713 234 roaros
733 190 814 242 roais
834 197 983 254 ornamur.

235 271 362 346 possunt
382 267 513 354 delegari
530 295 538 339 ε
553 278 592 342 63
606 281 641 344 iis
665 286 747 348 enim
771 289 917 359 duntaxat
939 299 1067 385 loquitur
1088 309 1182 376 concil.

233 354 366 419 Trident.
384 359 491 444 (4341)
509 383 518 426 :
533 366 572 429 ita
587 369 700 452 pluries
716 376 877 445 declaravit
889 387 921 448 S.
941 389 974 454 C.
991 393 1102 460 Concil.
1119 403 1185 479 Juxta

234 442 367 507 Carribre
388 448 626 533 (Compendiam,
642 474 677 522 n⁰
690 468 770 542 116).
790 471 851 533 Nec
864 474 962 540 obstat
980 484 1061 563 qudd
1075 489 1184 552 ualidum

233 529 271 590 sit
302 535 528 604 matrimonium
565 564 666 612 eoram
695 557 827 634 parocho
858 567 995 633 nondum
1032 579 1184 652 saeculare,

233 620 303 698 qriia
318 625 465 701 parochus
486 631 571 697 hsuo
591 637 677 700 titulo
696 640 786 707 habet
797 649 878 728 qudd
896 653 933 716 sit
950 661 1033 723 testis
1044 667 1184 728 3331313·

234 705 302 768 bilis
317 729 328 769 :
342 710 421 776 idem
437 735 499 780 non
509 728 652 806 competit
666 729 750 795 alteri
766 741 848 800 rnerb
861 739 1009 825 delegato.

271 803 361 862 1376.
385 837 421 850 -
443 809 475 868 2⁰
489 809 642 894 Delegatio
665 821 759 902 accipi
777 835 872 904 potest
890 846 952 894 non
967 838 1097 906 solbmh
1116 865 1185 927 paro·

231 884 289 946 ebo
305 887 355 951 sed
371 891 409 952 ab
425 892 460 956 iis
479 901 621 964 omnibus
635 909 686 985 qui
699 909 941 987 iurisdictionem
956 927 1134 1000 ordinariam
1147 935 1185 996 ba·

233 972 305 1037 bent
326 979 356 1040 in
380 986 591 1052 contrahentes
615 997 715 1074 quoad
745 1004 983 1076 matrimonium.
1013 1019 1088 1084 Item
1110 1033 1185 1105 potest

233 1061 335 1129 haberi
358 1069 396 1130 ab
417 1076 560 1140 corninus
583 1085 634 1162 qui
657 1103 693 1146 ex
716 1093 849 1168 generali
874 1103 1089 1173 commissione
1110 1115 1186 1174 ualidi·

233 1155 430 1221 matrimoniis
448 1165 609 1249 assistunt,
625 1175 689 1236 uta
708 1178 842 1259 vicariis;
860 1185 922 1249 imd
941 1193 1031 1256 etiam
1046 1199 1085 1262 ab
1099 1202 1132 1264 iis
1148 1205 1186 1284 qui

232 1241 415 1320 deputantur
434 1250 471 1311 ad
494 1259 694 1325 matrimoniis
714 1267 895 1346 quibusdam
915 1277 946 1339 in
965 1286 1066 1364 specie
1080 1289 1185 1353 interes

232 1331 380 1408 serratum,
414 1339 505 1402 modd
528 1361 564 1405 ex
595 1347 827 1420 circumstantiis
856 1379 997 1446 appareat
1023 1373 1083 1440 illis
1106 1379 1185 1442 datam

231 1415 320 1478 luisse
337 1429 511 1501 potestatem
527 1433 582 1495 sibi
598 1439 726 1503 alterum
748 1445 947 1517 substituendi
962 1479 1018 1540 pro
1031 1463 1185 1548 huJasnod

230 1507 394 1572 assistentia
418 1514 520 1581 311333
541 1529 642 1588 tamen
663 1531 868 1601 conditionem
891 1545 982 1608 veluti
1003 1559 1185 1620 necessariam

231 1592 339 1659 babere
354 1617 413 1662 non
431 1603 547 1670 ridetur
561 1614 596 1675 D.
614 1617 747 1682 Carribre
759 1622 788 1684 in
803 1643 859 1690 suo
875 1629 1050 1717 Compendio
1065 1647 1185 1723 2l035rd

231 1685 381 1751 nescimus
395 1697 454 1772 quir
469 1697 562 1761 solidi
576 1705 692 1769 ratione
707 1710 828 1777 nitatur.

269 1777 357 1839 1377.
382 1813 421 1827 -
441 1788 473 1845 3⁰
496 1787 630 1855 Diximus
643 1813 733 1878 supra
757 1803 911 1881 (320-326)
933 1815 1062 1894 qualiter·
1076 1821 1185 1887 1133113

229 1859 296 1924 brat
309 1865 466 1950 delegatio.
484 1910 521 1920 -
535 1881 697 1966 Quousque
711 1891 780 1950 verb
794 1897 972 1963 extendatur
981 1911 1085 1988 quoad
1100 1916 1183 1976 matri-

229 1955 395 2018 monium?
419 1963 504 2025 -Si
527 1971 675 2046 parochus
696 1975 776 2039 illam
802 1984 960 2069 restringat
981 1995 1020 2056 ad
1042 2002 1183 2066 ecclesiam

228 2042 430 2115 parochialem
454 2053 497 2111 rel
513 2056 604 2118 alium
622 2060 737 2142 locum,
753 2078 868 2134 certum
883 2083 929 2138 est
940 2080 1115 2167 delegatum
1136 2111 1182 2154 aaa

227 2143 313 2202 posse
336 2133 431 2195 aalide
447 2142 638 2209 rrratrimonio
661 2154 799 2220 assistere
822 2171 904 2226 extra
925 2167 1035 2236 limites
1055 2179 1112 2243 sibi
1125 2183 1183 2243 assi·

226 2222 342 2289 gnatos.
367 2221 395 2280 Si
415 2234 518 2288 aulem
540 2233 621 2296 nulla
644 2243 790 2309 restrictio
814 2248 904 2314 133311
924 2265 1077 2342 apposita,
1104 2271 1182 2332 validi

226 2308 321 2378 potest
334 2305 487 2390 cleli·galus
501 2317 591 2382 eliam
613 2334 694 2389 extra
713 2337 885 2412 parochiam
900 2350 1096 2420 matrimonio
1108 2361 1181 2422 assis·

225 2395 302 2465 tere,
318 2396 389 2475 (ruia
414 2403 494 2465 nulla
509 2415 553 2468 est
568 2414 641 2476 ratio
656 2434 710 2479 cur
724 2431 806 2487 extra
820 2433 991 2509 parochiam
1008 2440 1038 2504 id
1054 2445 1118 2510 heri
1133 2469 1180 2510 nor

224 2477 342 2560 ualeat,
376 2495 538 2567 praesertim
562 2502 633 2563 3133
662 2509 829 2578 assistentia
852 2526 1045 2594 matrimonio
1070 2541 1181 2601 nonsit

223 2575 343 2651 proprii
357 2582 441 2641 actus
458 2582 682 2662 jurisdictionis.
702 2599 774 2664 Vide
792 2605 944 2691 Carridre,
962 2617 1177 2707 Compendium,

224 2669 256 2718 3ο
279 2665 349 2727 113.

261 2755 349 2815 13711.
373 2757 416 2819 lle
446 2759 563 2826 vicariis
584 2774 802 2848 parochialibus
826 2785 913 2865 plura
935 2793 1068 2866 diximus
1100 2825 1178 2890 supra

222 2838 329 2916 (1519,
361 2847 466 2924 13333
498 2853 574 2916 adde
607 2856 655 2920 hic
682 2866 763 2943 qudd
796 2887 831 2933 ex
864 2881 952 2945 variis
986 2886 1177 2958 decisionibus

220 2927 515 3016 33313333133133,
547 2949 619 3007 torn.
643 2952 682 3012 58
704 2951 847 3022 thesauri
866 2970 985 3036 resolui.
1012 2997 1043 3061 p.
1067 2987 1134 3062 ula,
1154 2993 1176 3047 31

220 3017 293 3074 tram.
314 3021 352 3078 bt
372 3039 401 3100 p.
428 3028 503 3104 118,
528 3038 558 3092 31
571 3035 742 3104 referuntur
767 3047 806 3108 ab
826 3053 977 3123 Anoleetis
992 3067 1084 3145 (janu.
1109 3079 1175 3138 11156

217 3100 275 3163 eol.
302 3107 405 3185 1686),
427 3128 488 3174 333
503 3120 668 3197 prudenter
684 3136 713 3191 ct
733 3135 892 3204 salubriter
913 3149 1080 3239 Episcopus
1098 3163 1175 3226 lerret

218 3185 315 3270 legem
336 3201 396 3276 qut
415 3203 536 3280 parochi
551 3212 781 3289 prohiberentur
794 3226 865 3293 dare
879 3236 941 3298 suis
962 3245 1174 3326 coadjutoribus

216 3294 270 3339 seu
284 3282 400 3348 vicariis
414 3287 590 3358 illimilatam
613 3301 785 3374 facultatem
798 3323 997 3392 matrimoniis
1010 3340 1171 3418 assistendi,

216 3373 266 3427 nut
289 3375 463 3438 tenerentur
476 3401 531 3460 pro
553 3385 679 3469 singulis
692 3401 810 3465 casibus
828 3408 900 3474 dare
912 3413 992 3482 hanc
1011 3423 1171 3493 facultatem

215 3452 387 3540 inscriptis.
408 3466 451 3526 Ex
466 3468 571 3534 iisdem
586 3476 788 3554 decisionibus
810 3501 1001 3571 matrimonia
1024 3511 1097 3578 inita
1108 3537 1172 3582 cum

215 3545 381 3610 assistentia
397 3559 669 3637 pre-parochorum
688 3590 743 3638 seu
755 3581 932 3656 vicariorum
957 3608 1064 3666 conus
1082 3607 1171 3686 prohi-
