2434 3940
901 4 970 53 -F
1030 6 1125 19 ,η-

216 241 274 303 att
433 250 571 300 urucam
589 251 691 303 ronna
710 255 792 303 mars
812 251 960 300 canonici.

216 351 330 416 mortali
344 352 368 414 si
383 369 419 414 ea
432 351 520 430 justis
533 352 632 412 causis
646 349 711 413 sind
725 369 874 413 consensu
890 352 1050 432 parentum
1069 345 1178 426 nuptias

128 505 132 516 ,
214 442 331 517 ineant3
346 440 509 502 videlicet:
531 443 561 500 l⁰
586 439 610 500 si
635 447 719 520 pater
743 439 853 518 injustb
876 437 1033 520 probibeat
1052 435 1178 496 liliuma

215 529 374 610 oottjugio;
391 533 423 590 2⁰
444 527 467 590 si
483 531 574 589 causa
590 529 711 607 majoris
725 527 801 590 dotis
817 527 972 607 indignam
988 525 1140 586 mulierem
1154 523 1179 582 ei

215 617 286 680 dare
299 618 386 694 relit3
402 620 432 680 3⁰
446 617 469 678 si
483 617 598 696 justum
614 615 841 680 matrimonium
865 614 1023 697 probibeat
1038 612 1105 694 quia
1124 611 1182 672 vult

216 715 247 768 ut
263 707 343 769 iilius
358 707 516 770 mulierem
533 705 625 768 ducat
646 711 751 769 contra
775 706 870 787 ipsius
887 704 1070 766 voluntatem
1081 748 1089 777 ,
1102 700 1145 762 rel
1159 701 1182 760 si

217 795 373 877 probibeat
387 796 451 858 sind
463 796 544 872 justa
558 798 668 872 causti,
689 794 718 857 in
739 813 801 876 quo
820 795 950 876 graviter
974 800 1093 873 peccat3
1112 791 1141 851 tl⁰
1160 789 1182 850 si

217 891 301 966 pater
323 885 427 967 procul
451 883 559 962 distet,
588 891 619 946 et
643 883 722 946 lilius
747 901 807 945 non
826 885 921 966 possit
939 879 1096 944 commode
1117 897 1184 942 eum

218 976 376 1037 certiorem
404 973 522 1052 lacere,
548 973 710 1056 credatque
736 979 853 1054 patrem
876 971 1004 1034 libenter
1030 987 1187 1032 consensu·

219 1081 297 1125 rum.

258 1157 347 1214 lbos.
364 1151 442 1224 litsi,
455 1152 538 1230 J'urta
553 1150 731 1213 sententiam
745 1169 960 1228 communem,
977 1149 1056 1212 tilius
1070 1167 1129 1211 non
1142 1155 1186 1210 te·

220 1249 325 1304 nentur
343 1239 465 1302 obedire
484 1239 558 1321 patri
578 1240 762 1321 praeoipienti
777 1247 811 1303 ut
830 1239 1059 1302 matrimonium
1072 1245 1189 1300 contra·

219 1327 288 1406 bat,
303 1331 348 1391 rel
364 1336 395 1390 ut
409 1329 541 1409 aliquam
555 1327 645 1391 ducat
660 1329 817 1392 mulierem
831 1332 849 1390 b
864 1331 923 1410 qutt
944 1327 1023 1390 filius
1037 1327 1189 1404 abhorret,

219 1417 420 1481 communiter
442 1425 543 1479 tamen
568 1419 631 1478 DD.
656 1417 762 1479 dicunt
784 1417 869 1480 illum
892 1417 987 1480 teneri
1010 1415 1141 1493 obedire,
1167 1417 1190 1478 si

220 1507 447 1568 matrimonium
466 1505 551 1567 valde
565 1504 673 1568 referat
692 1507 727 1567 ad
743 1506 875 1569 tollenda
885 1506 984 1587 gravia
999 1503 1118 1568 dissidia
1128 1553 1135 1580 ‚
1145 1505 1191 1568 rel

220 1597 257 1660 ad
273 1594 486 1658 sublevandam
502 1613 623 1676 gravem
639 1596 847 1658 necessitatem
862 1603 1041 1679 parentum:
1058 1611 1117 1655 non
1129 1596 1193 1673 jam

219 1685 320 1766 vigore
335 1685 492 1767 praecepti,
515 1682 567 1746 scd
587 1703 623 1746 ex
644 1684 752 1746 virtute
770 1685 887 1766 pietatis
908 1687 969 1766 qul
983 1683 1061 1746 lilius
1074 1690 1195 1746 tenetur

221 1775 378 1839 sultrenire
401 1775 464 1836 suis
484 1773 683 1856 parentibus:
708 1773 839 1855 intellige
863 1779 964 1836 tamen
983 1772 1008 1834 si
1023 1769 1103 1834 filius
1123 1773 1195 1834 velit

221 1872 331 1927 statum
354 1863 543 1944 conjugalem
565 1861 726 1943 amplecti,
747 1865 816 1943 quia
841 1862 981 1944 impediri
1002 1861 1106 1942 nequit
1120 1865 1195 1944 quin

221 1961 330 2014 statum
352 1953 509 2013 meliorem
529 1951 634 2032 eligat3
653 1952 763 2013 sivero
786 1949 866 2013 lilius
885 1953 947 2031 jam
962 1950 1112 2033 sponsalia
1126 1971 1196 2014 oon·

221 2041 343 2101 traxerit
357 2043 373 2100 a
388 2039 498 2120 quibus
519 2040 597 2118 juste
621 2040 734 2102 resilire
756 2051 902 2124 nequeat,
919 2060 980 2104 non
1000 2045 1099 2122 potest
1113 2049 1216 2122 pater¹

222 2147 290 2190 eum
317 2145 425 2209 cogere
451 2125 489 2188 ad
514 2128 604 2190 aliam
629 2127 812 2192 ducendam.
846 2132 877 2193 S.
903 2129 1047 2215 Ligure,
1073 2129 1128 2192 lib.
1156 2135 1198 2207 6,

222 2229 255 2280 n⁰
269 2221 338 2279 850.

260 2301 349 2360 4006.
366 2296 419 2359 llis
432 2315 504 2379 ergo
522 2297 696 2378 explicatis,
711 2299 898 2364 deveniendo
912 2318 996 2363 nunc
1009 2299 1047 2362 ad
1061 2303 1215 2384 proposi¹

219 2392 280 2450 tam
296 2387 513 2467 quaestionem,
528 2386 659 2449 dicimus
681 2405 753 2452 oum
774 2391 836 2453 llD.
861 2387 959 2472 qudd,
978 2407 1050 2452 casu
1064 2409 1132 2472 quo
1150 2391 1202 2452 lilii

221 2475 445 2539 matrimonium
461 2475 536 2538 inire
551 2485 706 2557 nequeunt
724 2478 789 2540 sind
812 2485 934 2561 peccato
955 2479 1045 2542 etiam
1068 2480 1203 2552 veniali,

222 2567 275 2648 ipsi
288 2575 360 2627 tunc
373 2564 410 2627 od
424 2565 663 2628 contrabendum
681 2585 742 2629 non
764 2567 956 2649 obligentur,
971 2567 1091 2630 etiamsi
1105 2587 1204 2650 spon·

196 2659 201 2662 ’
221 2656 291 2717 salia
304 2656 475 2734 iuramento
490 2655 615 2716 luissent
628 2657 817 2734 confirmata,
828 2657 898 2738 quia
909 2659 1123 2736 juramentum
1142 2677 1214 2720 nont

222 2753 318 2826 potest
338 2763 403 2806 csse
426 2745 580 2806 vinculum
602 2745 787 2826 iniquitatis:
812 2746 879 2807 vide
893 2747 1023 2809 rationes
1038 2747 1070 2808 in
1088 2749 1207 2829 proba·

221 2835 333 2894 tionem
348 2833 477 2896 allatasb
493 2835 524 2894 S.
541 2833 661 2914 Lignor.
680 2833 743 2912 (lib.
760 2837 796 2910 6,
813 2847 846 2894 n⁰
860 2839 949 2910 stum
965 2837 1126 2898 casuvord
1143 2857 1210 2917 quo

222 2921 447 2982 matrimonium
460 2921 534 2983 inire
549 2927 676 3003 possunt
690 2923 755 2984 sind
769 2930 911 3005 peccato,
927 2923 1122 3006 sponsalium
1139 2926 1213 2988 rin-t

222 3010 289 3070 culo
303 3009 540 3088 obstringuntur.
1212 3005 1213 3075 t

260 3101 349 3158 4007.
372 3097 691 3162 tlommuniterautem
707 3103 768 3162 bb.
786 3103 917 3165 sentiunt
928 3120 990 3165 non
999 3101 1101 3165 teneri
1111 3121 1212 3187 spon·

221 3203 289 3247 sum
304 3186 340 3247 ad
357 3184 506 3266 implenda
523 3189 673 3268 sponsalia
691 3209 761 3252 cum
783 3191 863 3272 gravi
884 3199 1042 3274 parentum
1069 3192 1212 3280 iniuria,

221 3274 334 3336 etianmi
352 3274 498 3354 virginem
514 3275 721 3340 defloraverit:
746 3280 817 3360 quia
836 3281 929 3343 virtus
946 3281 1070 3360 justitiae
1094 3285 1212 3364 nequit

221 3362 351 3441 obtigere
366 3362 404 3424 ad
420 3369 521 3424 actum
535 3363 586 3443 qui
602 3364 667 3428 sind
682 3375 805 3449 peccato
820 3367 936 3450 impleri
952 3387 1014 3430 non
1027 3377 1139 3452 potest
1159 3391 1169 3433 ε
1187 3379 1211 3434 et

221 3449 277 3514 linc
300 3451 491 3530 probabiliter
512 3451 621 3513 dicitur
640 3456 731 3516 etiam
751 3456 780 3517 in
805 3475 875 3520 casu
899 3477 960 3539 quo
981 3475 1123 3539 sponsus
1148 3477 1211 3538 non

220 3547 321 3620 posset
334 3539 509 3600 defloratam
523 3536 646 3615 dotare,
662 3547 733 3624 quia
752 3563 813 3607 non
837 3553 934 3627 potest
951 3545 1106 3608 damnum
1127 3547 1211 3639 illiuq

220 3645 358 3710 reparare
372 3643 441 3686 cum
465 3627 546 3705 gravi
568 3628 676 3706 iniuritl
691 3641 870 3715 parentum;
886 3641 916 3698 et
929 3635 967 3698 ad
981 3634 1057 3698 illud
1075 3654 1151 3699 non
1169 3647 1210 3700 te
