2474 3946
196 147 256 212 918
417 161 554 208 nanctus
574 159 676 209 rorrus
696 161 777 208 runis
798 158 943 206 sanamur.

195 259 400 343 prohibentia,
423 276 492 338 quae
515 257 547 318 in
569 257 764 339 sequentibus
782 255 936 318 versiculis
954 251 1167 320 continentur:

289 357 404 412 Ecclesia
415 356 521 408 Velitum
531 357 675 423 „Tempus
690 356 837 418 Sponsalia,
854 355 944 407 Notum

287 429 428 496 Impediunt
442 428 509 488 lieri,
524 429 668 494 permittunt
679 428 743 479 18818
757 426 843 479 teneri.

233 533 323 594 1188.
351 531 381 592 11
404 531 459 590 Per
484 529 625 592 Ecclesia
656 527 785 590 Velitum
808 527 984 608 intelligitur
1007 523 1220 630 prohibitio
1219 563 1220 566 ¹

194 640 262 702 quae
277 619 307 680 fn
323 619 361 680 ab
375 619 523 700 Episcopo
537 619 583 680 vel
598 617 749 718 parocho,
764 635 793 679 r
810 636 854 697 g,
870 617 909 677 ob
923 615 1083 679 dubium'
1075 635 1170 699 irnpe-

193 708 319 770 dimenti
330 707 476 786 alicujus,
493 713 523 768 81
538 712 611 770 1888
625 725 726 788 sponsi
720 704 946 768 contrahendo
960 706 1090 786 grauiter
1104 724 1220 788 pec-

193 807 297 860 carent
308 797 455 878 ,iuxtaS
471 795 592 876 Ligunr.
610 795 675 878 (lib.
693 799 732 874 6,
754 796 787 856 n⁰
800 796 884 874 989)
900 793 1081 857 leretamen
1096 795 1220 866 toret

194 893 372 967 peccatum,
398 884 425 949 si
447 884 607 968 prohibitio
629 890 708 948 esset
729 882 769 946 ob
792 882 1015 947 venerationem
1039 883 1170 966 alicujus
1219 915 1220 926 1

193 975 285 1038 Festi.

233 1062 398 1126 Prohibitio
414 1063 487 1125 sane
505 1061 569 1124 fieri
590 1064 717 1145 potesta
738 1062 769 1124 8.
794 1060 961 1138 Pontifice,
981 1067 1011 1124 et
1030 1065 1128 1140 tuno,
1144 1061 1168 1123 si

193 1153 319 1214 Decreto
338 1150 403 1213 irrit
392 1157 473 1212 tante
494 1151 655 1253 prohibitio
677 1154 756 1214 esset
775 1150 907 1220 munita,
931 1149 1046 1230 nuptiae
1064 1157 1168 1212 contra

193 1240 284 1302 talem
298 1239 530 1321 prohibitionem
555 1239 635 1302 initae
653 1239 743 1301 nullae
757 1244 880 1302 assent.
897 1239 1012 1320 quiaS.
1030 1237 1169 1300 Pontifex

193 1334 370 1408 potestatem
393 1326 481 1388 88881
505 1327 731 1389 matrimonium
755 1325 911 1401 irritandi;
937 1345 998 1388 non
1025 1326 1107 1388 idem
1126 1334 1220 1422 est

193 1415 373 1492 dicendum,
398 1415 437 1475 ob
460 1417 628 1496 oppositam
653 1416 824 1492 rationem,
849 1413 972 1495 quando
1001 1415 1220 1572 Episcopum
1219 1371 1220 1474 l

194 1461 421 1565 matrimonium
435 1503 582 1584 prohibet.
586 1503 661 1566 Vide
677 1504 788 1566 Bened.
804 1462 869 1566 XIV
881 1503 936 1581 (De
946 1502 1039 1604 Spu,
1052 1504 1106 1565 lib.
1121 1509 1166 1580 19,

192 1591 1147 1674 8888881111)816881888118,188111.]“.888818,ἓ113.

231 1685 321 1744 1189.
344 1683 401 1742 Per
420 1681 560 1742 Ecclesiae
575 1683 706 1744 Velitum
721 1681 845 1762 intelligi
866 1681 956 1742 etiam
975 1681 1067 1744 debet
1085 1701 1166 1764 qua
1219 1735 1220 1740 ,

193 1787 325 1852 cumque
346 1769 506 1852 prohibitio
529 1771 674 1850 generalis
693 1770 812 1850 nuptias
832 1768 1047 1847 contrahendi,
1069 1789 1099 1834 v.
1123 1791 1165 1851 8.,

193 1859 306 1940 absque
333 1859 567 1940 proclamatione
591 1859 783 1933 bannorum,
807 1857 853 1920 vel
878 1857 992 1939 absque
1015 1877 1167 1921 consensu
1219 1893 1220 1908 2

193 1957 372 2028 parentum,
393 1948 439 2009 vel
461 1966 530 2009 cum
553 1947 721 2024 haereticis,
736 1947 781 2009 vel
804 1965 876 2010 cum
898 1948 1166 2010 excommunicatis

192 2036 394 2113 denuntiatis,
416 2043 486 2112 etc.;
509 2035 575 2097 ride
596 2037 750 2112 Garriere,
771 2033 926 2117 compend.
951 2035 986 2098 de
1008 2034 1165 2114 Moerim,
1219 2087 1220 2104 ,

192 2127 224 2185 8ο
249 2127 319 2187 916.
345 2127 468 2186 Vetatur
491 2125 600 2204 pariter
622 2143 660 2186 ne
684 2123 735 2186 tiat
757 2123 1010 2201 matrimonium,
1031 2127 1166 2206 primum

192 2213 323 2290 scilicet,
348 2215 459 2276 omissa
486 2213 613 2275 solemni
637 2213 865 2288 benedictione3
891 2213 943 2276 sed
962 2215 1166 2277 communiter

191 2303 373 2364 81888181).
398 2302 476 2364 8888
496 2301 692 2364 omissionem
713 2321 774 2363 non
795 2321 861 2364 esse
878 2301 916 2363 de
930 2319 962 2364 se
984 2303 1162 2380 mortalem,

193 2392 249 2452 nisi
266 2391 294 2452 id
311 2391 395 2452 tieret
408 2409 444 2452 ex
459 2397 632 2471 contemptu
648 2396 783 2454 anteum
798 2391 877 2472 gravi
892 2389 1044 2454 scandalo.

232 2483 321 2543 1190.
339 2479 486 2542 Secundae
508 2481 620 2560 nuptiae
640 2497 701 2540 non
720 2481 961 2558 benedicuntur,
982 2479 1038 2542 nisi
1062 2481 1163 2564 prinae

193 2568 1159 2650 nonluissentbenedictae:«quodsialterconiugumsituiduus,
1219 2633 1220 2646 ,

192 2681 207 2716 8
232 2659 306 2721 alter
319 2660 390 2721 verb
409 2659 522 2741 primas
544 2657 663 2757 nuptias
676 2656 807 2720 celebret
820 2665 871 2719 aut
884 2659 989 2720 saltem
1008 2667 1160 2740 nunquam
1219 2651 1220 2686 l

193 2771 206 2807 8
232 2748 322 2811 tircrit
343 2748 536 2824 benedictus,
556 2744 611 2808 etsi
627 2746 695 2825 jure
709 2746 833 2827 antiquo
853 2765 915 2808 non
935 2745 1068 2823 licuerit,
1084 2763 1158 2810 8888

193 2861 207 2896 8
233 2845 333 2898 tamen
357 2837 538 2918 quibusdam
562 2835 636 2898 18818
657 2834 844 2898 consuetudo
871 2835 961 2897 habat
987 2841 1020 2898 ut
1040 2833 1157 2898 benedi·

193 2931 348 2986 »canor
364 2947 380 2983 8
401 2928 456 3006 hp.
473 2926 505 2987 S.
530 2924 665 3006 Lignor„
681 2923 733 2986 118.
757 2927 796 2995 6,
814 2927 848 2986 81
869 2921 1220 2988 988-1181818818

194 3015 408 3094 8888811168).

233 3104 398 3163 1191-,91
415 3099 555 3202 Tempus:
568 3103 782 3166 1881868881
797 3101 879 3166 Trid.
895 3102 978 3185 (sess.
994 3105 1044 3182 91,
1057 3123 1084 3167 o.
1102 3104 1220 3176 tc),

193 3189 397 3252 solemnitates
416 3191 589 3290 nuptiarum
608 3192 806 3274 prohibentur
829 3215 845 3252 8
865 3191 903 3254 88
918 3151 1103 3256 Adventer
1121 3191 1151 3250 N
1219 3233 1220 3254 2

194 3301 209 3339 8
233 3281 262 3342 J.
282 3279 314 3342 C.
331 3281 475 3360 usquein
495 3279 574 3340 diem
595 3281 782 3362 Epiphaniae,
802 3288 832 3344 et
852 3279 957 3344 aierit
969 3283 1009 3344 lv
1023 3281 1153 3345 Cinerunt

193 3390 209 3428 8
234 3387 331 3450 usque
346 3369 376 3430 18
392 3371 531 3431 Octavam
545 3369 697 3432 Paschatis
709 3370 864 3433 inclusive
878 3393 894 3430 8

234 3461 295 3520 Neo
316 3459 347 3518 in
362 3457 491 3540 praetatis
512 3457 620 3538 verbis,
641 3475 698 3521 nec
720 3459 752 3520 in
763 3460 831 3539 jure
847 3459 1003 3523 communi
1017 3457 1154 3524 invenitur

195 3547 292 3626 8888,
308 3552 444 3630 tempore
463 3547 571 3626 vetito,
592 3547 755 3627 ipsummet
771 3549 1017 3630 matrimonitun,
1036 3546 1152 3626 autcjus
