2420 3968
371 223 456 270 xxaan
477 223 634 270 succubus,
927 209 984 269 coa

47 329 105 391 pus,
118 314 165 378 sed
177 336 243 382 cum
249 319 329 400 justu
341 325 431 386 canat
447 341 454 383 :
471 321 623 386 sufficiens
636 327 739 386 autem
752 325 831 386 esset
844 339 951 398 causa,
963 322 988 384 si

46 399 205 469 dubitaretur
217 407 253 472 de
266 410 373 474 morali
387 412 564 493 impotentia
577 411 689 474 clerici.
709 415 811 476 Potest
823 411 913 474 etiam
927 409 988 472 die·

46 507 152 569 pensare
168 495 297 562 Vicarius
315 501 487 578 Generalis,
504 501 529 563 si
549 500 728 565 mandatum
741 501 870 587 speciale
882 498 991 564 babeat

46 577 77 638 ab
87 580 230 669 Episcopo.
248 589 293 670 (S.
309 589 444 672 arguor..
459 589 513 654 lib.
529 595 567 669 d,
583 592 713 674 artua.)

462 784 481 864 a
501 785 551 846 vx.

171 933 303 1011 Qualiter
312 938 372 1000 reci
374 937 492 1002 tondum
501 941 542 1002 ait
554 939 688 1003 divinum
704 940 841 1024 officiam}

74 1107 152 1170 ttae.
172 1111 259 1177 Horra
280 1113 435 1178 canonice
453 1113 614 1178 recitandae
633 1123 704 1180 sunt
725 1135 733 1178 ε
755 1121 785 1178 1ο
801 1117 886 1196 juxta
898 1115 991 1180 ritum

43 1189 172 1274 debitum;
192 1203 225 1269 2⁰,
238 1199 396 1280 vocaliter,
415 1201 531 1284 integre
550 1209 579 1266 et
601 1203 758 1282 distincte;
781 1209 812 1268 3⁰
831 1205 991 1284 continue,

43 1282 157 1350 ordinate
169 1307 204 1352 ae
215 1297 351 1372 tempore
365 1291 486 1369 debito;
500 1295 534 1354 d⁰
548 1295 658 1356 attente
672 1301 701 1358 et
714 1294 830 1357 devote.

74 1376 232 1440 illd—l.
246 1379 374 1442 Recitari
384 1378 495 1443 debent
502 1382 587 1461 J'uxta
597 1383 689 1445 ritum
699 1383 844 1454 deditum,
865 1373 990 1467 proinde
1031 1383 1034 1390 '

40 1468 107 1536 Juxta
123 1464 297 1530 breviarium
320 1486 498 1548 romanum,
519 1469 576 1532 nisi
597 1471 665 1554 quis
688 1472 725 1534 de
748 1472 806 1536 hoo
824 1472 991 1554 legitimam

40 1547 273 1724 gibpepmfi‘mem
297 1557 479 1638 obtinuerit,
502 1565 594 1642 prout
616 1560 747 1624 vidimus
771 1580 862 1643 supra
886 1563 991 1643 (5052,

70 1729 177 1815 lisquae
198 1754 293 1818 supra
313 1735 445 1798 diximus
461 1735 500 1798 de
522 1735 703 1816 obligatione
726 1737 828 1800 utendi
847 1737 993 1799 breviario

39 1835 162 1902 romano,
184 1824 264 1888 adde
287 1824 369 1908 qudd
388 1825 472 1904 juxta
494 1825 673 1887 sententiam
696 1825 937 1887 communiorem
957 1825 993 1886 sit

38 1906 160 1990 obligatio
173 1914 229 1977 sub
249 1913 346 1996 gravi,
365 1911 457 1975 etiam
477 1919 559 1975 extra
573 1912 700 1974 chorum
714 1912 858 1975 recitandi
877 1913 994 1974 litanias

39 1995 198 2066 Sanctorum
211 2003 322 2066 diebus
342 2003 374 2066 S.
398 2001 490 2064 Marci
511 2008 540 2064 et
559 2003 786 2084 Rogationem:
805 2002 845 2064 ita
858 2007 893 2064 nt
907 1999 936 2062 S.
954 2003 990 2063 a.

40 2085 129 2170 tongr.
144 2091 340 2156 declaraverit
356 2091 470 2171 eosqui
487 2109 549 2153 non
564 2091 729 2154 cecinerint
741 2089 816 2154 dum
832 2091 994 2153 intererant

41 2181 219 2260 processioni,
237 2180 332 2244 teneri
351 2178 469 2242 litanias
481 2179 582 2243 dicere
595 2179 735 2262 privatim
745 2201 754 2259 ;
776 2181 880 2263 plures
892 2186 993 2242 tamen

39 2277 133 2348 degant
144 2270 252 2334 adesse
262 2269 341 2332 banc
356 2287 475 2351 gravem
488 2269 723 2351 obligationem:
739 2277 768 2334 et
780 2270 850 2333 licet
864 2288 925 2332 non
939 2287 993 2332 au·

38 2351 218 2424 leutitiorum
234 2359 410 2442 opinionem
424 2358 654 2440 improbabilem
667 2358 778 2439 dicere,
788 2361 820 2422 S.
835 2358 996 2439 Liguorius

37 2447 123 2509 tamen
144 2450 278 2531 primam
296 2447 476 2510 sententiam
496 2449 593 2529 magis
613 2448 777 2529 approbat,
797 2448 869 2529 quia
882 2447 995 2526 ubique

37 2532 104 2615 riget
115 2537 304 2602 consuetudo
318 2537 436 2600 litanias
454 2536 486 2598 in
499 2534 586 2598 dietis
599 2535 707 2598 diebus
720 2534 875 2600 recitandi.
890 2535 932 2612 (S.
950 2534 997 2594 Li-

37 2641 124 2704 guor,
139 2627 193 2690 lib.
209 2633 242 2704 d,
255 2631 290 2690 n⁰
301 2627 381 2703 161.)

69 2717 153 2779 5111.
175 2720 267 2781 Juxta
284 2715 374 2778 etiam
395 2714 576 2777 sententiam
601 2713 760 2790 veriorem,
784 2717 830 2775 est
854 2709 996 2792 obligatio

37 2803 167 2870 recitandi
182 2805 317 2870 officium
330 2802 542 2867 defunctorum
552 2802 584 2867 in
597 2800 647 2865 die
657 2819 763 2865 eorum
775 2802 998 2863 Commemora-

37 2889 146 2960 rioais2
161 2893 334 2958 novembris
356 2913 364 2953 :
380 2899 410 2954 et
421 2891 480 2958 boc
493 2909 531 2954 ex
543 2891 693 2954 constanti
709 2896 740 2954 et
753 2888 912 2954 universali
926 2905 998 2963 con·

35 2981 196 3047 suetudine.
214 2985 245 3045 S.
261 2983 382 3064 Liguor.
397 2979 591 3060 (ibt—Vide
606 2981 697 3042 etiam
710 2981 747 3042 b.
764 2978 872 3058 Bouix,
884 2978 929 3042 De
944 2977 999 3042 Cn-

35 3068 132 3151 piat,
145 3093 178 3155 p.
194 3075 272 3152 3ll,
287 3070 339 3152 qui
353 3087 415 3132 non
428 3067 544 3132 videtur
557 3067 636 3131 berre
649 3068 829 3132 intellexisse
842 3068 875 3130 s
890 3067 990 3150 Ligno

35 3173 118 3222 num.
456 3221 459 3228 ,

69 3253 157 3314 aleb.
180 3251 239 3312 Hic
252 3247 380 3331 expendi
389 3253 486 3330 potest
497 3251 623 3328 quaestio
636 3247 675 3309 ab
684 3247 855 3310 auctoribus
868 3247 997 3311 multum

35 3337 157 3418 agitata,
180 3355 222 3401 an
241 3337 354 3402 seilicet
374 3340 476 3418 posset
495 3335 657 3417 aliquando
670 3335 806 3399 satisfieri
825 3335 998 3418 obligationi

33 3423 118 3490 horas
136 3429 301 3490 canonicas
323 3423 487 3500 recitandi,
512 3424 657 3488 mutando
680 3423 811 3488 officium
833 3427 999 3508 unicuique

35 3512 90 3576 diei
106 3517 305 3598 assignatum.

72 3608 104 3666 1ο
117 3607 243 3668 Certum
257 3611 302 3668 est
317 3621 379 3665 non
393 3602 436 3665 sic
449 3619 567 3684 semper
580 3619 668 3683 posse
682 3602 817 3665 satisfieri
835 3619 842 3661 :
858 3599 998 3662 damnata
