2452 3946
162 113 219 177 138
403 124 541 172 uanuaua
560 123 662 170 tonus
682 123 764 170 mars
786 123 935 172 ornemur.

163 247 178 284 a
202 213 225 287 si
239 226 288 288 iile
307 229 407 306 posset
421 221 578 284 materiam
592 225 704 284 certam
718 221 756 282 de
770 223 828 282 vita
842 227 978 286 anteacta
993 223 1138 305 prebere.

203 335 218 373 a
242 313 410 388 Caeterbm,
425 312 497 372 obn
512 310 662 391 poenitens
683 327 742 372 non
766 307 817 372 dat
830 311 987 373 materiam
1004 321 1140 392 certam,

164 425 179 462 n
206 421 265 464 non
281 409 401 463 tenetur
414 398 614 460 confessarius
627 416 694 460 earn
709 399 867 480 exquirere
878 400 1072 478 alansone,
1086 419 1142 464 neo

165 512 181 551 a
205 497 325 553 tenetur
337 488 490 554 absolvere
503 487 560 550 sub
569 485 752 550 conditione.
765 509 780 546 a
794 489 877 550 ltaS.
894 489 1029 570 Lignea,
1047 488 1141 566 libb,

166 591 201 642 n⁰
214 584 283 642 432.

207 671 297 733 3786.
319 669 488 732 Commune
510 671 556 728 est
579 669 737 747 peecatum
760 683 825 728 esse
852 667 977 729 mortale
1001 667 1145 730 adminie

168 766 246 820 trare
260 759 451 820 Sacramenta
470 773 540 818 cum
560 753 653 816 dubio
672 754 813 832 effectus,
829 755 853 817 si
875 774 937 817 non
959 755 1034 818 adsit
1053 775 1144 820 causa

170 847 351 909 necessitatis
365 845 409 908 vel
422 843 518 925 gravis
531 843 676 906 utilitatis.
694 843 803 924 Siquis
818 845 888 904 uerd
899 843 1039 923 judicans
1052 846 1145 928 poeni·

168 941 281 996 tentem
296 953 360 998 esse
374 933 570 1016 dispositum,
587 949 657 994 eum
670 938 772 994 tamen
788 933 844 994 sub
858 932 1030 996 conditione
1045 934 1144 997 absol-

170 1031 261 1098 ueret,
277 1023 425 1085 dicendo:
442 1021 509 1101 Epo
522 1020 691 1096 teobaldo,
707 1021 734 1082 si
745 1021 900 1104 dispositus
913 1041 956 1092 es,
976 1041 1036 1086 non
1052 1041 1143 1087 exeu-

170 1120 285 1174 saretur
307 1111 429 1194 quidem
450 1113 468 1172 b
488 1110 578 1191 culpa
604 1111 681 1180 levi,
699 1111 769 1172 cbm
796 1117 897 1194 ageret
921 1119 1026 1174 contra
1052 1113 1145 1176 ritum

170 1201 330 1278 Ecclesiae,
348 1199 400 1261 sed
421 1201 502 1261 certe
528 1217 599 1260 eum
626 1218 686 1261 non
707 1218 832 1282 peccaro
853 1201 1018 1264 mortaliter
1040 1201 1146 1265 dicunt

171 1289 321 1368 Tournely
335 1295 365 1349 et
379 1288 552 1350 Salmantic.
566 1288 607 1367 (S.
624 1289 761 1370 bigam„
778 1289 829 1350 lib.
844 1293 878 1366 6,
895 1293 1003 1369 mas).

210 1377 303 1438 blulta
317 1377 374 1438 alia
387 1375 437 1439 hic
450 1383 550 1439 essent
562 1375 700 1440 addenda
713 1377 792 1439 circa
808 1387 1030 1442 sacramentum
1048 1383 1146 1446 l’oeni·

170 1465 291 1526 tentiae:
308 1464 359 1526 sed
370 1465 440 1546 quia
450 1466 488 1528 ad
502 1467 667 1528 Moralistas
676 1466 741 1529 haec
754 1467 921 1548 specialiter
930 1469 1082 1550 pertinent
1092 1519 1100 1548 ‚
1111 1471 1147 1532 ad

172 1571 223 1614 eos
244 1553 443 1631 remittimus;
468 1555 535 1617 uide
561 1556 727 1636 praesertim
754 1557 784 1616 S.
809 1557 931 1638 Lignor.
956 1559 1023 1620 Jarn
1044 1569 1147 1624 autern
1207 1585 1208 1642 p

171 1642 266 1704 multa
279 1641 411 1706 diximus
425 1645 504 1706 circa
515 1645 763 1727 approbationem
778 1653 808 1707 et
818 1646 1058 1726 jurisdictionem
1074 1669 1148 1712 con·
1207 1651 1208 1674 l

172 1729 302 1793 tessariis
330 1733 550 1811 necessariam,
580 1736 640 1794 tinn
656 1751 710 1815 pro
729 1737 883 1798 reservatis
903 1739 995 1818 quam
1012 1756 1068 1820 pro
1083 1741 1148 1802 aliis

173 1820 312 1900 peccatis.
329 1822 404 1883 Vide
418 1841 507 1904 supra
520 1821 556 1884 de
576 1822 771 1904 confessario.

213 1909 356 1979 Quaedam
371 1914 487 1974 tantiam
506 1911 556 1973 hio
572 1911 781 1992 subjiciemus,
798 1911 836 1976 ad
851 1922 985 1980 nostrum
1010 1919 1149 1983 Manuale

173 1997 269 2146 mappa
293 1997 486 2077 pertinentia,
510 2006 563 2061 aut
587 2003 683 2082 magis
705 2003 737 2064 in
757 2005 934 2070 memoriam
958 2011 1146 2090 reuocanda5

173 2101 215 2146 un
262 2101 272 2146 t

599 2251 681 2318 ant.
703 2255 726 2320 l.

530 2399 568 2444 na
588 2397 792 2452 cournrrroua.

214 2529 304 2590 star.
329 2528 471 2593 Absolute
490 2533 656 2595 necessaria
669 2541 715 2596 est
728 2537 891 2618 contritio,
907 2544 1010 2607 saltem
1035 2547 1147 2634 imper·

173 2609 267 2695 loeta,
291 2633 347 2699 pro
368 2617 517 2682 validitate
537 2621 751 2687 absolutionis:
772 2627 810 2689 ad
831 2631 912 2710 quod
930 2635 1147 2702 attendendum

17 2765 29 2792 Α
173 2705 262 2768 etiam
277 2706 398 2788 quando
410 2709 471 2772 sola
486 2709 667 2774 confitentur
676 2715 815 2796 venialia,
832 2720 902 2782 cbm
914 2719 998 2785 facile
1008 2725 1045 2786 sit
1058 2726 1098 2790 de
1114 2729 1147 2791 iis

17 2801 28 2846 ³5.
177 2810 235 2857 uon
254 2797 323 2857 verb
346 2795 467 2874 dolere,
482 2797 601 2862 delectu
614 2801 723 2864 sinceri
739 2807 882 2888 propositi
897 2827 928 2872 se
943 2813 1125 2878 emendandi
1138 2838 1145 2894 ;

96 2883 99 2888 '
177 2883 300 2966 proinde
320 2883 538 2948 absolutionem
557 2889 725 2970 praeoedere
738 2893 829 2957 debet
848 2900 1005 2979 contriti03
1021 2922 1061 2966 an
1076 2909 1147 2970 vend

175 2972 263 3034 etiam
277 2971 497 3036 contessionem
512 2979 680 3056 precedere
698 2980 824 3063 debeat,
838 2991 1040 3053 communiter
1058 3013 1147 3078 nega-

175 3063 232 3135 tur,
247 3065 379 3120 attamen
394 3061 542 3125 consessio
555 3065 645 3128 debet
658 3087 723 3132 esse
733 3071 834 3156 aliquo
853 3077 943 3139 modo
953 3079 1103 3162 dolorosa,
1118 3093 1147 3152 et

17 3197 21 3212 ,
175 3163 337 3298 nomem
355 3159 549 3230 peccatorum
569 3159 709 3222 narratio.
730 3161 805 3226 Vide
820 3165 852 3228 S.
873 3167 1008 3252 ugron,
1029 3171 1083 3238 lib.
1105 3181 1144 3258 6,
1205 3241 1206 3258 p

21 3267 51 3288 ,i
175 3242 207 3292 n⁰
284 3282 292 3298 .
1205 3283 1206 3302 a

213 3326 302 3386 3788.
319 3326 464 3392 contritio
485 3329 659 3398 delinitura
682 3338 816 3406 Concilio
829 3345 962 3412 Trident.
987 3351 1072 3429 (sess.
1097 3357 1144 3435 lt,
1205 3349 1206 3428 l

37 3469 42 3482 ‚
174 3414 276 3493 e.4.):
297 3417 423 3479 adnimi
434 3419 530 3496 dolor,
539 3441 575 3486 ao
585 3424 778 3494 detestatio...
791 3433 828 3496 de
838 3445 961 3516 peccato
971 3444 1144 3522 commisso,

27 3557 62 3614 Α
175 3519 189 3558 ι
213 3519 285 3563 cum
299 3507 452 3587 proposito
467 3527 529 3571 non
544 3516 689 3592 peccandi
701 3518 739 3581 de
752 3531 872 3587 caetero.
888 3549 904 3586 a
